2634 3853
1023 180 1294 224 EXPoSlTlo
1326 183 1377 224 IN
1407 182 1520 223 CAP.
1552 180 1621 221 VI.

260 275 328 316 vel
345 273 523 314 aliorum
541 269 798 311 defensione.
821 270 938 311 Unde
956 269 1111 310 Paulus
1130 272 1141 292 ¹
1167 272 1286 323 petiit

262 345 433 394 milites,
451 345 499 383 ut
518 342 674 382 illaesus
694 345 949 383 servaretur.
974 340 1091 382 Unde
1111 342 1283 393 Augus-

257 416 392 464 tinus,
409 413 546 467 primo
559 413 611 453 de
627 413 816 456 Civitate
834 413 926 462 Dei,
949 423 1165 463 exponens
1182 413 1285 453 illud

256 487 513 538 praeceptum
526 483 674 526 Eoeodz·
695 486 708 507 ²
732 498 741 524 ι
773 498 791 521 (1
811 482 903 523 Non
924 482 1103 533 occides,
1125 498 1143 520 1)
1163 484 1286 537 dicit3

257 555 371 608 quod
403 557 550 596 contra
582 555 661 595 hoc
689 555 947 606 praeceptum
977 564 1063 592 non
1095 553 1286 594 fecerunt

256 627 331 681 qui
350 627 432 668 Deo
454 629 624 668 auctore
644 625 751 666 bella
771 626 1020 676 gesserunt,
1044 626 1119 664 aut
1139 637 1285 676 perso-

256 711 356 739 nam
379 700 574 750 gerentes
594 696 774 749 publicae
793 695 1027 748 potestatis,
1050 696 1284 736 secundum

256 771 348 822 ejus
366 769 505 821 leges,
526 769 607 809 hoc
629 769 691 808 est
716 765 965 818 justissimae
997 766 1173 806 rationis
1202 767 1283 806 im-

256 840 449 893 perium,
481 839 701 880 sceleratos
735 839 870 877 morte
898 837 1144 889 punierunt.
1168 836 1286 878 Unde

256 925 393 954 canon
412 912 426 934 ¹'
459 911 588 962 dicit,
626 913 668 951 et
702 912 764 950 est
797 909 978 949 verbum
1008 908 1282 950 Ambrosii⁵t

262 999 281 1022 (ι
300 983 539 1033 Fortitudo,
561 994 659 1036 quae
674 981 744 1022 vel
760 980 868 1020 bello
888 982 1032 1020 tuetur
1050 992 1075 1020 a
1093 981 1286 1021 barbaris

256 1054 458 1108 patriam,
489 1054 559 1095 vel
588 1052 703 1094 domi
722 1051 907 1092 defendit
932 1051 1148 1100 infirmos,
1171 1052 1238 1093 vel
1261 1065 1286 1092 a

255 1125 489 1167 latronibus
522 1125 680 1174 socios,
709 1123 833 1176 plena
854 1123 1030 1176 justitiae
1062 1126 1137 1164 est.
1163 1138 1182 1161 ›>
1205 1124 1287 1164 Ista

255 1199 465 1250 praecepta
498 1195 711 1249 patientiae
748 1196 848 1234 sunt
877 1205 1045 1246 semper
1074 1195 1119 1234 in
1150 1195 1285 1235 cordis

255 1266 561 1320 praeparatione
589 1265 839 1315 continenda
861 1279 870 1305 z
891 1264 980 1317 ipsa
1001 1276 1186 1317 namque
1213 1266 1285 1306 be-

254 1337 514 1387 nevolentia,
536 1348 589 1377 ne
621 1335 819 1376 reddatur
853 1335 1014 1375 malum
1042 1347 1118 1387 pro
1144 1336 1256 1377 malo
1273 1369 1282 1387 ,

254 1419 421 1460 semper
435 1407 479 1446 in
497 1406 695 1447 cordibus
712 1405 929 1447 voluntate
943 1406 1190 1458 complenda
1208 1409 1282 1446 est.

253 1478 433 1530 Agenda
460 1479 604 1518 autem
635 1479 734 1518 sunt
762 1476 894 1517 multa
922 1488 1021 1516 cum
1046 1476 1190 1517 invitis
1211 1478 1282 1518 be-

253 1549 389 1600 nigna
417 1548 599 1601 quadam
633 1547 856 1600 asperitate
893 1547 1142 1599 plectendis,
1176 1559 1282 1600 quo-

256 1633 353 1660 rum
373 1619 513 1672 potius
533 1622 594 1660 est
615 1619 784 1660 utilitati
809 1618 1130 1670 consulendum,
1155 1632 1284 1671 quam

254 1690 479 1731 voluntati.
502 1688 571 1730 Sic
590 1689 724 1741 igitur
743 1689 1068 1741 intelligendum
1089 1693 1151 1730 est
1169 1703 1286 1730 man-

252 1762 400 1803 datum
419 1761 469 1802 de
488 1761 726 1802 exhibenda
745 1760 945 1813 patientia
968 1760 1189 1812 injurianti
1205 1761 1284 1813 ipsi

250 1845 458 1886 personae.
481 1832 733 1873 Exhibeuda
753 1834 814 1872 est
844 1831 1043 1884 patientia
1066 1832 1193 1872 etiam
1215 1833 1279 1872 in-

246 1903 430 1956 jUrianti
460 1903 504 1942 in
528 1915 575 1942 re
596 1914 811 1955 possessa3
835 1905 1005 1954 propter
1025 1903 1138 1954 quod
1164 1904 1281 1944 addi-

251 1978 322 2015 tur
343 1987 353 2015 :
374 1975 429 2016 Et
448 1974 498 2016 ab
515 1984 579 2024 eo,
600 1973 677 2026 qui
695 1974 837 2025 aufert
856 1972 938 2015 tibi
960 1974 1279 2025 vestimentum,

253 2045 406 2086 scilicet
425 2045 614 2086 exterius
642 2056 717 2096 per
745 2044 970 2096 injuriam,
998 2044 1107 2085 sicut
1139 2045 1201 2084 illi
1230 2045 1281 2086 de

248 2115 403 2169 quibus
431 2116 491 2156 ait
515 2115 591 2157 Job
609 2115 622 2137 ⁶
644 2127 654 2156 ε
678 2129 697 2153 (1
730 2114 872 2155 Nudos
899 2115 1118 2156 dimittunt
1147 2116 1281 2157 homi-

246 2199 344 2238 nes,
376 2187 625 2227 indumenta
655 2185 848 2226 tollentes
870 2217 880 2234 ,
911 2186 1066 2239 quibus
1100 2199 1186 2228 non
1218 2191 1280 2229 est

247 2258 557 2312 operimentum
587 2257 633 2297 in
663 2257 837 2308 frigore.
871 2271 890 2294 1)
927 2256 978 2297 Εῖ
1006 2257 1203 2299 Michaeas
1224 2259 1237 2280 ⁷
1266 2275 1274 2300 :

253 2345 273 2368 «
310 2329 497 2382 Desuper
532 2328 721 2369 tunicam
759 2327 937 2380 pallium
974 2329 1216 2370 sustulistis.
1253 2346 1271 2368 n

247 2399 337 2440 Tali
366 2400 425 2439 sic
455 2397 677 2451 inJurianti
705 2397 945 2438 exhibenda
965 2402 1027 2438 est
1046 2400 1273 2451 patientia,

242 2471 359 2512 unde
377 2470 518 2511 subdit
537 2484 547 2510 ε
565 2470 710 2512 Etiam
727 2471 922 2512 tunicam
937 2470 1027 2512 11011·
1042 2471 1272 2524 prohibere,

245 2542 400 2583 scilicet
417 2541 617 2591 rixando,
640 2541 710 2582 vel
727 2541 1063 2593 contradicendo,
1080 2545 1275 2596 exemplo

247 2614 495 2665 Salvatoris,
510 2614 562 2654 de
582 2625 667 2666 quo
686 2613 730 2653 in
747 2613 917 2656 Psalmo
931 2614 944 2635 ⁸
964 2628 972 2654 :
996 2629 1015 2653 «
1035 2614 1274 2658 Diviserunt

244 2685 324 2725 sibi
343 2685 596 2726 vestimenta
619 2695 736 2735 mea,
755 2698 774 2722 1)
796 2687 872 2725 etc.
881 2699 891 2734 ;
915 2685 1007 2725 sine
1027 2698 1273 2739 repugnan—

243 2756 304 2796 tia
332 2755 486 2796 scilicet
518 2757 559 2796 et
588 2754 929 2796 contradictione.
963 2755 1010 2795 In
1039 2756 1118 2797 hoc
1144 2758 1272 2799 etiam

243 2827 441 2868 mandato
461 2825 787 2878 intelligendum
815 2828 900 2876 est,
927 2826 1144 2878 prohiberi
1171 2840 1268 2870 con-

241 2897 473 2938 tentionem
502 2896 572 2938 vel
599 2896 819 2937 libidinem
862 2896 1115 2938 vindicandi.
1155 2898 1270 2941 Unde

242 2967 510 3019 Augustinus
529 2967 582 3008 ad
599 2966 891 3008 Marcellinum
913 2966 926 2988 ⁹
948 2980 957 3007 t
989 2981 1007 3005 α
1027 2967 1270 3011 Cavendum

242 3040 305 3077 est
327 3050 381 3078 ne
395 3039 639 3080 vindicandi
670 3037 898 3091 cupiditate
930 3038 1150 3080 amittatur
1179 3041 1269 3093 ipsa

241 3106 470 3159 patientia:
494 3120 591 3162 quae
619 3108 753 3161 pluris
786 3108 978 3148 habenda
1007 3112 1102 3161 est,
1137 3124 1267 3164 quam

242 3188 367 3217 omne
384 3178 544 3219 bonum
558 3210 569 3229 ,
587 3180 700 3233 quod
724 3182 859 3233 potest
877 3179 1075 3221 inimicus
1095 3181 1266 3225 inimico

282 3284 293 3304 ¹
320 3282 407 3320 Act„
438 3292 546 3326 xxm,
576 3288 611 3317 17
641 3289 675 3318 et
705 3296 776 3328 seq.
802 3304 843 3309 —
871 3288 881 3306 ²
901 3287 1023 3328 Emori„
1054 3297 1117 3329 xx,
1152 3294 1199 3326 13.
1225 3314 1265 3321 -

241 3329 252 3348 ³
271 3330 373 3370 Aug„
391 3329 430 3361 de
449 3331 548 3364 Civit.
570 3333 649 3373 Dei,
669 3333 728 3364 lib.
748 3334 775 3374 l,
795 3343 825 3366 c.
846 3342 919 3365 xxl.
940 3353 976 3357 —
998 3336 1011 3357 Β
1029 3343 1135 3378 xxiii,
1155 3348 1188 3380 q.
1210 3349 1262 3382 111,

241 3386 269 3409 c.
296 3376 481 3408 Fortitudo.
506 3395 548 3402 -
573 3379 586 3400 ⁵
614 3381 747 3420 Ambr.,
769 3381 808 3412 de
834 3381 939 3422 Offia,
959 3383 1018 3414 lib.
1048 3384 1076 3423 Ι,
1101 3393 1130 3416 c.
1152 3395 1263 3431 xxvn,

240 3432 275 3454 n.
299 3424 368 3455 1129.
388 3441 428 3447 —
447 3425 459 3443 ‘⁵
477 3425 546 3465 Job,
571 3433 664 3467 ΧΧιν,
685 3429 714 3458 7.
737 3445 776 3450 —
803 3429 812 3446 '¹
833 3429 947 3469 Mz'clz„
968 3437 1007 3469 11,
1029 3432 1059 3462 8.
1080 3448 1119 3454 ——
1139 3433 1153 3454 ⁸
1171 3435 1260 3469 Psal.

240 3477 312 3511 xxi,
332 3473 380 3503 19.
396 3488 436 3494 -
451 3473 462 3491 ⁹
477 3476 577 3513 Aug,
589 3473 634 3504 acl
647 3474 847 3515 Marcellin„
865 3476 963 3517 epist.
981 3486 1012 3518 v,
1030 3478 1072 3510 al.
1091 3489 1258 3522 cumin,

2308 184 2383 222 375

1360 272 1538 312 auferre,
1560 285 1580 309 »
1606 271 1652 311 In
1683 281 1851 310 summa
1879 269 1951 309 hic
1980 269 2210 309 tenendum
2239 272 2301 308 est
2332 269 2384 310 de

1359 345 1568 395 praecepto
1600 339 1811 394 patientiae
1831 371 1842 390 ,
1874 339 1987 391 quod
2016 349 2103 378 non
2135 338 2384 389 prohibetur

1358 413 1428 453 hic
1467 412 1674 464 correptio
1711 409 1922 463 proximi,
1954 421 2029 449 seu
2062 408 2280 461 impeditio
2317 409 2387 449 vel

1358 485 1583 537 prohibitio
1605 484 1730 532 mali,
1753 482 1820 524 vel
1849 481 2013 535 punitio
2044 480 2211 520 sceleris
2242 492 2385 532 perpe-

1359 555 1474 603 trati,
1497 555 1549 594 ab
1577 567 1625 594 eo
1645 554 1718 606 qui
1743 556 1877 606 potest
1905 555 1946 593 et
1976 552 2097 592 debet
2123 551 2356 604 praepedire
2374 583 2383 601 ,

1359 625 1597 677 cujusmodi
1627 627 1688 664 est
1717 624 1825 676 legis
1854 623 2072 673 minister3
2098 622 2169 662 sed
2194 621 2388 674 prohibe-

1358 699 1428 736 tur
1459 699 1500 736 et
1531 695 1750 735 cohibetur
1781 695 1851 734 hic
1884 693 2113 734 ulciscendi
2147 692 2276 733 libido
2301 724 2312 743 ,
2347 695 2388 732 et

1359 769 1567 819 quantum
1599 765 1651 805 ad
1682 777 1884 814 manum,
1918 766 1957 804 et
1986 766 2195 816 quantuni
2224 763 2276 803 ad
2296 763 2386 815 sig-

1359 849 1489 886 num,
1523 839 1563 877 et
1597 839 1806 889 quantum
1842 835 1895 874 ad
1927 835 2133 874 animum.
2167 833 2286 874 Unde
2318 834 2387 873 hic

1360 908 1473 948 addit
1492 906 1764 959 Evangelista
1780 918 1907 958 super
1925 905 2064 957 legem
2079 936 2088 953 ,
2110 916 2239 957 quam
2259 904 2384 956 perfi-

1360 979 1414 1019 cit
1435 981 1474 1019 et
1496 980 1761 1019 consummat
1779 977 2013 1018 secundum
2034 975 2296 1029 spiritualem
2314 975 2385 1014 in-

1359 1051 1654 1102 telligentiam.

1413 1122 1549 1174 Supra
1581 1122 1671 1173 egit
1702 1122 1752 1162 de
1780 1120 1977 1161 mandato
1998 1117 2324 1167 benevolentiae,
2347 1120 2389 1157 et

1360 1195 1409 1235 de
1430 1194 1627 1234 mandato
1656 1193 1892 1245 patientiae;
1916 1191 1984 1231 hic
2018 1190 2139 1232 tertio
2167 1191 2238 1231 dat
2265 1201 2388 1230 man-

1359 1265 1505 1305 datum
1537 1265 1588 1305 de
1617 1266 1800 1317 perfecta
1829 1263 2127 1312 beneficentia,
2157 1274 2255 1302 cum
2285 1262 2388 1302 sub·
2452 1274 2546 1319 Bepa-

1355 1336 1503 1388 J'ungit
1525 1336 1535 1388 (
1554 1348 1596 1376 v.
1622 1339 1670 1376 30
1691 1337 1701 1382 1
1726 1350 1735 1375 2
1762 1335 1886 1376 0111111·
1912 1339 2050 1376 autem
2069 1334 2232 1386 petenti
2254 1336 2291 1375 te
2314 1333 2388 1374 tri·
2407 1315 2534 1342 fimum·

1361 1408 1450 1448 bue.
1476 1407 1563 1447 Hoc
1592 1410 1654 1446 est
1684 1407 1932 1447 mandatum
1962 1404 2160 1456 generale
2193 1406 2388 1456 respectu

1360 1478 1499 1519 omnis
1530 1489 1741 1530 personae,
1763 1480 1804 1517 et
1836 1476 1974 1517 omnis
2006 1476 2114 1526 dati,
2148 1475 2237 1516 sive
2268 1475 2388 1515 obse-

1360 1550 1476 1604 quii,
1510 1550 1599 1589 sive
1641 1549 1802 1600 mutui,
1837 1548 1926 1588 sive
1964 1547 2138 1588 alterius
2176 1547 2384 1588 muneris.

1359 1622 1429 1663 Est
1450 1622 1646 1674 proximo
1675 1621 1863 1661 dandum
1891 1632 2050 1660 munus
2081 1619 2302 1660 exterioris
2329 1631 2390 1659 re-

1358 1693 1600 1742 levationis,
1625 1692 1860 1732 secundum
1884 1690 1987 1731 illud
2008 1691 2060 1730 ¹⁰:
2091 1706 2109 1728 c<
2126 1690 2218 1742 Ego
2244 1690 2389 1743 praeci-

1359 1765 1427 1817 pio
1449 1763 1538 1812 tibi,
1565 1766 1612 1803 ut
1632 1763 1796 1815 aperias
1816 1774 1995 1802 manum
2019 1761 2137 1801 fratri
2156 1765 2229 1801 tuo
2249 1773 2387 1812 egeno

1359 1839 1398 1876 et
1429 1835 1618 1888 pauperi.
1641 1849 1659 1871 ›>
1686 1835 1735 1875 Et
1768 1835 1811 1874 in
1839 1833 1989 1875 Exodo
2016 1833 2042 1854 ¹¹
2073 1847 2081 1873 z
2111 1848 2130 1871 (‹
2158 1832 2201 1873 Si
2230 1833 2388 1873 videris

1358 1906 1525 1947 asinum
1546 1906 1724 1946 odientis
1762 1908 1802 1945 te
1835 1907 1974 1957 Jacere
2008 1904 2087 1945 sub
2119 1916 2273 1955 onere,
2301 1917 2385 1945 non

1358 1978 1656 2032 pertransibis,
1690 1978 1761 2019 sed
1793 1977 2034 2018 sublevabis
2059 1988 2155 2017 cum
2179 1987 2243 2017 eo.
2269 1990 2288 2013 1)
2314 1976 2387 2016 Ε5ῖ

1357 2055 1397 2091 et
1426 2061 1586 2091 munus
1617 2050 1797 2089 internae
1818 2047 2118 2100 compassionis
2147 2047 2176 2068 ¹²
2204 2060 2212 2087 :
2242 2046 2385 2088 «Cum

1356 2121 1555 2162 effuderis
1590 2120 1791 2161 esurienti
1823 2119 2012 2159 animam
2044 2122 2191 2168 tuam,
2225 2120 2265 2158 et
2294 2118 2386 2158 ani-

1356 2205 1471 2233 mam
1492 2193 1689 2233 afssictam
1704 2191 1948 2244 repleveris,
1965 2191 2126 2231 orietur
2140 2190 2184 2230 in
2200 2190 2384 2231 tenebris

1353 2264 1428 2305 lux
1456 2267 1548 2315 tua,
1571 2267 1610 2304 et
1639 2264 1824 2304 tenebrae
1853 2266 1940 2303 tuae
1971 2265 2097 2303 erunt
2129 2262 2236 2303 sicut
2264 2261 2383 2302 meri-

1354 2336 1455 2376 dies,
1485 2352 1503 2373 »
1538 2336 1589 2376 Et
1607 2337 1659 2377 ad
1681 2336 1938 2378 Colossenses
1970 2335 1997 2356 ¹²³
2020 2349 2028 2375 z
2054 2348 2072 2372 «
2097 2334 2258 2375 Induite
2278 2345 2353 2375 vos
2369 2366 2378 2384 ,

1352 2406 1460 2447 sicut
1494 2407 1611 2448 electi
1650 2407 1740 2455 Dei,
1776 2406 1906 2446 sancti
1942 2409 1981 2446 et
2018 2406 2186 2456 dilecti,
2220 2405 2382 2445 viscera

1353 2477 1672 2528 misericordiae,
1707 2477 2038 2528 benignitatem,
2069 2476 2378 2524 humilitatem,

1352 2548 1622 2597 modestiam,
1649 2548 1892 2600 patientiam
1909 2580 1919 2598 ,
1952 2550 2247 2600 supportantes
2272 2547 2381 2587 invi-

1350 2631 1440 2659 cem
1455 2652 1464 2670 ,
1488 2622 1528 2660 et
1548 2620 1749 2660 donantes
1780 2619 2113 2671 vobismetipsis,
2137 2620 2172 2660 si
2192 2619 2286 2671 quis
2309 2618 2380 2659 ad-

1349 2704 1498 2732 versus
1530 2691 1715 2744 aliquem
1746 2692 1874 2732 habet
1911 2691 2125 2744 querelam
2159 2705 2168 2731 i
2200 2691 2307 2731 sicut
2338 2694 2379 2731 et

1347 2763 1552 2805 Dominus
1584 2763 1755 2805 donavit
1787 2763 1930 2812 vobis,
1959 2763 2017 2803 ita
2048 2765 2088 2803 et
2119 2775 2210 2804 vos.
2241 2762 2376 2816 Super

1348 2836 1492 2876 omnia
1528 2838 1671 2876 autem
1699 2836 1813 2885 haec,
1841 2835 2090 2876 charitatem
2127 2835 2372 2875 continuam

1345 2907 1517 2959 habete,
1542 2909 1653 2960 quod
1682 2911 1743 2948 est
1772 2907 1993 2949 vinculum
2018 2906 2283 2958 perfectionis
2304 2919 2314 2948 ε
2335 2910 2374 2947 et

1345 2991 1429 3032 pax
1449 2978 1599 3020 Christi
1620 2980 1780 3020 exultet
1799 2979 1842 3019 in
1871 2978 2067 3019 cordibus
2087 2978 2252 3018 vestris.
2275 2992 2294 3015 ›>
2321 2977 2370 3017 Et

1344 3050 1472 3091 etiam
1492 3063 1648 3092 munus
1668 3051 1802 3092 dulcis
1834 3050 2055 3091 locutionis
2079 3050 2106 3072 ¹2
2137 3064 2146 3090 :
2176 3064 2195 3088 α
2223 3048 2371 3089 Nonne

1343 3122 1536 3163 ardorem
1573 3123 1841 3175 refrigerabit
1864 3134 1934 3163 ros
1960 3124 1980 3162 ‘?
2014 3122 2073 3162 sic
2112 3125 2153 3163 et
2189 3121 2369 3162 verbum

1343 3193 1517 3244 melius,
1538 3207 1668 3247 quam
1700 3195 1862 3235 datum.
1890 3194 2039 3235 Nonne
2066 3206 2158 3234 ecce
2189 3193 2368 3234 verbum

1341 3276 1466 3317 super
1496 3265 1642 3306 datum
1671 3266 1864 3306 bonum?
1885 3269 1926 3307 et
1954 3269 2133 3318 utraque
2164 3276 2262 3305 cum
2285 3263 2365 3303 ho-

1338 3403 1375 3426 n.
1402 3398 1449 3428 12.
1472 3413 1513 3419 —-
1542 3398 1567 3418 ¹⁰
1592 3398 1704 3438 Dent„
1730 3405 1785 3438 xv,
1814 3400 1863 3429 11.
1886 3414 1926 3419 -
1955 3398 1975 3416 ¹¹
1997 3395 2118 3435 Exod„
2143 3402 2249 3431 xxiii,
2270 3395 2300 3425 5.
2326 3411 2367 3417 —

1340 3441 1362 3460 ¹²
1381 3442 1460 3483 Isa„
1483 3451 1584 3484 Lvm,
1610 3447 1655 3476 10.
1679 3463 1713 3467 -
1738 3447 1761 3465 ¹³
1783 3444 1919 3482 Coloss.‚
1942 3452 1995 3482 111,
2018 3444 2126 3474 12-15.
2141 3459 2181 3465 —
2201 3441 2225 3463 ¹⁶
2245 3440 2365 3481 Ecclz'.,

1339 3496 1438 3530 xviv,
1464 3494 1510 3531 16,
1533 3493 1582 3522 17.
