2634 3853
266 239 343 278 374

264 340 284 364 c(
313 324 357 366 Si
385 326 581 367 esurierit
613 325 809 367 inimicus
843 329 968 376 tuus,
1008 325 1100 365 ciba
1129 324 1251 366 illum
1278 341 1286 365 ε

261 396 295 436 si
331 396 531 448 sitiverit,
565 397 618 437 da
653 397 690 437 ei
729 408 884 449 aquam
920 395 1080 435 bibere.
1114 409 1133 432 ›>
1175 394 1288 436 Idem

261 467 413 509 dicitur
461 467 513 508 ad
554 468 762 510 Romanos
801 467 827 505 ¹.
873 465 923 506 Et
965 465 1065 518 quia
1107 467 1289 509 verbum

260 539 411 580 melius
439 541 502 579 est
527 549 657 590 quam
688 537 857 586 datum,
880 538 920 575 et
948 547 1087 576 sermo
1108 536 1290 580 declarat

259 609 480 659 affectum,
511 608 604 649 ideo
632 607 773 647 subdit
801 607 868 659 (v.
900 607 975 659 28)
1005 622 1013 647 :
1045 608 1287 653 Beneclz'cz'ce

257 679 601 723 maledicentibus
633 678 773 728 vobis,
803 678 848 718 in
874 689 1069 719 sermone
1089 679 1284 731 publico;

257 757 295 795 ec
312 755 427 793 orate
443 760 521 803 pro
539 749 905 792 calumniantibus
922 760 1016 801 vos,
1032 750 1076 790 in
1093 763 1288 793 sermone

256 824 435 877 privato.
459 821 726 872 Benedicite,
749 823 949 875 inquam,
970 834 1166 863 sermone
1195 836 1286 864 ma-

255 895 420 936 nifesto.
448 894 512 934 Ad
533 893 614 934 hoc
643 892 838 934 hortatur
856 892 1081 946 Apostolus
1100 895 1113 915 ²
1134 908 1142 933 :
1169 909 1188 932 α
1208 894 1287 935 Be-

256 964 433 1006 nedicite
461 964 815 1017 persequentibus
844 976 944 1015 vos;
966 965 1223 1016 benedicite,
1247 969 1288 1007 et

255 1038 384 1079 nolite
405 1037 668 1078 maledicere.
690 1052 708 1075 ›)
742 1036 794 1078 Et
823 1038 836 1059 ³
871 1052 880 1078 ε
911 1053 930 1076 α
952 1036 1046 1078 Non
1064 1038 1287 1081 reddentes

256 1109 419 1149 malum
439 1120 515 1161 pro
536 1108 672 1159 malo,
696 1120 774 1149 nec
800 1108 1069 1149 maledictum
1090 1121 1166 1162 pro
1199 1123 1287 1151 ma-

254 1179 424 1229 ledicto,
441 1179 513 1220 sed
526 1190 549 1219 e
569 1179 779 1220 contrario
796 1179 1141 1220 benedicentes.»
1165 1180 1287 1223 Orate

254 1251 381 1292 etiam
412 1250 459 1291 in
487 1262 684 1291 sermone
715 1252 897 1301 secreto,
920 1251 1114 1304 exemplo
1146 1252 1286 1303 illius,

254 1323 305 1364 de
327 1334 414 1376 quo
442 1322 581 1364 Isaias
611 1321 712 1363 dicit
729 1321 743 1343 ⁸
767 1336 776 1362 z
807 1336 826 1360 (‹
848 1321 931 1362 Pro
956 1323 1285 1374 transgressori-

253 1395 334 1435 bus
353 1393 514 1444 oravit;
535 1407 554 1430 ›)
580 1395 620 1433 et
641 1392 837 1445 exemplo
865 1392 979 1433 illius
999 1396 1284 1447 protomarty-

253 1465 312 1506 ris
331 1465 344 1486 ⁵
363 1479 372 1506 :
396 1480 415 1502 α
434 1464 584 1506 Positis
604 1466 747 1504 autem
766 1463 949 1516 genibus
966 1464 1164 1505 clamavit
1183 1477 1287 1506 voce

255 1549 414 1589 magna
437 1550 445 1577 :
470 1535 668 1586 Domine,
687 1547 740 1576 ne
766 1537 925 1576 statuas
944 1535 1026 1575 illis
1042 1536 1122 1577 hoc
1141 1549 1286 1589 pecca-

255 1611 364 1649 tum.
395 1622 414 1645 n
451 1607 532 1648 Sed
558 1607 659 1647 huic
692 1606 939 1647 contrariari
968 1606 1139 1648 videtur
1177 1608 1289 1660 quod

255 1679 432 1720 Elisaeus
452 1678 587 1718 iratus
614 1678 773 1729 legitur
795 1678 940 1730 pueris
959 1677 1257 1718 irridentihus⁶
1274 1710 1287 1729 ,

256 1750 367 1790 Elias
387 1754 400 1775 ⁷
422 1748 822 1802 quinquagenariis,
858 1750 899 1789 et
926 1748 1082 1789 Paulus
1110 1748 1123 1769 ⁸
1154 1761 1290 1789 sacer-

257 1821 346 1862 doti
365 1832 548 1861 summo.
572 1819 634 1860 Ad
656 1819 769 1872 quod
790 1819 1013 1872 respondet
1028 1818 1154 1869 Beda,
1176 1819 1290 1872 quod

258 1892 339 1932 ista
370 1903 457 1933 non
488 1893 587 1932 sunt
610 1893 705 1932 vota
733 1890 992 1943 optantium,
1015 1890 1088 1930 sed
1113 1890 1290 1943 praedicn

259 1965 395 2004 tiones
423 1965 476 2014 (a)
513 1964 753 2004 futurorum
780 1976 790 2012 ;
829 1961 899 2002 vel
936 1974 1024 2002 non
1054 1961 1290 2002 irasceban-

260 2040 332 2078 tur
358 2038 504 2078 contra
538 2038 758 2087 naturam,
787 2035 860 2076 sed
885 2037 1032 2075 contra
1050 2034 1218 2076 vitium.
1242 2035 1295 2076 Ut

263 2109 379 2150 enim
424 2108 523 2149 dicit
563 2107 834 2160 Augustinus
868 2139 877 2157 ,
928 2122 947 2145 α
990 2107 1049 2146 sic
1095 2106 1295 2148 homines

265 2182 366 2222 sunt
393 2179 631 2232 diligendi,
670 2181 719 2219 ut
757 2180 899 2218 tamen
931 2189 1079 2218 eorum
1116 2189 1206 2218 non
1237 2178 1297 2218 di-

266 2253 455 2305 ligantur
500 2262 679 2292 erroreS.
719 2265 739 2289 n
776 2250 843 2290 Sic
889 2250 1025 2302 igitur
1061 2250 1130 2290 dat
1172 2262 1296 2291 man-

267 2324 413 2365 datum
455 2323 648 2376 perfectae
694 2321 1020 2372 benevolentiae,
1067 2333 1165 2374 quae
1212 2334 1298 2362 non

267 2395 407 2436 solum
443 2394 630 2435 consistit
660 2393 705 2433 in
737 2393 861 2434 corde
880 2424 893 2443 ,
926 2393 999 2433 sed
1029 2396 1070 2433 et
1100 2405 1227 2445 opere
1260 2396 1301 2434 et

269 2478 462 2508 sermone
495 2464 675 2506 indicari
710 2464 846 2505 debet.
888 2463 1005 2504 Unde
1037 2462 1297 2516 Gregorius:

275 2538 371 2579 «Ad
403 2537 668 2578 dilectionem
700 2535 933 2577 Conditoris
965 2535 1144 2587 lingua,
1179 2547 1302 2575 mens

271 2612 312 2652 et
331 2621 483 2650 manus
501 2608 748 2661 requiritur.
771 2621 789 2644 »
815 2606 873 2647 De
900 2607 981 2647 hoc
1009 2609 1152 2647 autem
1183 2618 1302 2646 man-

272 2682 368 2723 dato
386 2679 692 2722 benevolentiae
712 2679 757 2719 in
778 2690 947 2720 summa
965 2678 1201 2719 notandum
1224 2681 1301 2729 est,

273 2753 386 2806 quod
405 2753 613 2805 quantum
642 2750 695 2791 ad
725 2749 950 2799 affectum,
985 2749 1185 2800 astringit
1212 2749 1306 2789 uni-

273 2836 442 2874 versos;
467 2826 676 2876 quantum
701 2822 755 2863 ad
781 2822 958 2873 signum
989 2822 1184 2874 astringit
1204 2835 1305 2875 per-

274 2898 424 2946 fectos,
455 2907 541 2936 non
560 2894 828 2946 imperfectos
845 2908 855 2943 ;
877 2895 1084 2946 quantum
1108 2893 1158 2933 ad
1179 2893 1306 2934 affec-

275 2971 385 3018 tum,
401 2967 446 3007 in
467 2966 641 3007 articulo
655 2964 915 3006 necessitatis
929 2976 1077 3005 omnes
1090 2964 1302 3016 astringit.

279 3040 390 3083 Citra
420 3038 470 3091 (b)
497 3039 789 3079 necessitatem
823 3049 909 3078 non
933 3036 1127 3088 astringit
1148 3036 1305 3090 imper-

278 3113 430 3162 fectos,
456 3111 537 3151 nisi
568 3112 777 3163 quantum
807 3108 987 3162 requirit
1015 3107 1205 3148 debitum
1230 3108 1308 3148 ali-

280 3185 404 3236 cujus
444 3183 679 3235 praecept-23
719 3182 922 3235 perfectos
960 3182 1103 3221 autem
1137 3192 1162 3220 a
1195 3183 1308 3221 statu

279 3254 538 3308 praelationis
558 3253 779 3305 astringit,
808 3255 1017 3306 quantum
1037 3251 1216 3304 requirit
1236 3252 1306 3292 de-

320 3364 328 3382 ¹
352 3363 457 3400 Rom„
477 3369 542 3401 xii,
561 3362 611 3392 ΞΟ.
627 3378 667 3383 -
686 3360 699 3380 2
721 3360 821 3394 Rom..
846 3368 907 3400 xii,
934 3361 981 3391 14.
1001 3377 1040 3382 —
1059 3358 1072 3380 ³
1094 3359 1101 3389 l
1128 3359 1230 3392 Pella,
1256 3366 1306 3398 1-1,

278 3411 309 3441 9.
333 3428 369 3435 —
388 3410 398 3428 ⁴
421 3411 500 3450 1<›·a.‚
517 3416 591 3446 Lm,
617 3410 665 3439 12.
686 3425 727 3430 -
748 3408 758 3425 ⁵
779 3409 952 3446 Act.,x·11.
979 3408 1028 3437 59.
1050 3423 1091 3429 —-
1112 3407 1123 3424 ⁶
1154 3406 1193 3437 Ν
1217 3406 1306 3445 Rey„

280 3465 316 3496 ιι,
337 3459 374 3488 23
402 3458 435 3487 ct
454 3464 525 3496 seq.
547 3473 586 3478 —
608 3453 619 3471 ⁷
645 3454 741 3493 ibid„
765 3462 797 3493 ῐ,
819 3456 836 3483 9
858 3456 977 3493 etseq.
1003 3471 1042 3475 ·—
1063 3452 1076 3474 ⁸
1095 3453 1180 3491 Act„
1204 3459 1305 3492 xxiii,

279 3508 296 3535 3
325 3507 358 3534 et
384 3512 454 3543 seq.
477 3520 517 3525 —
535 3504 546 3521 ⁹
565 3501 636 3542 job,
662 3509 737 3539 th,
764 3503 808 3532 il.
829 3517 867 3522 —-
900 3501 925 3522 '⁰
954 3500 1084 3535 Thrcn„
1114 3507 1168 3539 ΙΙΙ,
1195 3502 1246 3530 30.
1268 3517 1307 3522 -

285 3553 308 3572 ¹¹
329 3552 433 3589 Ilum„
450 3551 696 3590 X11,19-.·2[.-
720 3550 743 3571 Γ·
760 3547 896 3585 Malui„
915 3555 1011 3586 ΧΥΗΙ,
1038 3549 1082 3579 ἱῦ.
1102 3564 1136 3569 -
1156 3546 1180 3569 ²3
1198 3548 1304 3584 doun„

993 234 1272 277 EVANGELII
1301 228 1484 280 sANC‘rl
1519 239 1665 281 LUCAE

1366 327 1503 369 bitum
1542 330 1668 370 officii
1708 330 1914 382 assumpti
1937 345 1947 380 ;
1984 332 2186 384 perfectos
2218 346 2242 374 a
2279 334 2392 374 statu

1367 400 1632 451 perfectionis
1659 432 1671 451 ,
1720 403 1931 452 quantum
1975 402 2153 454 requirit
2199 404 2390 445 debitum

1365 469 1465 510 boni
1482 471 1691 524 exempli3
1714 470 1918 523 perfectos
1936 474 2078 511 autem
2098 485 2124 513 a
2138 475 2391 526 perfectione

1364 540 1557 592 virtutis,
1579 545 1787 595 quantum
1815 541 1994 594 requirit
2025 543 2128 584 unio
2157 545 2386 587 charitatis.

1418 610 1610 653 Secundo
1640 613 1711 653 dat
1742 612 1990 653 mandatum
2023 613 2074 654 de
2107 616 2287 666 perfecta
2316 629 2388 668 pa⁸¹

1362 682 1528 734 tientia,
1552 696 1650 724 cum
1679 684 1820 725 subdit
1845 684 1912 736 (v.
1943 685 2019 734 29)
2045 699 2053 724 z
2076 684 2130 726 Ec
2143 687 2218 737 qui
2239 690 2277 728 te
2295 697 2393 738 per-

1363 755 1471 796 cutit
1497 754 1546 795 in
1572 754 1795 797 mamillam
1822 757 1953 795 imam
1969 786 1979 805 ,
2003 754 2218 796 inferendo
2236 756 2392 798 scilicet

1364 824 1567 876 injuriam
1588 825 1633 865 in
1654 837 1848 878 persona.
1871 824 1922 865 Et
1940 825 2059 877 ponit
2077 825 2295 867 maxillam
2312 839 2389 879 pro

1364 898 1484 948 parte
1503 896 1689 949 corporis
1715 895 1939 946 nobiliori,
1969 907 2066 948 quae
2088 908 2187 936 cum
2206 899 2394 949 percuti-0

1362 969 1435 1006 tur
1451 997 1462 1015 ,
1493 966 1708 1019 praecipua
1737 966 1896 1019 injuria
1927 965 2142 1018 irrogatur
2162 969 2176 992 ⁹
2199 981 2207 1007 ε
2235 983 2254 1004 «
2278 967 2393 1020 Ape-

1364 1040 1545 1077 ruerunt
1564 1049 1691 1090 super
1710 1049 1778 1078 me
1806 1049 1881 1078 ora
1901 1049 1997 1088 sua,
2026 1039 2068 1078 et
2089 1039 2392 1090 exprobrantes

1364 1110 1665 1160 percusserunt
1692 1107 1911 1148 maxillam
1942 1120 2106 1158 meam3
2130 1109 2267 1150 satiati
2297 1115 2395 1151 sunt

1364 1178 1500 1231 poenis
1526 1178 1644 1219 meis.
1667 1193 1685 1215 n
1712 1178 1768 1218 De
1800 1178 1872 1219 tali
1899 1191 1947 1219 ac
1979 1181 2092 1219 tanta
2121 1179 2278 1232 injuria
2308 1193 2396 1222 non

1364 1251 1427 1290 est
1457 1248 1668 1301 exigenda
1702 1249 1888 1290 vindicta
1905 1282 1915 1300 ,
1943 1250 2016 1290 sed
2047 1250 2287 1292 exhibenda
2316 1264 2395 1305 pa-

1362 1321 1523 1361 tientia.
1549 1320 1666 1362 Unde
1685 1321 1827 1362 subdit
1849 1336 1857 1361 :
1881 1321 2019 1363 Proebe
2040 1322 2106 1364 illi
2135 1325 2174 1365 el
2193 1322 2393 1375 alteram,

1365 1392 1518 1433 scilicet
1543 1393 1786 1443 maxillam,
1809 1392 1851 1433 id
1874 1395 1957 1444 est,
1983 1395 2156 1446 paratus
2181 1394 2238 1433 sis
2269 1394 2395 1435 aliam

1363 1464 1678 1517 percussionem
1699 1464 1907 1505 sustinere
1921 1496 1930 1514 ,
1953 1465 2148 1517 exemplo
2174 1465 2392 1518 Magistri,

1365 1535 1415 1576 de
1436 1547 1520 1588 quo
1542 1536 1569 1560 ¹⁰
1594 1550 1600 1576 :
1631 1550 1650 1573 «
1677 1535 1795 1576 Dabit
1820 1535 2069 1587 percutienti
2092 1547 2136 1576 se
2157 1536 2392 1588 maxillam,

1365 1606 1624 1646 saturabitur
1653 1605 1905 1658 opprobriis.
1935 1620 1954 1643 >³
1980 1605 2100 1646 Dabit.
2130 1607 2277 1659 utique
2308 1620 2396 1649 non

1365 1677 1584 1718 invitando
1604 1677 1654 1716 ad
1680 1676 2023 1728 percussionem,
2055 1676 2127 1716 sed
2156 1689 2244 1717 non
2270 1690 2398 1731 oppo-

1366 1747 1505 1788 nendo
1520 1746 1818 1797 defensionem,
1836 1746 2069 1787 secundum
2085 1746 2190 1788 illud
2204 1748 2230 1770 ¹¹
2248 1763 2256 1789 :
2272 1763 2291 1787 «
2306 1748 2399 1790 Non

1367 1817 1647 1870 vosmetipsos
1695 1817 1962 1858 defendentes
1984 1849 1995 1868 ,
2036 1818 2246 1858 carissimi
2275 1834 2284 1869 ;
2327 1821 2398 1861 sed

1368 1889 1463 1929 date
1490 1888 1630 1929 locum
1662 1888 1749 1929 irae.
1783 1887 1998 1941 Scriptum
2030 1890 2092 1929 est
2123 1889 2238 1929 enim
2262 1889 2398 1931 :Mihi

1368 1960 1625 2012 vindictam,
1649 1963 1690 2001 et
1719 1972 1800 2012 ego
1827 1961 2061 2001 retribuam
2082 1993 2093 2012 ,
2128 1961 2227 2001 dicit
2254 1961 2396 2003 Domi-
2451 1990 2464 1997 -

1369 2044 1466 2073 nus‚
1502 2031 1585 2074 Sed
1619 2033 1655 2073 si
1686 2032 1882 2073 esurierit
1912 2032 2110 2074 inimicus
2144 2036 2275 2085 tuus,
2309 2034 2402 2075 ciba

1369 2104 1491 2145 illum
1515 2118 1523 2144 :
1548 2104 1584 2144 si
1602 2104 1711 2154 sitit,
1733 2107 1880 2157 potum
1901 2104 1954 2146 da
1974 2104 2050 2146 illi.
2074 2104 2162 2146 Hoc
2191 2106 2307 2146 enim
2336 2106 2401 2146 fa-

1371 2176 1503 2226 ciens,
1533 2175 1737 2216 carbones
1769 2175 1883 2227 ignis
1910 2188 2114 2227 congeres
2132 2189 2259 2229 super
2278 2180 2404 2230 caput

1371 2247 1477 2299 ejus.
1501 2245 1594 2286 Noli
1621 2246 1733 2287 vinci
1755 2258 1779 2286 a
1807 2246 1939 2297 malo,
1970 2246 2043 2287 sed
2070 2239 2192 2287 vince
2221 2247 2267 2287 in
2290 2248 2403 2288 bono

1373 2318 1550 2358 malum.
1582 2332 1600 2355 n
1625 2317 1743 2358 Unde
1773 2317 1817 2357 in
1837 2317 1916 2358 hoc
1937 2317 2135 2358 mandato
2154 2317 2405 2370 prohibetur

1371 2388 1595 2429 libidinosa
1614 2388 1818 2439 defensio;
1836 2389 1907 2429 sed
1926 2400 2014 2429 non
2043 2389 2294 2430 charitativa
2312 2401 2404 2430 cor-

1374 2459 1530 2512 reptio,
1553 2471 1651 2500 cum
1673 2459 1835 2500 dicatur
1856 2460 1883 2480 ¹2
1907 2473 1915 2499 :
1941 2475 1960 2498 (ι
1983 2458 2026 2500 Si
2048 2460 2283 2512 peccaverit
2302 2461 2348 2500 in
2367 2464 2408 2502 te

1375 2533 1503 2572 frater
1523 2533 1645 2582 tuus,
1666 2531 1792 2582 vade,
1816 2534 1857 2572 et
1886 2532 2048 2584 corripe
2075 2543 2196 2579 eum,
2217 2546 2235 2568 ›)
2261 2534 2338 2572 etc.
2359 2531 2410 2572 Et

1379 2602 1624 2655 exemplum
1639 2602 1713 2655 huj
1723 2615 1769 2644 us
1789 2603 1834 2642 in
1857 2602 2018 2643 Christo
2039 2602 2066 2623 ¹³
2085 2615 2093 2641 :
2117 2601 2270 2643 «Unus
2290 2602 2409 2643 assis-

1378 2677 1470 2714 tens
1485 2673 1778 2714 ministrorum
1792 2673 1903 2714 dedit
1919 2673 2086 2725 alapam
2104 2673 2219 2724 Jesu,
2237 2673 2378 2714 dicens
2396 2688 2404 2714 ε

1379 2745 1448 2787 Sic
1467 2745 1693 2798 respondes
1720 2745 1937 2798 pontifici?
1957 2759 1976 2782 »
2000 2745 2051 2786 Et
2069 2744 2213 2785 subdit
2235 2759 2244 2786 2
2273 2760 2292 2783 (ι
2314 2744 2411 2786 Res-

1382 2816 1528 2870 pondit
1555 2816 1594 2857 ei
1612 2816 1733 2858 Jesus
1755 2830 1763 2855 :
1788 2815 1830 2856 Si
1858 2815 1968 2856 male
1998 2816 2166 2856 locutus
2192 2828 2313 2866 sum,
2334 2819 2412 2856 tes-

1380 2888 1607 2929 timonium
1627 2887 1802 2940 perhibe
1824 2887 1875 2927 de
1897 2886 2032 2937 malo,
2065 2886 2099 2926 si
2114 2888 2256 2926 autem
2276 2886 2381 2927 bene
2396 2917 2408 2936 ‚

1384 2959 1485 3013 quid
1506 2971 1575 2999 me
1596 2958 1753 2999 caedis?
1767 2973 1786 2997 »
1812 2957 1929 2999 Unde
1949 2957 2217 3009 Augustinus
2235 2956 2281 2996 in
2300 2968 2412 3008 quo-

1383 3031 1480 3072 dam
1507 3042 1701 3071 sermone
1730 3029 1780 3070 de
1808 3029 1950 3069 verbis
1975 3027 2142 3068 Domini
2162 3027 2223 3067 ait
2239 3026 2266 3048 ¹⁶
2291 3041 2299 3067 :
2325 3042 2344 3065 «
2367 3026 2413 3067 Si

1384 3101 1588 3155 injuriam
1622 3100 1803 3153 pateris,
1835 3102 1876 3140 et
1910 3102 2048 3148 taceS,
2088 3101 2130 3140 et
2164 3099 2413 3151 proximum

1383 3185 1470 3215 non
1488 3172 1682 3225 corripis,
1705 3171 1801 3224 plus
1819 3182 1965 3223 peccas
1987 3170 2265 3222 negligendo,
2282 3183 2411 3224 quam

1383 3245 1454 3286 ille
1481 3243 1762 3296 affligendo.»
1789 3242 1867 3283 Per
1896 3241 1975 3281 hoc
2003 3241 2131 3281 etiam
2164 3242 2412 3282 mandatum

1382 3329 1469 3358 non
1487 3317 1685 3357 arcentur
1703 3324 1894 3367 personae
1917 3311 2140 3353 saeculares
2158 3312 2276 3354 laicae
2300 3325 2326 3354 a
2344 3314 2413 3354 sui

1384 3438 1483 3470 ,κν-ιιι,
1499 3431 1552 3468 22,
1571 3430 1622 3459 23.
1644 3445 1683 3450 —
1703 3426 1726 3448 ¹⁴
1745 3427 1843 3465 Aug„
1863 3424 1902 3455 (lc
1918 3424 2004 3455 vei-l).
2026 3425 2134 3464 Dora„
2155 3434 2256 3456 serm.
2277 3433 2348 3466 xri,
2367 3426 2412 3457 al.

1383 3487 1484 3509 serni.
1506 3483 1638 3513 Lxxxu,
1660 3484 1688 3505 c.
1713 3482 1757 3513 ιν,
1779 3482 1812 3503 n.
1835 3474 1865 3511 7,
1887 3472 1997 3513 quoad
2020 3481 2171 3504 sensnm.

1427 3543 1472 3584 (a)
1495 3516 1580 3574 Caee.
1600 3539 1679 3571 edit.
1706 3538 1976 3580 praedicationes.
1998 3556 2037 3561 —
2053 3538 2094 3578 (b)
2119 3538 2199 3570 Item
2218 3537 2323 3570 Circa.
