2634 3853
274 236 351 275 584

272 322 402 362 rificae
422 319 748 360 introducuntur
766 317 860 366 tria,
881 314 1037 355 scilieet
1056 313 1300 354 solemnitas

274 392 354 433 diei
369 392 438 443 (al,
458 390 647 443 gravitas
666 389 897 429 inveterata
912 386 1067 436 morbi,
1083 385 1218 426 virtus
1232 396 1298 424 ac-

275 461 441 503 celerati
460 459 667 501 miraculi.

329 532 472 574 Primo
492 531 642 583 igitur,
664 529 715 570 ad
737 528 1047 569 solemnitatem
1067 526 1149 566 diei
1177 525 1298 576 sacri,

276 604 375 647 dicit
400 619 409 644 z
432 605 542 644 Erat
561 604 697 643 autem
725 599 877 641 docens
907 599 955 640 in
983 607 1201 651 synaqoqa
1235 607 1302 639 co-

276 686 371 718 rum
404 671 603 714 sabbatis.
635 670 741 711 Nota
766 669 877 723 quod
899 669 1099 709 Dominus
1120 667 1304 708 sabbatis

276 747 449 790 docebat
490 757 498 783 ε
541 743 629 783 51νο
664 743 835 794 propter
871 739 1202 781 conservandam
1237 738 1257 780 J
1264 752 1305 780 u-

277 819 469 860 daeorum
502 813 873 856 consuetudinem¹
897 827 906 852 :
933 827 952 851 «
970 811 1134 864 Moyses
1153 823 1176 851 a
1195 813 1302 851 tem-

277 889 451 942 poribus
471 886 657 940 antiquis
675 885 805 925 habet
834 885 878 924 in
909 883 1095 935 singulis
1123 883 1303 924 civitati-

277 960 357 1000 bus
383 959 457 1012 qui
485 969 586 999 eum
614 956 845 1010 praedicent
875 955 919 995 in
945 954 1208 1007 synagogis,
1233 953 1307 993 ubi

277 1041 353 1084 per
399 1041 525 1070 omne
575 1028 796 1069 sabbatum
834 1026 1010 1078 legitur3
1053 1024 1143 1065 sive
1180 1024 1307 1064 etiam

278 1105 452 1156 propter
483 1100 683 1142 doctrina}
713 1098 1038 1152 publicationem
1054 1129 1064 1147 ,
1087 1096 1186 1149 quia
1206 1098 1309 1136 tunc

279 1177 484 1228 tanquam
505 1172 550 1212 in
567 1171 634 1212 die
660 1169 836 1211 solemni
861 1168 1002 1220 magis
1027 1168 1309 1208 communiter

280 1246 401 1286 erant
417 1243 549 1285 verbo
569 1242 639 1283 Dei
659 1241 809 1282 intenti
828 1244 842 1264 ‘³
865 1255 873 1280 :
897 1255 916 1278 (‹
934 1239 1025 1291 Ego
1047 1251 1214 1291 semper
1234 1239 1307 1280 do-

282 1316 350 1357 cui
371 1316 416 1356 in
444 1326 690 1369 synagoga,
730 1315 826 1363 etc.,
866 1324 949 1365 quo
988 1323 1136 1352 omnes
1174 1311 1311 1352 Judaei

282 1387 560 1437 conveniunt3
583 1400 602 1425 1)
627 1385 716 1427 51νο
736 1384 848 1438 quod
871 1384 1091 1425 sabbatum
1113 1387 1203 1424 crat
1224 1384 1311 1425 dies

283 1459 450 1512 quietis,
474 1461 514 1499 et
533 1458 622 1510 ipse
640 1459 815 1497 venerat
833 1456 1086 1496 annuntiare
1107 1468 1253 1509 pacem
1273 1458 1313 1496 et

286 1530 471 1583 quietem
487 1561 499 1579 ,
538 1528 653 1569 unde
672 1527 685 1549 ³
709 1541 717 1568 :
747 1526 967 1567 «Veniens
1002 1526 1314 1578 evangelizavit

284 1612 431 1654 pacem
447 1599 566 1640 vobis
586 1599 659 1652 qui
685 1599 814 1650 longe
835 1598 996 1648 fuistis,
1021 1601 1060 1638 et
1079 1610 1224 1651 pacem
1244 1598 1311 1648 iis,

285 1673 358 1725 qui
379 1683 507 1724 prope
525 1685 534 1720 ;
557 1685 575 1708 1)
601 1671 689 1710 sive
709 1670 835 1710 etiam
856 1670 956 1722 quia
982 1671 1244 1721 praeceptum
1264 1669 1314 1709 (10

284 1743 481 1791 Sabbato,
504 1741 616 1794 quod
632 1741 843 1793 spectabat
862 1740 912 1780 ad
929 1740 1190 1790 charitatem,
1209 1752 1316 1792 prae-

286 1815 407 1867 cipue
444 1815 535 1854 erat
572 1813 717 1864 figura
738 1811 940 1864 temporis
965 1810 1141 1863 gratiae,
1167 1811 1211 1850 in
1231 1823 1316 1863 quo

289 1884 536 1938 praecipitur
554 1884 567 1905 1
588 1896 598 1924 t
624 1899 644 1921 «
667 1883 753 1924 Hoc
781 1886 841 1923 est
872 1885 1131 1935 pracceptum
1153 1894 1314 1933 meum,

287 1960 334 1998 ut
352 1956 536 2009 diligatis
562 1955 743 1996 invicem
763 1987 774 2005 ,
809 1954 917 1994 sicut
947 1953 1075 1994 dilexi
1110 1966 1205 2003 vos,
1230 1953 1319 1995 sive

290 2029 415 2069 etiam
435 2030 605 2081 propter
624 2011 881 2067 servandum
902 2026 1115 2076 ordinem,
1138 2025 1240 2078 quia
1260 2025 1320 2065 ibi

290 2099 468 2139 debebat
486 2099 671 2152 incipere
689 2097 915 2150 reparatio,
936 2097 1007 2137 ubi
1024 2096 1251 2137 terminata
1261 2100 1323 2137 est

293 2170 490 2219 conditio,
513 2172 561 2210 ut
588 2170 633 2209 in
669 2168 817 2210 Genesi
848 2168 1000 2208 dicitur
1021 2171 1034 2192 ⁵
1057 2181 1065 2207 :
1095 2183 1114 2206 <‹
1132 2167 1321 2220 Comple-

293 2242 358 2281 vit
388 2241 454 2281 die
484 2240 661 2293 septimo
689 2250 794 2292 opus
814 2251 942 2279 suum
965 2238 1078 2290 quod
1095 2239 1272 2288 fecerat3
1299 2253 1318 2276 ›)

295 2313 572 2364 subjungitur
590 2325 628 2352 z«
642 2311 687 2352 Et
698 2310 912 2351 benedixit
924 2309 988 2349 die
999 2309 1321 2362 septimo,»etc.;

296 2383 382 2425 sive
402 2385 454 2424 ad
474 2384 655 2424 dandam
677 2381 1037 2431 informationem,
1060 2381 1173 2433 quod
1193 2381 1326 2422 inten-

297 2459 365 2496 tus
402 2455 619 2508 sapientiae
658 2455 710 2494 ab
751 2453 951 2494 omnibus
991 2453 1113 2493 debet
1148 2465 1324 2505 cessare,

297 2526 530 2568 secundum
566 2525 735 2566 illudssz
769 2523 1067 2576 «Sapientiam
1109 2524 1242 2564 scribe
1282 2525 1328 2565 in

297 2602 487 2651 tempore
506 2596 747 2646 vacuitatis3
766 2610 784 2633 n
806 2596 896 2636 sive
916 2595 1060 2645 etiam,
1081 2607 1134 2635 ex
1149 2596 1329 2648 septima

298 2682 444 2720 causa,
476 2671 523 2709 ut
555 2667 792 2709 ostenderet
823 2678 866 2707 se
896 2666 1123 2706 Dominum
1151 2667 1258 2718 legis
1289 2671 1330 2708 et

299 2740 482 2790 sabbati,
517 2739 706 2780 faciendo
735 2736 941 2778 miracula
973 2737 1018 2776 in
1056 2737 1229 2778 sabbato
1263 2739 1276 2759 ⁷
1317 2751 1327 2779 ε

307 2829 325 2852 t(
349 2812 470 2853 Pater
494 2824 616 2853 meus
639 2822 774 2863 usque
800 2809 924 2850 modo
951 2814 1164 2862 operatur,
1188 2812 1229 2849 et
1249 2822 1329 2862 ego

300 2896 465 2937 operor.
504 2882 727 2936 Propterea
761 2892 866 2933 ergo
902 2880 1043 2931 magis
1083 2880 1330 2932 qiiaerebant

301 2968 400 2996 eum
419 2955 553 2996 Judaei
574 2954 831 3003 interficere,
855 2953 957 3005 quia
978 2963 1064 2992 non
1086 2951 1223 2992 solum
1245 2952 1325 2992 sol-

301 3028 424 3069 vebat
453 3027 696 3076 sabbatum,
719 3026 791 3067 sed
811 3028 852 3066 et
877 3027 1039 3078 patrem
1064 3036 1192 3064 suum
1219 3023 1327 3064 dicc-

301 3099 373 3140 bat
393 3099 548 3148 Deum,
570 3097 776 3149 aequalem
799 3108 842 3136 se
863 3095 1017 3136 faciens
1037 3094 1134 3135 Deo.
1159 3109 1177 3132 »

357 3169 549 3211 Secundo
573 3171 780 3221 quantum
806 3168 857 3208 ad
885 3167 1142 3219 gravitatem
1169 3167 1329 3209 invete-

302 3242 382 3282 rati
412 3240 568 3292 morbi,
597 3238 737 3280 subdit
763 3240 823 3288 (v.
856 3239 923 3292 «11)
950 3251 959 3279 :
982 3238 1035 3280 Ec
1063 3249 1151 3280 ecce
1179 3239 1332 3281 mulier

348 3351 357 3371 ¹
379 3351 466 3387 Act„
491 3355 547 3388 xv,
572 3349 623 3379 21.
640 3364 680 3370 —
699 3346 712 3367 2
730 3347 836 3385 Jocm„
858 3354 955 3386 xviii,
975 3348 1024 3378 ΞΟ.
1050 3364 1083 3368 -
1107 3346 1120 3367 ³
1140 3346 1272 3387 Ephes„
1295 3354 1332 3386 11,

308 3399 356 3429 17.
381 3414 420 3419 —-
440 3397 450 3415 ⁴
470 3396 579 3435 Joan.,
601 3402 658 3435 xv,
685 3396 734 3426 12.
754 3411 795 3418 —
814 3394 826 3415 ⁶
847 3394 1000 3434 Gen.,11‚
1024 3395 1054 3434 2,
1076 3396 1105 3425 3.
1127 3411 1161 3415 —
1184 3395 1195 3412 ⁶
1217 3395 1332 3432 Eccli„

307 3452 460 3482 xxxvin,
480 3446 531 3476 25.
554 3462 590 3467 -—
613 3445 621 3462 ⁷
642 3444 751 3482 Jocm„
774 3450 806 3482 ν,
833 3444 882 3482 17,
911 3444 956 3473 lS.
979 3459 1019 3465 —
1039 3443 1050 3460 ⁸
1069 3441 1188 3480 Ecclz'„
1209 3450 1248 3481 x,
1283 3446 1333 3480 ll,

309 3494 358 3522 12.
378 3508 418 3514 --
436 3491 449 3512 ⁹
469 3489 561 3523 Psal.
582 3491 818 3530 xxxx·11,7.—
837 3488 865 3510 ¹⁹
886 3488 1015 3528 Mrem,
1040 3488 1331 3528 ι,1«’1.-11Ρ.<(ι[.

311 3542 449 3580 xv1,ll.
463 3555 503 3561 —
518 3538 544 3560 ¹²
558 3538 707 3577 lsa.‚1.1,
722 3538 824 3567 23.-
840 3535 862 3553 ¹³
878 3535 1001 3575 Eccita,
1019 3542 1062 3576 11,
1079 3536 1129 3566 23.
1145 3551 1184 3557 --
1203 3534 1228 3557 ⁸¹·
1245 3538 1333 3575 Osa,

999 222 1282 266 EVANGELH
1313 221 1499 264 SANCTI
1527 220 1679 263 LUCAE

1377 322 1470 365 quoe
1507 309 1681 353 habebat
1719 309 1920 362 spiritum
1956 311 2232 362 infirmitatis
2270 315 2400 358 annis

1376 381 1516 423 decem
1537 384 1576 423 et
1598 383 1705 429 octo,
1727 382 1937 432 quantum
1958 381 2011 422 ad
2029 382 2285 426 infirmitatis
2304 386 2398 427 diu-

1376 453 1622 493 turnitatem
1651 454 1665 476 ⁸
1693 463 1703 492 :
1741 466 1759 489 (1
1783 450 1984 503 Languor
2014 454 2218 505 prolixior
2249 460 2403 509 gravat

1378 523 1606 572 medicum3
1630 523 1802 563 brevem
1829 522 2081 575 languorem
2102 527 2291 577 praecidit
2310 541 2398 569 me-

1378 594 1508 634 (110115.
1532 608 1551 631 1)
1577 595 1636 636 Et
1661 598 1750 636 erat
1776 594 2009 646 inclinata,
2032 598 2239 648 quantum
2261 599 2313 639 ad
2333 600 2402 640 in-

1379 665 1590 705 firmitatis
1619 665 1899 717 gravitatem,
1928 666 2161 707 secundum
2194 669 2305 720 quod
2336 670 2404 711 ille

1381 735 1557 788 lugebat
1583 736 1627 776 in
1653 735 1822 778 Psalmo
1849 736 1863 757 ⁹
1896 749 1906 776 :
1944 752 1962 775 «
1992 736 2115 778 Miser
2145 738 2277 779 sactus
2309 752 2404 781 sum

1381 819 1515 860 usque
1543 806 1587 846 in
1614 807 1762 857 finem,
1784 822 1803 845 ›)
1829 810 1908 849 etc.
1937 808 2017 850 Nec
2047 810 2217 852 Omnino
2242 813 2408 862 poterat

1381 888 1549 920 sursum
1568 879 1784 931 respicere,
1806 879 1859 919 ob
1879 879 2135 920 infirmitatis
2157 880 2407 922 continuita-

1381 952 1482 999 tem,
1505 950 1737 990 secundum
1758 949 1862 991 illud
1878 951 1906 975 ¹⁰
1927 962 1967 990 ;((
1981 950 2098 991 Dedit
2114 963 2183 992 me
2204 951 2408 993 Dominus

1382 1020 1428 1060 in
1460 1033 1637 1061 manum
1670 1021 1720 1062 de
1751 1033 1836 1074 qua
1872 1033 1959 1062 non
1990 1023 2134 1075 potero
2168 1035 2358 1076 surgere.
2384 1039 2402 1062 n

1384 1090 1523 1132 Potest
1547 1096 1690 1132 autem
1720 1103 1794 1144 per
1820 1092 1930 1132 hanc
1956 1092 2292 1134 incurvationem
2313 1095 2408 1135 lon-

1383 1174 1554 1214 gaevam
1573 1161 1755 1214 intelligi
1780 1163 1955 1204 morbus
1974 1163 2165 1205 avaritiae
2186 1167 2225 1205 et
2245 1165 2408 1218 cupidi-

1383 1234 1481 1275 tatis
1510 1246 1606 1286 quee
1631 1233 1828 1275 incurvat
1847 1246 1918 1275 cor
1939 1234 1991 1275 ad
2010 1235 2278 1288 temporalia,
2302 1239 2350 1277 ut
2368 1236 2413 1276 in

1387 1306 1554 1348 Psalmo
1581 1306 1606 1327 ¹¹
1637 1320 1645 1345 :
1682 1305 1870 1346 «Oculos
1889 1318 1988 1347 suos
2020 1309 2259 1348 statuerunt
2291 1308 2414 1349 decli-

1386 1389 1489 1418 nare
1519 1378 1564 1417 in
1588 1379 1760 1418 terram.
1789 1392 1807 1414 n
1839 1376 1890 1417 Et
1915 1377 1997 1418 hoc
2025 1380 2222 1430 quaerunt
2250 1379 2410 1420 daemo-

1387 1461 1482 1498 nes3
1509 1449 1649 1490 Isaias
1670 1449 1697 1470 ¹²
1719 1462 1758 1489 :(‹
1778 1450 2008 1489 Incurvare
2029 1451 2076 1489 ut
2094 1451 2372 1490 transeamus.
2389 1463 2408 1487 ›>

1388 1520 1487 1560 Haec
1517 1519 1742 1560 infirmitas
1771 1519 1992 1560 curvativa
2016 1520 2140 1560 durat
2166 1532 2241 1573 per
2270 1521 2411 1562 decem

1388 1595 1428 1631 et
1445 1593 1536 1632 octo
1557 1603 1704 1642 annos,
1725 1591 1767 1632 id
1784 1594 1846 1631 est
1866 1603 1939 1643 per
1955 1591 2171 1631 senarium
2187 1592 2411 1644 triplicem,

1388 1662 1469 1702 hoc
1498 1665 1559 1702 est
1590 1674 1665 1714 per
1695 1664 1832 1702 totum
1864 1664 2032 1714 tempus
2061 1661 2184 1712 vitae,
2215 1663 2337 1715 quia,
2370 1665 2418 1704 ut

1389 1732 1489 1772 dicit
1511 1732 1799 1785 Hieronymus
1828 1746 1837 1773 ι
1866 1748 1885 1771 ((
1913 1732 2018 1773 Cum
2048 1735 2201 1773 caetera
2219 1733 2322 1775 vitia
2352 1746 2418 1776 se-

1390 1807 1562 1844 nescant
1594 1805 1639 1844 in
1670 1805 1859 1856 senibus,
1895 1804 1984 1845 sola
2015 1804 2193 1845 avaritia
2214 1806 2416 1857 ,1111101105-

1392 1875 1461 1915 011..
1485 1890 1504 1913 >)
1532 1875 1583 1917 Et
1604 1876 1647 1916 in
1677 1876 1924 1918 Ecclesiaste
1946 1875 2100 1916 dicitur
2120 1875 2171 1916 de
2196 1888 2325 1917 avaro
2350 1877 2380 1901 ¹³
2407 1891 2416 1918 z

1399 1962 1418 1985 (‹
1456 1947 1601 1988 Cuncti
1639 1947 1727 1988 dies
1765 1948 1857 2000 ers
1891 1947 2104 1988 doloribus
2138 1949 2179 1988 et
2215 1948 2421 1988 aerumnis

1393 2018 1507 2072 pleni
1527 2022 1638 2071 sunt,
1661 2031 1739 2060 nec
1760 2032 1834 2072 per
1851 2022 2018 2060 noctem
2036 2022 2177 2060 mente
2193 2019 2416 2073 quiescit.»

1396 2090 1446 2131 Et
1478 2091 1504 2112 ¹¹·
1540 2105 1547 2130 :
1578 2106 1597 2129 (‹
1617 2090 1898 2132 Comederunt
1927 2090 2052 2131 alieni
2082 2092 2214 2132 robur
2242 2093 2355 2144 ers,
2384 2094 2425 2133 et

1396 2161 1485 2214 ipse
1507 2162 1685 2203 nescivit
1711 2177 1719 2203 :
1742 2163 1813 2203 sed
1838 2165 1878 2203 et
1898 2163 1992 2202 cani
2017 2162 2139 2203 effusi
2165 2165 2262 2203 sunt
2284 2163 2328 2203 in
2358 2175 2421 2214 eo,

1398 2235 1439 2272 et
1472 2234 1561 2285 ipse
1591 2233 1823 2284 ignoravit.
1858 2247 1876 2269 »
1912 2232 2010 2273 Haec
2041 2232 2167 2272 etiam
2200 2233 2425 2274 infirmitas

1398 2316 1483 2344 non
1503 2305 1600 2344 sinit
1620 2304 1827 2356 respicere
1846 2316 2040 2352 sursum;
2063 2303 2175 2344 unde
2195 2303 2348 2344 dicitur
2365 2305 2392 2327 ¹⁵
2412 2319 2420 2346 ε

1402 2389 1420 2413 (1
1457 2375 1533 2415 Ubi
1568 2378 1629 2415 est
1669 2375 1894 2415 thesaurus
1928 2377 2052 2425 tuus,
2090 2374 2147 2414 ibi
2180 2377 2243 2414 est
2279 2377 2320 2415 et
2356 2387 2427 2416 cor

1400 2451 1537 2488 tuum.
1570 2461 1589 2484 >³
1626 2446 1676 2487 Et
1713 2446 1757 2486 in
1793 2445 1958 2488 Psalmo
1992 2446 2019 2467 ¹⁶
2057 2460 2066 2486 :
2106 2444 2429 2498 «Supercecidit

1401 2520 1514 2571 ignis
1543 2518 1717 2571 (scilicet
1749 2517 2009 2570 cupiditatis)
2040 2519 2081 2558 et
2111 2529 2198 2558 non
2230 2518 2430 2560 viderunt

1403 2591 1548 2641 solem,
1571 2604 1590 2628 1)
1617 2594 1664 2631 ut
1683 2590 2018 2640 recordarentur,
2040 2592 2118 2630 etc.

1455 2662 1614 2712 Tertio,
1649 2664 1856 2714 quantum
1890 2661 1941 2701 ad
1976 2661 2180 2702 virtutem
2212 2661 2430 2703 accelerati

1402 2735 1621 2783 miraculi,
1655 2733 1879 2786 subjungit
1912 2734 1972 2786 (V.
2008 2734 2076 2786 112)
2116 2749 2124 2775 :
2166 2734 2304 2786 Quam
2334 2746 2430 2777 cum

1401 2807 1564 2849 videret
1583 2805 1716 2856 Jesus,
1735 2805 1888 2845 scilicet
1907 2805 2028 2845 oculo
2044 2805 2208 2858 pietatis
2222 2805 2273 2846 ¹⁷:
2294 2805 2432 2855 «Quia

1404 2890 1479 2932 pro
1494 2878 1630 2931 spexit
1646 2877 1695 2929 (b)
1714 2877 1764 2917 de
1776 2876 1941 2917 excelso
1957 2878 2099 2916 sancto
2119 2888 2210 2926 suo,
2230 2876 2432 2917 Dominus

1404 2951 1453 2991 (10
1468 2949 1572 2991 00010
1593 2949 1637 2989 111
1648 2952 1802 2989 terram
1815 2947 1996 3001 aspexit,
2010 2949 2060 2987 ut
2070 2946 2234 2987 audiret
2245 2946 2433 2998 gemitus

1403 3021 1754 3074 compeditorum,
1776 3021 1816 3060 et
1835 3018 2016 3060 solveret
2032 3017 2139 3058 filios
2158 3017 2430 3071 interempto·
2483 3020 2486 3021 ⁷

1404 3102 1518 3131 rum.
1541 3104 1560 3127 »
1583 3089 1632 3130 Et
1652 3089 1679 3113 ¹⁸
1700 3103 1708 3129 :
1728 3103 1747 3127 «
1767 3087 1922 3128 Audivi
1941 3085 2174 3126 orationem
2194 3087 2326 3137 tuam,
2347 3086 2434 3128 vidi

1402 3162 1636 3214 lacrymam
1655 3163 1788 3200 tuam.
1812 3173 1830 3196 ›)
1871 3156 2046 3199 vocavit
2074 3166 2164 3197 eam
2185 3155 2243 3197 ad
2273 3166 2332 3207 se,
2360 3168 2435 3209 per

1405 3232 1603 3273 affectum
1641 3228 1933 3282 benignitatis3
1971 3227 2154 3268 ,ioannes
2180 3227 2208 3248 1⁹
2233 3241 2242 3268 :
2267 3241 2286 3265 t(
2323 3226 2435 3268 Dixit

1407 3304 1572 3345 Martha
1589 3302 1733 3344 Mariae
1749 3317 1758 3344 :
1774 3301 1975 3353 Magister
1989 3299 2123 3350 adest,
2141 3302 2182 3340 et
2196 3302 2318 3342 vocat
2336 3301 2392 3340 te.
2408 3313 2427 3338 1)

1407 3421 1466 3453 vu,
1487 3414 1557 3443 9.-
1580 3411 1604 3431 ¹⁵
1620 3410 1754 3448 Malta,
1777 3416 1823 3448 vt,
1842 3409 1935 3439 21.-
1956 3407 1982 3429 ¹⁶
1996 3406 2086 3439 Psal.
2107 3415 2195 3448 Lvu,
2216 3409 2290 3439 9.—
2307 3408 2332 3429 ¹⁷
2346 3407 2432 3440 Psal.

1406 3468 1450 3500 01,
1472 3461 1524 3499 20,
1541 3460 1591 3490 21.
1607 3474 1648 3480 —
1666 3456 1692 3479 ¹⁸
1710 3457 1750 3488 lV
1775 3456 1940 3496 1te9.,xx‚
1961 3457 1991 3487 5.
2006 3472 2046 3478 —
2062 3455 2088 3477 1⁹
2104 3456 2213 3493 Joan„
2233 3463 2284 3494 XI,
2304 3457 2355 3487 28.

1449 3531 1490 3570 (α)
1518 3517 1598 3562 Caet.
1620 3528 1700 3559 edit.
1723 3526 1796 3559 Dei.
1815 3543 1856 3548 —
1875 3525 1920 3567 (ὁ)
1947 3525 2037 3557 Edit.
2064 3526 2142 3558 Ven.
2160 3525 2322 3567 respexit.
