2587 3845
1050 182 1218 225 CAPUT
1248 182 1297 224 V.
2187 186 2236 224 33

113 279 255 319 dentes
268 276 551 317 turbabuntur
561 277 712 317 timore
723 273 929 316 horribili.
947 287 965 311 ›>
988 273 1040 315 Et
1054 276 1136 315 tra-

113 347 267 389 ducent
279 347 387 398 illos,
410 347 572 388 Glossa:
598 362 616 385 α
634 347 678 386 in
694 347 842 397 ignem
856 347 1093 393 aeternum3
1114 358 1132 381 »

115 428 170 459 ex*
185 417 360 460 adverso
371 430 388 470 ;
406 418 567 458 Glossa:
604 433 622 455 α
643 418 881 457 accusantes
901 415 1008 465 ilios,
1032 415 1140 454 sicut

115 487 382 528 adversarius
392 491 558 528 accusat
572 488 861 529 adversarium
874 499 1016 534 suum,
1030 500 1048 522 »
1060 487 1141 527 im·-

116 559 302 610 quitates
312 560 514 610 ipsorum,
535 559 577 599 id
592 562 666 609 est,
681 560 848 611 peccata
861 558 913 597 ab
924 557 983 597 eis
995 569 1142 609 perpe-

118 632 240 679 trata,
257 630 393 681 corde,
410 642 497 680 ore,
510 630 576 670 vel
596 642 722 682 opere
738 633 748 653 ¹
769 644 777 670 :
795 645 814 667 (ι
827 629 993 680 Arguet
1007 631 1047 669 te
1062 640 1145 668 ma-

119 699 207 740 litia
231 702 318 740 tua.
339 714 359 738 >³
387 699 557 741 Peccata
576 702 718 740 autem
734 699 933 740 dicuntur
952 711 1147 740 accusare

120 771 336 823 reprobos,
355 771 453 823 quia
467 773 591 811 erunt
616 770 792 811 materia
812 770 1089 811 accusationis
1109 773 1149 810 et

123 840 402 881 damnationis
415 853 563 881 eorum
577 844 591 865 2
610 855 649 881 ια
663 841 972 893 Cogitationum
982 841 1151 892 interfse

124 912 426 962 accusantium,
449 915 523 954 aut
541 913 668 954 etiam
686 913 1012 964 defendentium,
1026 928 1045 950 n
1071 916 1150 953 etc.

480 1075 706 1120 CAPUT
748 1076 804 1119 V.

186 1205 224 1240 1.
248 1202 361 1242 Tunc
380 1201 565 1249 stabunt,
587 1203 665 1241 etc.
683 1199 758 1240 Hic
771 1201 985 1252 comparat
1002 1200 1158 1238 statum

130 1274 344 1323 justorum
365 1272 491 1312 statui
516 1272 770 1323 injustorum
797 1271 841 1310 in
866 1271 956 1322 ipso
984 1269 1157 1321 judicio.

135 1343 186 1384 Et
203 1343 340 1395 primo
357 1342 498 1393 tangit
517 1343 733 1393 justorum
753 1342 1013 1381 constantem
1035 1351 1162 1379 accu-

136 1413 363 1462 sationem3
397 1404 610 1462 secundo,
659 1412 937 1464 reproborum
978 1412 1164 1450 coactam

137 1483 458 1540 confessionem:
482 1483 683 1525 Videntes
701 1482 984 1525 turbabuntur
991 1494 1009 1533 ;
1024 1481 1162 1530 tertio,

138 1558 418 1608 utrorumque
451 1557 611 1608 Justam
654 1554 979 1594 retributionem
1011 1567 1019 1592 z
1052 1552 1168 1594 chscz'

140 1629 282 1668 autem
325 1627 374 1668 τη
415 1629 657 1679 perpetuum
707 1627 863 1675 vivent.
918 1626 950 1665 T
951 1636 1030 1666 unc
1077 1629 1166 1666 sta-

144 1696 266 1747 bunt,
289 1699 385 1748 etc„
405 1697 525 1749 quasi
544 1711 551 1735 :
574 1697 632 1737 sic
651 1697 823 1737 venient
844 1696 961 1749 impii
984 1696 1035 1736 ad
1053 1695 1166 1748 judi-

145 1766 257 1807 cium
277 1767 431 1808 timidi.
454 1769 568 1809 Tunc
578 1780 594 1820 ,·
615 1767 781 1808 Glossa:
807 1779 904 1807 cum
919 1766 1171 1818 jndicabun-

145 1842 216 1878 tur
234 1838 370 1890 impii,
387 1838 541 1879 scilicet
562 1839 607 1878 in
625 1839 690 1879 die
706 1838 953 1879 novissimo.
978 1837 1026 1877 Et
1047 1837 1168 1877 dicit:

151 1907 279 1959 Tunc,
296 1908 632 1958 indeterminate,
654 1909 754 1962 quia
772 1909 785 1931 ³
801 1924 841 1949 ιε(
859 1909 909 1949 de
929 1908 994 1949 die
1014 1908 1084 1948 illa
1103 1920 1174 1948 ne-

150 1990 220 2019 mo
241 1979 332 2020 scit.
357 1994 376 2017 >³
401 1979 505 2020 Item
528 1979 563 2020 t:
595 1995 614 2017 (ι
633 1979 727 2020 Non
753 1982 815 2020 est
840 1982 1032 2020 vestrum
1053 1991 1175 2019 nosse

150 2052 353 2102 tempora,
375 2050 443 2098 vel
463 2054 692 2101 momenta,
715 2063 812 2104 quae
834 2054 952 2103 pater
973 2051 1112 2103 posuit
1132 2050 1177 2090 in

151 2132 227 2160 sua
245 2123 462 2173 potestate,
481 2136 500 2159 >³
518 2122 710 2173 Stabunt,
730 2123 899 2173 scilicet,
916 2123 990 2176 qui
1010 2123 1052 2162 in
1071 2134 1177 2174 prae-

152 2192 256 2231 senti
277 2191 357 2232 visi
376 2193 541 2233 fuerant
561 2194 722 2244 cadere,
742 2194 810 2235 vel
825 2195 965 2247 jacere
982 2195 1016 2234 5:
1037 2209 1056 2231 «
1081 2193 1178 2234 Erat

153 2263 325 2315 quidam
352 2265 568 2305 mendicus
599 2265 804 2315 Lazarus,
839 2265 913 2318 qui
939 2265 1104 2317 jacebat
1129 2264 1181 2304 ad

150 2334 328 2385 J'anuam
347 2336 454 2387 ejus.
474 2350 494 2373 ι)
516 2335 547 2376 Ε
569 2340 714 2376 contra
745 2336 858 2387 mali,
882 2336 956 2388 qui
980 2348 1095 2375 nunc
1116 2335 1180 2377 vi-

156 2403 308 2445 dentur
337 2408 466 2456 stare,
496 2409 597 2446 tunc
621 2407 821 2459 jacebunt
850 2408 863 2429 ⁶
888 2422 896 2446 z
926 2423 945 2445 (ι
977 2407 1184 2447 Jacebunt

158 2476 259 2516 mali
276 2479 374 2517 ante
400 2477 547 2518 bonos.
570 2492 589 2514 »
620 2478 822 2527 Stabunt,
852 2478 1048 2530 inquam,
1072 2476 1186 2528 justi

160 2547 210 2587 in
235 2556 392 2599 ‘magma
416 2548 676 2597 constancia,
704 2547 745 2587 id
777 2550 858 2599 est,
882 2549 1121 2588 constanter
1147 2549 1188 2588 et

162 2617 372 2667 audacter,
395 2621 565 2671 propter
583 2619 880 2659 confidentiam
903 2630 1032 2670 quam
1054 2619 1186 2660 habe-

162 2689 282 2729 bunt.

217 2759 281 2800 Ex
299 2762 458 2812 septem
474 2761 725 2802 confidentia
744 2764 987 2803 sanctorum
1008 2762 1054 2802 in
1071 2761 1189 2815 Judi-

165 2830 230 2870 cio
261 2832 436 2881 surget:
476 2829 540 2870 Ex
565 2831 732 2882 Justitia
763 2843 903 2872 causae
929 2835 1047 2872 suae⁷
1071 2845 1079 2871 :
1109 2846 1128 2869 α
1148 2830 1192 2872 Si

167 2901 284 2941 fuero
316 2900 552 2952 judicatus,
593 2902 678 2942 scio
724 2902 836 2955 quod
880 2903 1022 2954 ,iustus
1070 2902 1191 2943 inve-

168 2971 275 3012 niar.
295 2986 315 3010 ))
338 2971 443 3013 Item
459 2971 495 3013 8:
524 2987 544 3010 ((
564 2971 710 3013 Judica
727 2986 796 3014 me
813 2974 1048 3014 secundum
1067 2973 1192 3026 justi-

170 3043 272 3082 tiam
300 3055 454 3084 meam.
485 3057 504 3080 ))
523 3043 730 3094 Secundo,
760 3057 814 3085 ex
845 3044 1093 3085 sufficientia
1123 3056 1197 3084 seu

173 3114 291 3166 copia
302 3114 624 3166 probationum:
639 3115 857 3155 habebunt
878 3115 991 3156 enim
1005 3118 1197 3167 paratam

173 3184 462 3235 probationem
488 3197 564 3237 per
583 3186 784 3238 scriptum
804 3186 1134 3226 instrumentum
1155 3189 1169 3209 ⁹
1187 3199 1196 3225 ε

183 3253 395 3295 «Librum
427 3256 581 3296 scribat
609 3256 718 3308 ipse,
761 3256 834 3308 qui
861 3257 1041 3310 judicat,
1067 3273 1085 3293 »
1122 3259 1198 3296 etc.

223 3336 234 3357 1
249 3337 378 3373 Jerem„
401 3346 438 3378 11,
458 3341 507 3370 19.
522 3357 564 3362 —
582 3340 593 3357 ²
613 3339 713 3379 Rom„
736 3348 773 3379 11,
798 3342 847 3370 15.
868 3357 908 3363 —
929 3339 942 3360 3
959 3339 1095 3380 Mami„
1116 3346 1202 3376 xxii,

181 3383 232 3413 36.
253 3399 289 3404 —
310 3383 424 3424 6Ἀτίη
446 3393 474 3423 1,
495 3387 525 3416 7.
546 3387 612 3409 -5
630 3387 720 3426 Luc.‚
739 3395 816 3425 XVI,
841 3389 892 3419 ΞΟ.
914 3404 956 3410 -
974 3388 985 3405 ‘⁵
1001 3388 1113 3425 Pron„
1131 3392 1203 3425 xnv,

181 3430 287 3460 19.—
305 3429 318 3451 ⁷
336 3430 406 3467 Job‚
427 3435 628 3471 X111,18.—
647 3435 658 3453 ⁸
680 3433 765 3466 Psal.
784 3441 844 3473 vu,
867 3437 897 3465 9.
915 3451 955 3457 --
973 3434 985 3452 ⁹
1005 3433 1078 3472 Job,
1098 3440 1203 3471 xxxix,

183 3478 234 3508 35.
248 3494 288 3499 —
309 3479 334 3501 ¹0
351 3479 462 3518 Apoc„
482 3487 541 3520 xx,
561 3484 591 3514 2.
608 3500 648 3506 -
669 3486 696 3505 ²¹
713 3483 790 3523 job,
811 3491 883 3522 xvr,
903 3484 955 3513 20.
970 3499 1011 3504 —
1033 3481 1053 3499 ¹²
1071 3481 1179 3511 jerem

315 3558 414 3588 TOM.
448 3560 492 3587 X.

1215 273 1319 312 Item
1337 273 1388 310 ¹⁰:
1419 286 1438 309 «
1457 270 1635 311 Iudicati
1662 272 1761 310 sunt
1782 269 1938 310 mortui
1961 281 2014 309 ex
2043 269 2115 320 iis,
2143 282 2240 322 quae

1217 342 1370 395 scripta
1391 344 1510 381 erant
1538 341 1584 381 in
1609 340 1741 380 libris.
1764 355 1782 377 ›)
1806 339 1910 380 Item
1938 351 2013 392 per
2041 342 2167 380 testes
2186 341 2210 362 ¹¹
2231 355 2240 381 :

1224 429 1243 451 «
1268 413 1371 453 Ec÷=e
1400 412 1513 452 testis
1539 424 1660 452 meus
1685 412 1728 452 in
1760 411 1887 461 coelo,
1922 426 1941 448 >³
1974 411 2128 451 scilicet
2156 411 2246 464 ipse

1219 484 1354 533 Deus3
1380 483 1492 523 unde
1521 483 1546 504 ¹2
1573 496 1581 523 :
1611 498 1630 520 (t
1649 483 1740 534 Ego
1761 495 1855 522 sum
1874 482 2008 534 judex
2033 484 2074 521 et
2105 482 2245 532 testis,

1221 554 1319 595 dicit
1346 553 1561 594 Dominus.
1583 568 1602 591 >)
1627 552 1784 604 Tertio,
1814 565 1867 594 ex
1894 553 2094 593 fidelitate
2119 553 2249 594 advo-

1223 628 1413 665 catorum
1434 625 1463 647 ¹³
1484 636 1493 663 z
1522 638 1541 660 «
1560 623 1823 664 Advocatum
1846 624 2052 664 habemus
2076 623 2121 664 in
2147 624 2251 665 coelo

1223 695 1365 735 Iesum
1381 693 1593 735 Christum
1608 709 1617 744 3
1630 709 1649 732 ›)
1664 694 1763 734 item
1777 693 1980 746 Spiritum
1992 697 2183 735 sanctum
2199 695 2250 735 ¹¹⁵:

1231 780 1250 803 α
1268 765 1446 818 Spiritus
1466 765 1675 817 postulat,
1696 780 1714 801 n
1733 767 1810 805 etc.
1827 780 1836 814 ;
1866 766 1966 806 item
1986 767 2153 807 beatam
2166 765 2256 808 Vir-

1230 837 1395 888 ginem,
1417 837 1529 878 unde
1558 837 1792 878 clamamus
1813 837 1841 859 ¹⁵
1870 852 1878 878 ;
1908 837 2146 890 Aclvocata,
2177 841 2256 879 etc.

1230 908 1408 959 Quarto,
1441 920 1494 948 ex
1524 908 1771 960 impotentia
1799 908 2160 960 adversariorum,
2198 921 2261 949 se-

1231 980 1419 1020 cundum
1440 979 1482 1019 id
1499 978 1691 1020 ¹⁶:(‹Non
1715 982 1943 1031 resurgent
1971 979 2092 1032 impii
2119 979 2163 1019 in
2187 981 2263 1031 Ju-

1233 1051 1355 1100 dicio,
1370 1066 1389 1088 »
1408 1050 1563 1092 scilicet
1582 1051 1634 1092 ad
1648 1051 1904 1091 accusandos
1917 1052 2068 1103 Justos.
2081 1050 2108 1072 ¹⁷
2126 1065 2145 1089 α
2165 1050 2264 1091 Pro-

1230 1125 1367 1175 jectus
1394 1124 1454 1162 est
1484 1125 1717 1172 accusator,
1738 1136 1757 1158 n
1782 1125 1860 1162 etc.
1890 1122 2059 1171 Quinto,
2086 1134 2138 1162 ex
2158 1121 2267 1162 ami-

1236 1193 1332 1233 citia
1354 1195 1394 1234 et
1425 1193 1624 1234 affinitate
1643 1194 1798 1246 judicis
1827 1195 2019 1246 ipsorum
2040 1194 2094 1234 ¹⁸:
2124 1193 2266 1234 «Caro

1238 1268 1381 1304 nostra
1415 1268 1455 1304 et
1494 1266 1621 1305 frater
1653 1268 1796 1306 noster
1831 1268 1907 1306 est.
1941 1279 1960 1303 ›>
1997 1265 2264 1305 Bernardus:

1246 1351 1264 1373 «
1281 1335 1407 1386 Puto,
1429 1347 1628 1387 spernere
1647 1348 1717 1375 me
1737 1347 1824 1375 non
1849 1335 2003 1387 poterit
2021 1347 2067 1375 os
2092 1348 2146 1375 ex
2165 1335 2268 1375 ossi-

1240 1407 1319 1446 bus
1340 1407 1459 1457 meis,
1484 1409 1524 1447 et
1545 1405 1715 1447 caro'de
1736 1419 1862 1447 carne
1883 1419 1992 1447 mea.
2014 1422 2033 1444 »
2057 1406 2200 1457 Sexto,
2219 1418 2273 1447 ex

1241 1477 1535 1518 benevolentia
1566 1490 1849 1529 assessorum,
1885 1478 1926 1518 id
1956 1480 2041 1529 est,
2071 1477 2275 1530 apostolo-

1243 1559 1342 1588 rum
1365 1549 1392 1572 ¹⁹
1413 1563 1421 1588 ε
1453 1563 1472 1586 α
1491 1548 1695 1590 Sedebitis
1715 1552 1754 1590 et
1778 1561 1856 1591 vos
1875 1561 2003 1602 super
2030 1549 2146 1589 sedes
2165 1548 2276 1589 duo-

1243 1620 1378 1660 decim
1393 1605 1676 1672 judicantes,»'
1696 1624 1774 1661 etc.
1795 1620 1941 1661 Item²⁰
1957 1633 1998 1661 z«
2016 1620 2278 1673 Pauperibus

1240 1691 1450 1742 judicium
1471 1692 1668 1733 tribuit.»
1696 1692 1900 1744 Septimo,
1926 1704 1980 1733 ex
1995 1691 2278 1732 familiaritate

1247 1762 1491 1803 officialium
1526 1763 1706 1815 judicis,
1744 1762 1899 1803 scilicet
1923 1762 2177 1814 angelorum
2208 1763 2234 1784 ‘²¹
2267 1776 2276 1801 :

1255 1833 1479 1873 «Exibunt
1512 1834 1677 1885 angeli,
1713 1837 1753 1874 et
1786 1834 2042 1886 separabunt
2070 1833 2203 1873 malos
2230 1832 2281 1873 de

1250 1904 1387 1944 medio
1416 1906 1646 1956 Justorum.
1677 1920 1696 1942 »
1723 1904 1938 1945 Adversus
1968 1914 2063 1956 608,
2101 1903 2277 1944 Glossa:

1257 1992 1275 2015 α
1305 1977 1599 2017 Persecutores
1628 1988 1741 2017 suos.
1774 1990 1793 2012 »
1823 1976 1910 2027 Qui
1939 1986 1981 2017 se
2008 1976 2282 2028 anquslz'ave-

1252 2051 1354 2090 runt
1366 2062 1381 2089 .·
1400 2047 1564 2087 Glossa:
1587 2062 1605 2085 ι(
1625 2046 1673 2087 In
1694 2047 1898 2099 martyrio
1918 2058 1989 2086 eos
2008 2045 2287 2098 personaliter

1253 2118 1497 2170 affligendo.
1514 2119 1598 2155 »²²«
1618 2117 1879 2169 Angustiati,
1903 2117 2060 2168 afflicti,
2088 2131 2107 2154 ›>
2127 2122 2204 2157 etc.
2229 2116 2285 2158 Ετ

1255 2190 1330 2242 qui
1351 2189 1612 2232 abstulerunt
1632 2189 1788 2230 labores
1810 2188 2012 2230 illorum:
2034 2187 2285 2240 corporales,

1256 2261 1409 2301 scilicet
1437 2273 1508 2301 eos
1540 2272 1614 2313 per
1642 2259 1889 2301 violentiam
1917 2258 2156 2312 spoliando;
2190 2269 2290 2298 cum

1256 2334 1399 2372 tamen
1432 2331 1563 2371 sancti
1594 2330 1828 2382 gaudenter
1863 2329 1955 2370 haec
1987 2329 2288 2377 sustinuerint,

1257 2402 1370 2442 unde
1383 2402 1409 2424 2³
1426 2416 1434 2442 :
1453 2417 1472 2439 α
1483 2401 1690 2454 Rapinam
1706 2401 1922 2442 bonorum
1937 2403 2175 2441 vestrorum
2193 2411 2292 2440 cum

1261 2472 1433 2523 gaudio,
1456 2486 1475 2509 n
1490 2474 1567 2512 etc.
1581 2486 1590 2520 ;
1607 2471 1676 2512 vel
1694 2471 1853 2513 labores
1867 2470 2124 2523 spirituales,
2141 2480 2289 2509 eorum

1259 2544 1445 2583 fructum
1458 2543 1624 2583 auferre
1638 2541 1844 2592 conando,
1857 2540 2012 2582 scilicet
2024 2539 2293 2592 provocando

1261 2626 1333 2655 eos
1361 2614 1414 2655 ad
1432 2616 1671 2667 peccatum;
1704 2613 1755 2654 de
1783 2613 1863 2653 hoc
1889 2612 2053 2661 fructu,
2088 2621 2217 2662 supra
2235 2610 2291 2649 ²³:

1269 2684 1518 2726 «Bonorum
1533 2685 1731 2725 laborum
1749 2683 1962 2735 gloriosus
1982 2684 2045 2722 est
2063 2681 2226 2721 fructus
2242 2695 2251 2730 ;
2269 2694 2290 2718 a>

1264 2757 1332 2797 vel
1351 2760 1553 2808 utrosque
1574 2754 1726 2804 simul,
1748 2753 1984 2794 secundum
2004 2751 2208 2800 Glossam,
2230 2762 2297 2791 eo-

1265 2839 1366 2868 rum
1385 2827 1542 2867 scilicet
1556 2826 1720 2866 labores
1739 2823 1977 2877 corporales
1996 2826 2037 2864 et
2056 2821 2297 2875 spirituales

1267 2911 1421 2949 vanos,
1444 2901 1485 2939 et
1503 2898 1653 2938 stultos
1669 2895 1914 2949 judicando.

1322 2974 1361 3012 2.
1394 2969 1596 3012 Videntes
1626 2967 1922 3017 turbabuntur,
1949 2968 2028 3007 etc.
2057 2964 2134 3005 Hic
2161 2963 2300 3015 tangit

1270 3041 1552 3093 reproborum
1566 3040 1752 3079 coactam
1765 3037 2082 3078 confessionem.
2098 3035 2150 3076 Et
2164 3035 2301 3087 primo

1271 3111 1410 3163 tangit
1431 3111 1642 3152 motivum
1662 3109 1716 3149 ad
1735 3108 2040 3149 confessionem
2063 3106 2213 3156 talem3
2235 3117 2303 3145 se-

1274 3182 1428 3233 cundo,
1453 3179 1724 3222 confessionis
1744 3178 1964 3219 materiam
1983 3192 1992 3218 :
2011 3177 2071 3219 Hz·
2089 3180 2189 3219 sunt
2202 3186 2305 3227 quos

1277 3297 1378 3327 xxix,
1396 3290 1448 3319 23.
1465 3304 1505 3309 —
1533 3288 1715 3325 ¹³1J0cm„
1744 3294 1788 3325 11,
1814 3290 1841 3317 1.
1861 3303 1902 3309 —
1923 3286 1950 3308 ¹¹·
1969 3285 2072 3324 Rom,
2092 3291 2171 3321 v111,
2191 3284 2242 3314 26.
2267 3298 2306 3304 —

1280 3337 1304 3355 ¹⁵
1343 3337 1380 3367 ln
1412 3335 1551 3376 Antiph.
1585 3334 1697 3371 Salve,
1729 3334 1864 3374 Reqz'na.
1895 3349 1935 3355 -
1968 3331 1993 3353 ¹⁶
2026 3331 2112 3363 Psal.
2147 3338 2176 3368 1,
2211 3331 2242 3360 5.
2266 3345 2307 3351 —

1282 3384 1304 3405 ¹⁷
1324 3384 1436 3424 Apoc„
1457 3391 1520 3422 ΧΠ,
1542 3384 1592 3413 10.
1612 3399 1653 3404 —
1674 3380 1699 3402 ¹⁸
1717 3380 1811 3420 Gen„
1830 3388 1976 3417 xxxvii,
1996 3380 2048 3410 27.
2068 3395 2109 3400 —
2127 3378 2149 3395 ¹⁹
2169 3375 2307 3415 Matth„

1280 3438 1351 3465 xix,
1372 3432 1423 3461 28.
1442 3447 1484 3453 —
1503 3430 1527 3449 2⁰
1546 3428 1618 3469 Job,
1638 3436 1763 3470 xxxvi,
1783 3430 1813 3459 6.
1835 3444 1876 3450 —-
1896 3427 1922 3448 ²¹
1943 3425 2080 3464 Matth„
2098 3431 2176 3464 xm,
2197 3425 2249 3455 49.
2269 3441 2310 3447 -

1281 3479 1307 3499 22
1326 3477 1439 3517 Hebr„
1459 3485 1508 3517 xi,
1529 3479 1580 3508 37.
1601 3494 1641 3499 —
1661 3476 1687 3498 ²³
1707 3476 1818 3514 Helm,
1841 3483 1875 3515 x,
1896 3475 1948 3505 34.
1969 3490 2008 3496 -
2028 3472 2053 3494 2⁴
2073 3472 2167 3512 Sap„
2188 3479 2239 3508 111,
2259 3473 2309 3502 15.

2049 3535 2073 3572 3
