2634 3853
1014 158 1286 202 EXPOSITIO
1316 160 1367 203 IN
1397 161 1510 202 CAP.
1543 160 1594 201 ll.
2288 173 2364 210 257

251 252 440 307 ceptioni,
462 250 694 291 secundum
726 249 852 289 aliam
870 248 1053 288 litteram
1074 249 1084 269 ¹
1110 262 1117 287 :
1145 262 1164 284 α
1186 247 1272 288 Na-

248 334 407 364 zaraeus
428 322 478 362 de
496 320 633 361 radice
651 322 742 373 eJ‘us
757 319 966 369 ascendet,
980 333 998 355 »
1007 320 1084 358 etc.
1112 317 1269 358 Secun-

246 395 348 434 dum
364 393 489 433 aliam
513 404 630 441 vero,
654 390 900 431 Bethlehem
921 388 1155 438 nativitati3
1178 388 1271 428 ideo

244 463 414 504 subdit:
442 463 493 503 ln
526 462 745 511 mamam,
780 462 828 502 z'n
861 460 1080 501 civitatem
1108 460 1267 509 David,

244 542 337 584 quoe
361 536 537 574 vocatur
573 530 807 574 Bethlehem
836 530 850 550 ²
875 543 919 569 :a
939 529 989 569 Et
1010 531 1080 579 tu,
1105 527 1269 569 Bethle-

242 603 342 643 hem
358 602 556 655 Ephrata,
575 601 778 655 parvulus
795 612 838 640 es
857 600 901 639 in
922 599 1094 640 milibus
1125 600 1233 640 Juda
1261 614 1268 639 :

243 684 297 713 ex
318 675 359 712 te
381 672 487 712 mihi
513 672 775 723 egredietur,
805 670 878 723 qui
900 670 951 710 sit
975 670 1210 710 dominator
1227 670 1272 709 in

243 743 401 783 lsrael:
427 745 467 783 et
491 753 689 795 egressus
721 743 813 793 ejus
848 740 899 780 ab
934 740 1052 780 initio
1073 752 1097 780 a
1118 739 1269 780 diebus

243 813 503 854 aeternitatis.
535 826 554 850 ›>
593 811 708 852 Unde
744 810 923 860 dicitur,
962 810 1076 862 quod
1116 809 1273 850 Herodi

241 885 470 937 quaerenti,
485 883 560 924 ubi
581 883 767 923 Christus
800 884 1043 922 nasceretur
1057 912 1070 930 ,
1091 893 1272 933 respon-

243 955 396 996 derunt
415 954 571 996 Scribae
593 954 606 975 ³
627 968 636 994 ι
671 969 690 992 α
714 953 761 993 In
788 953 1036 994 Bethlehem
1055 953 1076 993 J
1082 953 1190 1003 udae,
1215 952 1274 992 sic

244 1026 358 1067 enim
393 1026 595 1078 scriptum
623 1028 684 1066 est
711 1037 786 1077 per
821 1024 1073 1077 Prophetam
1107 1039 1115 1063 ε
1157 1023 1208 1064 Et
1226 1026 1274 1063 tu

245 1096 492 1138 Bethlehem
516 1099 628 1136 terra
648 1095 667 1136 J
675 1095 776 1144 uda,
801 1107 1072 1148 nequaquam
1096 1095 1275 1135 minima

247 1180 292 1209 es
310 1169 356 1208 in
367 1168 626 1221 principibus
642 1167 661 1207 J
666 1167 749 1208 uda
770 1181 777 1207 :
796 1169 900 1206 exte
919 1167 1032 1207 enim
1045 1167 1157 1207 exiet
1170 1167 1272 1214 dux,

247 1239 321 1291 qui
352 1241 476 1289 regat
500 1238 707 1290 populum
739 1249 887 1278 meum
907 1237 1047 1277 Israel.
1074 1252 1093 1274 »
1118 1237 1167 1277 Et
1182 1237 1275 1277 haec

246 1308 325 1348 fuit
344 1308 490 1348 clvitas
510 1307 641 1348 David
655 1339 666 1357 ,
696 1308 796 1360 quia
816 1307 912 1347 inde
939 1307 1118 1359 sumpsit
1140 1307 1273 1358 origi-

98 1359 230 1426 ρῑῇῗζωε
247 1389 346 1418 nem
365 1378 380 1399 ¹*
401 1390 411 1418 z
439 1393 457 1416 α
477 1378 589 1418 Dixit
608 1377 810 1418 Dominus
824 1378 877 1418 ad
889 1376 1151 1418 Samuelem:
1170 1376 1275 1417 Veni

90 1439 159 1466 aubi
181 1447 230 1466 ¹³⁸·
247 1451 295 1489 ut
313 1448 479 1489 mittam
507 1451 549 1489 te
580 1448 631 1488 ad
661 1448 740 1489 Isai
768 1447 1121 1489 Bethlehemitem
1143 1462 1151 1487 ε
1174 1459 1271 1500 pro-

88 1482 152 1516 tus,
163 1480 231 1508 alibi

91 1530 232 1589 tffin‘ffii
249 1521 337 1562 vidi
357 1521 471 1562 enim
490 1521 533 1561 in
543 1521 640 1560 filiis
652 1522 744 1573 ejus
759 1521 865 1561 mihi
876 1533 1039 1573 regem.
1057 1536 1075 1558 »
1095 1520 1146 1561 Et
1159 1522 1272 1569 nota,

93 1583 231 1631 eau'catus
250 1591 362 1644 quod
389 1591 487 1632 alibi
502 1594 628 1632 natus
647 1595 709 1632 est
735 1592 924 1632 Christus
942 1623 951 1640 ‚
974 1591 1073 1632 alibi
1099 1603 1273 1643 concep-

249 1663 335 1711 tus,
363 1664 404 1702 et
428 1661 526 1702 alibi
547 1662 768 1712 educatus,
804 1665 851 1702 ut
871 1662 1079 1703 Herodem
1100 1665 1141 1701 et
1174 1661 1275 1701 alios

250 1732 402 1785 impios
420 1733 566 1774 lateret
594 1736 634 1773 et
665 1733 968 1773 incarnationis
1004 1732 1272 1785 mysterium.

249 1800 366 1843 Unde
387 1803 569 1845 ,Ioannes
625 1818 633 1843 z
677 1818 695 1840 α
717 1802 935 1855 Numquid
956 1816 980 1842 a
1009 1802 1178 1843 Galilaea
1197 1814 1273 1842 ve-

248 1873 311 1914 nit
340 1874 558 1914 Christus?
594 1873 740 1915 Nonne
764 1874 981 1926 Scriptura
1014 1874 1140 1922 dicit,
1175 1872 1275 1925 quia

248 1956 302 1985 ex
317 1944 477 1985 semine
499 1945 644 1995 David,
668 1947 709 1985 et
743 1945 792 1984 de
815 1944 1057 1985 Bethlehem
1088 1943 1270 1992 castello,

247 2015 320 2054 ubi
339 2018 428 2055 erat
445 2015 587 2066 David,
611 2015 726 2055 venit
743 2014 958 2056 Christus?
978 2029 996 2052 >³
1034 2014 1275 2055 Ostenditur

248 2085 372 2125 etiam
392 2085 508 2126 locus
524 2085 594 2126 ille
615 2086 872 2126 conveniens
888 2086 1032 2127 divino
1049 2086 1271 2138 promisso,

248 2168 346 2196 cum
364 2156 556 2196 subditur
582 2170 590 2196 :
609 2157 670 2198 Eo
690 2156 803 2209 quod
822 2162 925 2198 esset
941 2156 990 2198 cte
1011 2156 1131 2199 domo
1145 2161 1183 2200 ec
1204 2158 1272 2208 fa-

246 2227 369 2268 milia
397 2226 562 2276 David,
589 2227 677 2279 ipse
711 2227 890 2276 scilicet,
931 2231 972 2268 et
1008 2240 1162 2280 sponsa
1198 2240 1274 2268 sua

246 2296 372 2348 virgo
403 2297 546 2337 Maria.
588 2296 704 2337 Unde
726 2297 823 2337 dicit
856 2297 1094 2338 Bernardus
1113 2297 1140 2347 ⁶,
1163 2298 1274 2350 quod

253 2380 272 2403 «
283 2366 326 2405 in
336 2367 466 2407 altera
476 2366 683 2418 completa
696 2369 757 2406 est
772 2367 992 2418 promissio
1005 2368 1112 2407 facta
1125 2367 1272 2415 David,

248 2437 379 2477 altero
405 2440 571 2478 tantum
596 2440 700 2477 teste
729 2440 769 2477 et
798 2437 1011 2478 conscio.»
1042 2438 1142 2479 Haec
1181 2449 1276 2489 pro·

251 2507 394 2547 missio
412 2507 519 2547 facta
536 2509 598 2547 est
616 2507 762 2557 David,
784 2519 858 2560 per
883 2507 1049 2548 Nathan
1068 2509 1081 2529 ⁷
1106 2521 1115 2548 ε
1144 2508 1276 2548 «Haec

251 2576 348 2617 dicit
376 2577 582 2618 Dominus
614 2588 624 2615 z
650 2577 850 2630 Requiem
873 2578 980 2618 dabo
1008 2578 1085 2618 tibi
1108 2578 1161 2618 ab
1187 2590 1276 2618 om-

250 2647 376 2688 nibus
393 2647 574 2687 inimicis
592 2648 676 2688 tuis
701 2662 709 2689 :
735 2648 1011 2701 praedicitque
1029 2649 1106 2689 tibi
1132 2648 1271 2689 Domi-

247 2729 343 2768 nus,
365 2718 476 2771 quod
503 2718 678 2759 domum
690 2718 812 2759 faciat
829 2718 1139 2760 tibiDominus.
1154 2718 1275 2759 Cum-

246 2801 328 2842 que
343 2789 538 2842 completi
565 2790 719 2830 fuerint
745 2790 833 2830 dies
849 2790 933 2840 tui,
974 2793 1014 2831 et
1054 2791 1274 2831 dormieris

246 2872 343 2901 cum
358 2861 551 2914 patribus
581 2861 685 2911 tuis,
726 2862 936 2902 suscitabo
973 2874 1118 2902 semen
1149 2865 1272 2903 tuum

246 2934 338 2982 post
357 2936 411 2982 te,
440 2932 553 2984 quod
582 2932 828 2984 egredietur
861 2933 912 2973 de
939 2935 1060 2973 utero
1094 2935 1194 2983 tuo,
1233 2935 1274 2973 et

246 3000 422 3042 firmabo
453 3014 640 3054 regnum
668 3003 776 3055 cJ'us,
816 3002 908 3055 Ipse
938 3003 1161 3044 aedificabit
1193 3004 1270 3044 do-

248 3080 368 3110 mum
391 3071 558 3112 nomini
579 3084 699 3123 meo,
740 3075 781 3113 et
820 3073 1029 3113 stabiliam
1065 3073 1271 3114 thronum

248 3141 371 3191 regni
388 3143 480 3194 ejus
504 3143 702 3196 usquein
730 3145 1050 3196 sempiternum.
1077 3158 1096 3182 »
1115 3143 1166 3185 Et
1177 3155 1270 3184 rur-

290 3248 300 3268 1
327 3247 404 3286 Isa„
435 3255 490 3287 xr,
522 3251 549 3280 1.
581 3251 644 3281 Pro
676 3258 756 3282 voce
784 3251 865 3292 flOS,
894 3252 1038 3284 habetur
1066 3253 1101 3284 in
1129 3253 1268 3284 hebraeo

246 3296 366 3333 netser,
382 3294 441 3325 sed
459 3295 627 3327 mediante
644 3297 750 3336 tsade,
770 3297 857 3338 Ἤ),
889 3299 968 3330 dum
1001 3309 1018 3331 e
1053 3302 1172 3332 contra
1199 3308 1269 3330 vox

246 3349 350 3377 nezer,
380 3349 399 3371 a
419 3349 485 3381 qua
508 3341 703 3382 Nazaraeus‚
727 3344 882 3376 scribitur
906 3345 1025 3378 initiali
1053 3347 1158 3387 Zam,
1190 3346 1265 3393 '‘1³-

247 3403 285 3409 -
304 3387 318 3406 ‘³
341 3387 455 3426 Mc'clt„
476 3395 507 3427 v,
529 3389 559 3419 2.
581 3404 620 3411 —
638 3389 651 3410 ³
676 3390 810 3429 Matth„
833 3400 878 3432 11,
899 3394 929 3424 6.
957 3409 996 3416 —-
1014 3393 1027 3415 ¹·
1049 3394 1058 3424 l
1080 3395 1170 3434 Κεφ,
1195 3401 1265 3433 xvi,

249 3437 277 3466 1.
296 3450 336 3456 —
368 3434 381 3455 5
406 3434 514 3474 Joan.2
541 3441 607 3474 vn,
634 3437 684 3467 42.
711 3452 751 3460 -
773 3438 786 3459 ⁶
809 3439 923 3481 Bern„
949 3449 1024 3482 sup.
1053 3442 1175 3475 Missus
1200 3443 1264 3483 est,

405 3503 505 3535 TOH·
533 3503 578 3535 X·

1345 261 1417 290 sus
1436 249 1449 270 ⁸
1472 263 1480 290 :
1507 264 1526 287 (ι
1544 249 1710 290 ‚Iuravit
1735 249 1938 291 Dominus
1965 250 2095 293 David
2129 255 2363 306 veritatem,

1345 323 1385 361 et
1400 333 1486 361 non
1505 321 1775 362 frustrabitur
1793 333 1890 362 eum
1914 322 1964 375 (a)
1989 336 1998 363 :
2020 323 2076 364 De
2100 324 2241 365 fructu
2259 338 2369 367 ven-

1343 391 1419 431 tris
1438 391 1500 431 tui
1521 403 1676 443 ponam
1697 403 1823 444 super
1847 393 1988 433 sedem
2016 396 2151 435 tuam.
2172 409 2192 433 n
2221 395 2368 437 Osten-

1344 461 1458 501 ditur
1481 465 1694 513 postremo
1714 463 1970 504 conveniens
1990 464 2200 517 imperiali
2219 466 2368 517 edicto,

1345 544 1443 572 cum
1468 533 1661 573 subditur
1703 535 1756 585 (v.
1799 537 1836 584 5)
1870 549 1878 575 z
1916 537 1968 577 [st
1983 536 2256 587 profiteretur
2278 548 2373 580 cum

1347 602 1490 644 Maria
1523 602 1780 654 desponsata
1817 606 1900 647 sibi
1936 616 2068 649 uoeore
2106 614 2370 662 praeqnante.

1346 672 1434 712 Hoc
1454 672 1567 712 enim
1584 678 1842 725 processerat
1861 687 1914 716 ex
1940 676 2149 729 imperiali
2162 679 2311 721 edicto.
2326 680 2377 721 Et

1345 742 1439 782 licet
1459 745 1554 783 ante
1568 744 1659 795 jam
1681 745 1936 797 concepisset
1948 746 2081 798 Virgo
2104 749 2264 801 Regem
2285 751 2378 791 coeli

1346 814 1386 852 et
1411 815 1551 863 terrae,
1577 816 1720 854 tamen
1740 815 1944 867 imperiali
1967 816 2101 857 edicto
2128 819 2253 859 etiam
2268 832 2379 872 prae-

1347 895 1486 935 gnans
1507 884 1641 924 voluit
1662 886 1845 931 obedireq
1872 889 1920 927 ut
1947 890 2087 940 posset
2106 901 2203 929 cum
2215 890 2302 932 filio
2313 891 2377 932 di—

1347 966 1440 994 cere
1459 954 1563 995 illud
1585 958 1598 979 ⁹
1620 968 1629 995 :
1662 971 1680 993 «
1707 955 1773 996 Sic
1812 957 1924 997 enim
1963 958 2080 999 decet
2097 971 2174 1000 nos
2201 960 2379 1013 implere

1347 1036 1520 1064 omnem
1549 1026 1786 1077 Justitiam‚
1809 1043 1827 1065 ›)
1855 1030 1894 1068 et
1913 1040 1988 1081 per
2020 1030 2100 1070 hoc
2133 1032 2377 1084 exemplum

1349 1094 1448 1134 dare
1468 1094 1590 1134 nobis
1610 1096 1928 1148 obtemperandi
1958 1099 2075 1139 omni
2091 1102 2284 1152 potestati
2305 1114 2377 1143 su-

1348 1164 1516 1215 periori,
1538 1166 1769 1206 secundum
1788 1167 1892 1208 illud
1914 1169 1941 1193 ¹⁰
1963 1181 1972 1209 ε
2002 1184 2021 1207 (ι
2042 1169 2229 1223 Subjecti
2245 1173 2380 1225 igitur

1349 1236 1481 1274 estote
1498 1236 1615 1275 omni
1645 1236 1848 1278 humanae
1866 1244 2086 1291 creaturae,
2108 1245 2279 1294 propter
2304 1244 2379 1284 Do-

1350 1304 1532 1355 minum,
1558 1306 1647 1346 sive
1670 1307 1794 1358 regi,
1829 1309 1950 1360 quasi
1985 1311 2263 1363 praecellenti,
2289 1313 2379 1355 sive

1349 1374 1540 1425 ducibus,
1558 1378 1764 1429 tanquam
1786 1378 1838 1418 ab
1853 1390 1902 1419 eo
1919 1380 2060 1420 missis
2076 1381 2129 1421 ad
2148 1381 2378 1423 vindictam

1349 1446 1689 1497 malefactorum,
1722 1449 1893 1490 laudem
1924 1463 2025 1492 vero
2045 1452 2305 1494 bonorum.»
2331 1454 2380 1495 In

1348 1517 1427 1557 hoc
1467 1521 1609 1558 autem
1640 1523 1840 1572 apparet,
1886 1523 2099 1574 quomodo
2137 1525 2379 1567 humanum

1349 1587 1577 1640 imperium
1612 1590 1842 1633 famulatur
1879 1593 2025 1635 divino
2060 1607 2070 1635 ε
2108 1596 2378 1650 praecipiente

1349 1659 1464 1699 enim
1485 1661 1667 1712 Caesare,
1689 1665 1740 1703 ut
1758 1675 1906 1705 omnes
1929 1664 1973 1704 in
2013 1666 2224 1707 civitatem
2253 1679 2376 1708 suam

1348 1728 1471 1780 irent,
1497 1734 1537 1771 et
1558 1732 1850 1775 obedientibus
1880 1737 1972 1788 eJus
1990 1736 2170 1789 imperio
2190 1737 2323 1779 Maria
2336 1741 2377 1779 et

1347 1799 1528 1853 Joseph,
1560 1803 1715 1843 factum
1756 1807 1818 1845 est
1859 1807 1973 1858 quod
2007 1810 2156 1847 neuter
2192 1808 2377 1850 intende-

1348 1869 1419 1910 bat
1434 1902 1445 1921 ,
1485 1872 1639 1913 scilicet
1670 1875 1782 1926 quod
1823 1875 2014 1918 Christus
2053 1881 2296 1920 nasceretur
2333 1880 2377 1919 in

1349 1941 1611 1995 Bethlehem,
1634 1947 1871 1987 secundum
1887 1949 2001 2000 quod
2021 1952 2109 1989 erat
2126 1951 2378 1992 aeternaliter

1349 2012 1620 2066 dispositum,
1651 2019 1692 2056 et
1720 2018 2007 2070 temporaliter
2034 2020 2305 2073 promissum,
2337 2025 2378 2063 et

1349 2085 1640 2138 vaticinatum,
1676 2091 1717 2129 et
1742 2090 2054 2142 prophetatum.
2089 2091 2141 2131 Et
2174 2092 2266 2133 ideo
2290 2104 2378 2133 non

1349 2158 1411 2195 est
1437 2159 1795 2200 contemnendum
1838 2162 2087 2203 mandatum
2127 2164 2378 2217 praeposito-

1349 2237 1447 2266 rum
1467 2227 1610 2280 aliquo
1626 2230 1766 2271 modo.

1403 2300 1442 2336 6.
1464 2298 1642 2340 Factum
1663 2305 1726 2343 esc
1745 2306 1902 2353 autem,
1924 2314 2018 2346 cum
2037 2309 2172 2347 essent
2191 2306 2273 2357 ibi,
2297 2310 2376 2348 etc.

1350 2365 1574 2419 Descripsit
1586 2370 1703 2421 prius
1718 2370 1871 2413 Christi
1889 2374 2154 2416 nativitatem
2167 2379 2376 2429 quantum

1349 2437 1402 2476 ad
1422 2440 1590 2490 tempus
1611 2439 1822 2493 debitum,
1845 2446 1886 2483 et
1906 2444 2048 2485 locum
2066 2445 2284 2497 idoneum;
2308 2448 2375 2488 hic

1349 2508 1471 2548 tertio
1490 2509 1686 2550 describit
1711 2515 1921 2564 quantum
1947 2515 1997 2555 ad
2021 2519 2192 2568 partum
2203 2549 2218 2569 ,
2247 2530 2375 2570 quem

1348 2578 1543 2620 describit
1562 2584 1768 2633 quantum
1787 2584 1839 2624 ad
1858 2585 1958 2635 tria,
1986 2586 2141 2628 scilicet
2165 2592 2375 2641 quantum

1349 2648 1402 2689 ad
1422 2652 1784 2703 opportunitatem
1802 2655 2008 2707 pariendi,
2031 2657 2263 2700 novitatem
2282 2672 2375 2712 par-

1348 2723 1429 2770 tus,
1452 2723 1493 2761 et
1509 2726 1800 2775 paupertatem
1819 2726 2020 2778 parientis
2027 2742 2038 2777 ;
2066 2740 2120 2769 ex
2139 2729 2295 2782 quibus
2313 2742 2377 2771 os-

1347 2790 1533 2832 tenditur
1561 2792 1711 2834 Christi
1736 2798 1880 2847 partus
1899 2797 2180 2850 admirabilis,
2206 2800 2374 2841 inaudi-

1347 2861 1432 2911 tus,
1456 2864 1497 2902 et
1513 2865 1871 2906 commendabilis.
1889 2866 2028 2909 Primo
2046 2869 2178 2921 igitur
2196 2871 2376 2912 ostendit

1348 2933 1709 2983 opportunitatem
1726 2936 1933 2989 pariendi,
1950 2951 2048 2980 cum
2061 2940 2180 2981 dicit:
2198 2942 2375 2984 Factum

1347 3006 1407 3044 est
1421 3006 1576 3056 autem,
1599 3016 1694 3047 cum
1714 3012 1850 3051 essent
1868 3009 1946 3061 ibi,
1962 3011 2130 3063 impleti
2148 3016 2249 3055 sunt
2267 3013 2373 3062 dieS,

1347 3078 1395 3117 ut
1422 3081 1603 3127 pareret.
1635 3079 1764 3121 Juxta
1793 3082 1906 3134 quod
1942 3083 2101 3124 dictum
2131 3086 2194 3125 est
2229 3096 2371 3137 supra,

1345 3146 1540 3197 proximo
1572 3149 1755 3202 capitulo
1783 3151 1808 3173 ²1
1832 3166 1840 3192 :
1871 3151 2121 3195 «Elisabeth
2152 3154 2373 3207 impletum

1343 3273 1437 3307 hom.
1464 3283 1511 3316 11,
1534 3285 1568 3308 n.
1591 3279 1641 3318 16,
1664 3278 1699 3309 in
1727 3279 1804 3311 fine.
1827 3298 1866 3303 —
1896 3283 1905 3300 ⁷
1927 3283 1952 3313 ll
1975 3282 2065 3323 Κεφ,
2094 3291 2155 3322 vn,
2186 3285 2220 3314 11
2247 3285 2280 3314 et
2299 3292 2370 3323 seq.

1343 3337 1384 3344 —
1403 3322 1522 3354 8Ρεαῖ.
1543 3331 1667 3364 ςΧΧΧΙ,
1690 3328 1741 3357 11.
1757 3343 1798 3350 -
1817 3327 1828 3346 ’
1844 3328 2047 3369 Matth.,111‚
2070 3331 2121 3361 15.
2137 3329 2215 3352 —10
2235 3330 2246 3360 l
2266 3329 2372 3370 Petr„

1344 3375 1383 3407 117
1409 3371 1457 3401 13.
1475 3388 1516 3394 —
1534 3372 1557 3392 ¹¹
1581 3372 1670 3412 Luc„
1690 3382 1721 3414 1,
1743 3375 1794 3407 57.

1384 3441 1426 3483 (α)
1454 3440 1548 3483 Vuly.
1566 3453 1653 3478 eam.

2162 3510 2211 3548 17

2420 2191 2538 2219 Manda-

2399 2234 2461 2259 tum
2469 2241 2539 2268 prae-

2425 2274 2511 2308 positi

2429 2315 2509 2342 nuno

2424 2358 2511 2384 modo

2397 2399 2527 2425 contem-

2396 2438 2527 2466 nendum
