2634 3853
982 171 1259 215 EXPOSITIO
1287 172 1341 214 lN
1369 171 1484 213 CAP.
1513 171 1602 213 XII.

226 271 270 312 in
290 268 529 312 Proverbiis
555 268 566 289 ¹
599 281 608 307 :
636 281 656 306 α
684 266 764 316 Qui
794 264 973 306 declinat
1000 273 1123 304 aures
1153 273 1249 302 suas

226 353 280 383 ne
300 340 441 382 audiat
458 340 621 391 Iegem,
643 339 775 379 oratio
803 340 896 391 ejus
925 337 1005 377 erit
1032 335 1249 376 execrabi-

225 412 291 452 lis.
311 426 330 449 »
355 410 406 451 Et
424 410 468 450 in
489 410 720 452 Psalim'sta
736 414 749 435 ²
774 423 782 450 :
811 425 829 447 a
849 408 985 449 Furor
1005 406 1087 446 illis
1106 418 1251 447 secun-

225 482 328 523 dum
361 481 680 522 similitudinem
712 479 940 533 serpentis3
963 478 1070 518 sicut
1095 477 1250 530 aspidis

226 552 365 593 surdae
382 554 422 592 et
441 552 677 592 obturantis
697 563 821 591 aures
841 562 938 590 suas
952 581 964 600 ,
986 563 1005 587 ›)
1031 552 1108 589 etc.

279 622 470 663 Secundo
501 654 510 673 ,
551 624 758 674 quantum
807 621 858 661 ad
895 619 1251 672 aggravationem

224 693 500 745 negligentiae
520 693 683 733 ratione
711 690 971 732 auctoritatis
990 690 1225 730 commissae
1238 721 1249 740 ‚

225 763 351 805 dicit:
378 764 503 805 Omni
530 766 584 815 (a)
617 767 755 805 autem
788 763 860 804 cuz·
891 761 1071 804 multum
1101 761 1252 803 clatum

224 840 304 886 esc,
335 835 489 876 scilicet
518 834 565 874 in
594 846 801 884 munere,
834 833 1012 875 multum
1043 835 1252 885 quoeretui'

224 906 275 948 ab
307 916 351 948 eo
373 937 384 956 ‚
416 905 461 945 in
494 905 656 946 ratione
686 904 911 945 reddenda.
945 903 1062 944 Unde
1091 903 1249 955 Grego-

222 977 314 1018 rius
346 980 360 1002 ³
397 990 405 1016 :
446 991 466 1015 «
501 976 604 1017 Cum
642 978 859 1027 augentur
893 975 1032 1026 dona,
1071 974 1252 1014 rationes

223 1048 351 1090 etiam
387 1050 578 1088 crescunt
606 1047 828 1088 donorum.
861 1046 994 1086 Tanto
1024 1057 1130 1096 ergo
1160 1057 1252 1085 esse

222 1118 426 1159 humilior
452 1120 577 1171 atque
599 1118 652 1158 ad
679 1117 949 1158 serviendum
971 1116 1054 1156 Deo
1076 1128 1252 1168 promp-

222 1189 304 1230 tior
335 1189 458 1230 debet
487 1189 665 1242 quisque
701 1201 755 1229 ex
785 1199 982 1238 munere,
1017 1190 1176 1240 quanto
1209 1199 1252 1227 se

222 1260 521 1312 obligatiorem
569 1272 675 1312 esse*
708 1258 910 1311 conspicit
954 1258 1000 1297 in
1042 1258 1254 1298 reddenda

222 1332 401 1372 ratione.
432 1345 452 1368 »
486 1334 499 1355 ¹*
524 1345 543 1368 (ι
578 1330 716 1371 Redde
747 1329 955 1370 rationem
988 1329 1254 1370 villicationis

221 1404 324 1443 tuae.
353 1416 372 1438 n
398 1401 515 1441 Unde
544 1401 685 1441 subdit
709 1415 717 1440 :
739 1401 795 1443 Ec
827 1401 899 1441 cuz*
932 1400 1252 1442 commendave-

221 1475 323 1516 runt
348 1472 554 1523 multum,
589 1471 743 1512 scilicet
783 1471 927 1512 divina
963 1470 1152 1522 judicia,
1186 1473 1255 1512 vel

224 1544 370 1594 Pater,
395 1546 436 1584 et
463 1543 594 1583 Filius
614 1575 623 1593 ,
657 1545 697 1582 et
721 1542 901 1595 Spiritus
934 1544 1126 1593 sanctus,
1157 1545 1253 1596 plus

220 1618 364 1668 petent
383 1614 434 1656 ab
457 1625 524 1665 eo,
545 1613 702 1654 scilicet
733 1613 778 1653 in
810 1614 953 1654 futuro
987 1613 1142 1665 judicio
1163 1616 1255 1655 uni-

223 1697 462 1728 versorum.
487 1688 500 1710 5
526 1699 545 1722 α
573 1684 672 1725 Post
702 1684 886 1725 multum
912 1696 1015 1724 vero
1050 1686 1254 1737 temporis

222 1756 340 1803 venit
365 1755 563 1796 dominus
590 1768 812 1798 servorum
834 1755 1002 1796 illorum
1019 1788 1029 1805 ,
1053 1759 1092 1796 et
1112 1758 1254 1809 posuit

222 1825 429 1866 rationem
449 1837 546 1866 cuin
576 1825 652 1865 eis.
683 1839 701 1862 »
738 1825 856 1866 Unde
877 1837 901 1865 a
922 1825 1134 1877 praelatis,
1158 1827 1253 1878 qui-

222 1894 302 1934 bus
323 1905 426 1934 cura
441 1893 707 1934 subditorum
728 1893 952 1934 commissa
973 1895 1049 1943 est,
1066 1894 1254 1946 requiret

222 1964 426 2005 Dominus
445 1976 532 2004 non
551 1967 718 2004 tantum
752 1965 916 2004 animas
940 1965 1154 2017 proprias,
1175 1978 1250 2007 ve-

222 2048 319 2077 rum
340 2036 468 2076 etiam
488 2035 652 2076 animas
666 2035 927 2076 commissas.
950 2035 1126 2089 Propter
1140 2038 1253 2089 quod

222 2109 374 2150 dicitur
406 2110 420 2132 ⁶
458 2122 469 2150 ι
505 2124 522 2146 (ι
553 2108 724 2150 Obedite
756 2109 992 2160 praepositis
1023 2110 1175 2149 vestris
1213 2114 1254 2151 et

221 2181 436 2233 subjacete
467 2179 548 2230 eis;
581 2180 663 2232 ipsi
693 2179 806 2219 euim
838 2179 1100 2231 pervigilant
1132 2181 1253 2233 quasi

220 2252 428 2293 rationem
447 2264 525 2305 pro
554 2251 777 2292 animabus
808 2251 960 2292 vestris
986 2251 1204 2291 reddituri.
1230 2267 1248 2289 n

219 2321 326 2363 Nam
345 2322 575 2374 unicuique
595 2333 744 2362 eorum
761 2321 914 2361 dicitur
933 2321 1037 2361 illud
1057 2324 1070 2346 ⁷
1092 2333 1101 2361 :
1123 2337 1142 2359 (‹
1158 2321 1253 2362 Cus-

220 2392 306 2433 todi
326 2392 469 2434 virum
489 2393 618 2432 istum
640 2404 650 2432 :
670 2392 744 2444 qui
767 2392 801 2431 si
822 2392 965 2444 lapsus
995 2392 1146 2443 fuerit,
1172 2393 1252 2434 erit

221 2462 366 2502 anima
386 2465 457 2503 tua
475 2475 550 2515 pro
570 2463 711 2503 anima
731 2462 858 2503 illius.
881 2477 899 2499 ›)
928 2462 978 2503 Et
999 2463 1250 2505 Jeremz'as8:

226 2548 246 2572 «
265 2532 343 2574 Ubi
363 2536 424 2574 est
446 2546 556 2585 grex
585 2534 658 2586 qui
680 2534 802 2574 datus
824 2536 886 2574 est
915 2534 1014 2584 tibi,
1038 2546 1164 2586 pecus
1184 2535 1252 2575 in-

221 2603 381 2655 clytum
413 2607 575 2645 tuum?
605 2603 711 2653 Quid
744 2604 855 2645 dices
887 2617 985 2645 cum
1017 2605 1252 2647 visitaverit

219 2676 290 2714 te?
311 2674 376 2715 Tu
406 2675 520 2716 enim
549 2675 727 2716 docuisti
756 2688 827 2716 eos
857 2676 1087 2717 adversum
1118 2680 1179 2728 te,
1212 2680 1252 2718 et

220 2745 394 2786 erudisti
419 2747 464 2786 in
490 2749 615 2799 caput
640 2749 778 2787 tuum.
808 2761 827 2784 »³
855 2746 906 2787 Et
931 2747 1024 2788 ideo
1055 2748 1101 2788 in
1130 2748 1250 2791 Acti-

222 2815 295 2858 bus
313 2817 326 2839 ⁹
350 2829 360 2857 ε
382 2817 552 2858 Dicebat
578 2817 736 2858 Paulus
755 2818 807 2858 ad
840 2819 1021 2870 maJ'ores
1042 2821 1145 2859 natu
1170 2819 1250 2860 Ec-

220 2887 357 2928 clesiae
377 2902 386 2928 :
417 2903 436 2926 «
456 2889 668 2929 Attendite
686 2888 807 2929 vobis
821 2891 861 2929 et
881 2889 1080 2930 universo
1102 2891 1248 2942 gregi,

221 2957 264 2997 in
284 2970 369 3010 quo
389 2970 466 3000 vos
486 2959 666 3012 Spiritus
687 2961 856 2999 sanctus
875 2959 1016 3011 posuit
1035 2961 1251 3013 episcopos

222 3040 373 3080 regere
392 3029 618 3071 Ecclesiam
641 3030 732 3080 Dei,
762 3042 890 3082 quain
912 3031 1137 3083 acquisivit
1154 3044 1252 3073 san-

225 3099 358 3150 guine
382 3112 475 3142 suo.
496 3116 515 3139 »
542 3101 593 3142 Et
613 3101 809 3143 Ezechiel
828 3101 855 3122 ¹0
877 3115 915 3142 z«
936 3101 1038 3142 Ecce
1055 3114 1138 3155 ego
1163 3103 1252 3156 ipse

223 3181 352 3222 super
376 3173 563 3222 pastores
579 3173 795 3226 requiram
819 3183 999 3224 gregem
1026 3185 1170 3214 meum
1200 3175 1251 3216 de

224 3251 357 3280 manu
371 3252 520 3282 eorum
531 3274 544 3293 ,
561 3246 601 3284 et
619 3255 779 3284 cessare
795 3254 865 3283 eos
884 3243 1033 3284 faciam
1045 3276 1056 3295 ,
1073 3246 1121 3285 ut
1140 3245 1252 3287 ultra

268 3321 408 3362 1Prov.,
428 3331 552 3362 xxviii,
579 3327 610 3357 9.
630 3343 670 3348 -
694 3325 708 3345 ²
726 3325 814 3357 Psal.
836 3333 921 3364 nvn,
942 3327 971 3358 7.
990 3344 1030 3349 —
1052 3326 1064 3347 ³
1083 3328 1195 3368 Greg„
1217 3328 1250 3360 z'n

225 3367 368 3410 Evanq„
394 3369 488 3402 hom.
511 3379 563 3411 ix,
582 3381 618 3403 n.
640 3375 669 3404 1.
690 3391 730 3396 —
750 3373 760 3391 1
785 3372 862 3413 Inf.,
882 3381 961 3414 XVI,
982 3376 1014 3405 Ξ.
1031 3390 1070 3398 -
1089 3375 1099 3393 ⁵
1114 3374 1250 3415 Matth„

226 3422 308 3454 XXV,
341 3418 389 3447 19.
415 3435 450 3439 —
481 3418 493 3436 ⁶
520 3418 631 3458 Hebr„
659 3427 742 3459 xm,
770 3421 819 3450 17.
841 3437 880 3442 —
901 3422 910 3440 ⁷
931 3422 973 3452 iu
995 3422 1085 3462 Req„
1111 3429 1174 3462 xx,
1198 3424 1250 3453 39.

225 3476 269 3486 ψ-
290 3461 305 3483 11
326 3464 457 3502 Jerem..
482 3473 564 3506 xm,
583 3467 636 3498 21.
654 3483 694 3489 —
714 3467 727 3488 9
745 3466 831 3508 Act„
850 3475 916 3509 xx,
937 3469 989 3501 28.
1009 3485 1049 3492 —
1074 3469 1100 3492 1⁰
1118 3468 1252 3510 Ezech„

2273 179 2344 219 571

1325 273 1412 303 non
1431 262 1602 314 pascant
1625 272 1825 314 gregem,
1860 273 1938 303 nec
1969 267 2141 316 pascant
2169 266 2350 319 amplius

1324 334 1511 385 pastores
1529 332 1788 385 semetipsos.
1811 346 1830 370 ))

1378 406 1444 443 49.
1476 403 1616 455 Iynem
1648 405 1748 445 veni
1775 405 1940 447 mittere
1970 405 2019 446 in
2047 407 2202 446 terram
2223 438 2236 456 ,
2270 409 2348 449 etc.

1326 474 1555 527 Postquam
1577 475 1775 516 excitavit
1794 476 1846 516 ad
1875 475 2141 527 vigilantiam
2170 488 2224 516 ex
2252 489 2351 518 con-

1326 544 1576 585 sideratione
1596 546 1766 586 secundi
1786 547 1992 586 adventus
2005 577 2015 594 ,
2035 546 2105 586 hic
2123 546 2276 587 excitat
2301 548 2353 588 ad

1326 616 1702 657 considerationem
1736 617 1863 669 primi
1896 617 2115 659 adventus.
2148 617 2198 658 Et
2227 617 2353 658 habet

1326 685 1419 726 haec
1449 698 1546 739 pars
1577 687 1705 739 duas3
1728 688 1772 728 in
1801 701 1985 741 quarum
2017 688 2177 742 primaf,
2214 692 2354 730 osten-

1327 757 1461 798 dendo
1482 758 1607 810 primi
1627 758 1834 799 adventus
1853 759 2106 810 efficaciam,
2128 760 2281 801 excitat
2302 761 2354 801 ad

1325 828 1591 879 vigilantiam
1609 861 1621 879 ,
1644 829 1688 869 in
1709 831 1890 871 secunda
1906 831 2177 883 reprehendit
2194 830 2355 873 Judaeo-

1326 911 1420 940 run]
1444 900 1644 940 desidiam
1664 903 1704 941 et
1722 901 2033 953 negligentiam
2047 933 2057 952 ,
2079 902 2137 942 ibi
2160 903 2225 954 (v.
2250 903 2318 956 54)
2343 917 2351 944 :

1327 971 1500 1014 Dicebat
1529 975 1669 1014 dictem
1707 972 1764 1013 act
1796 973 1955 1014 turbas.
1993 972 2041 1012 In
2078 973 2354 1026 exprimendo

1327 1041 1462 1093 igitur
1481 1042 1709 1083 efficaciam
1737 1043 1865 1096 primi
1883 1044 2088 1085 adventus
2119 1045 2172 1085 ad
2203 1045 2356 1086 sollici-

1327 1115 1413 1153 tam
1434 1113 1702 1165 vigilantiam
1715 1145 1727 1164 ,
1751 1114 1930 1154 ostendit
1944 1126 1987 1155 se
2004 1115 2169 1156 venisse
2189 1116 2240 1156 ad
2259 1116 2352 1167 tria,

1329 1185 1485 1225 scilicet
1513 1186 1564 1226 ad
1594 1186 1913 1227 immittendum
1953 1187 2184 1228 dilectionis
2217 1188 2357 1229 incen-

1328 1255 1445 1295 dium
1458 1288 1470 1306 ,
1487 1256 1537 1296 ad
1560 1257 1862 1309 perficiendum
1879 1258 2083 1310 passionis
2096 1259 2348 1310 remedium,

1329 1329 1368 1366 et
1390 1327 1441 1367 ad
1462 1327 1816 1369 introducendum
1833 1328 2007 1370 affectus
2025 1330 2203 1371 carnalis
2219 1331 2357 1372 divor-

1327 1398 1450 1438 tium.
1685 1413 1688 1414 ⁷

1382 1467 1523 1509 Primo
1550 1469 1684 1520 igitur
1702 1500 1715 1517 ,
1749 1472 1958 1522 quantum
1979 1471 2030 1512 ad
2049 1472 2355 1515 immissionem

1327 1538 1511 1579 incendii
1531 1540 1687 1580 amoris
1704 1552 1779 1593 per
1799 1541 2026 1582 efficaciam
2048 1543 2252 1584 adventus
2269 1545 2356 1598 pri-

1330 1611 1416 1661 mi,
1441 1612 1538 1652 dicit
1563 1626 1570 1652 :
1600 1613 1744 1664 Ignem
1773 1614 1873 1654 vem·
1899 1615 2063 1656 minere
2095 1616 2144 1657 in
2176 1620 2355 1668 terram,

1328 1682 1473 1734 ignem
1495 1683 1651 1723 scilicet
1683 1684 1815 1724 divini
1847 1685 2003 1725 amoris
2029 1686 2102 1738 qui
2130 1687 2221 1739 igni
2242 1701 2357 1729 com-

1328 1756 1501 1805 paratur
1523 1754 1548 1775 ¹¹
1575 1767 1584 1794 :
1615 1770 1633 1792 (ι
1658 1754 1794 1795 Fortis
1823 1758 1913 1804 est,
1940 1758 1987 1796 ut
2010 1768 2137 1808 mors,
2169 1758 2357 1810 dilectio;

1328 1824 1454 1875 dura,
1477 1825 1584 1865 sicut
1611 1825 1802 1866 infernus
1825 1857 1837 1877 ,
1868 1827 2097 1869 aemulatio.
2129 1828 2362 1883 Lampades

1328 1896 1422 1947 ejus
1436 1928 1446 1946 ,
1468 1895 1683 1948 lampades
1704 1896 1832 1948 ignis⁷
1848 1912 1866 1935 ))
1892 1901 1970 1938 etc.
1993 1898 2073 1940 Sed
2090 1900 2256 1942 dilectio
2275 1914 2360 1942 car-

1327 1966 1434 2006 nalis
1457 1969 1518 2006 est
1534 1967 1642 2007 sicut
1660 1967 1774 2018 ignis
1793 1968 2021 2009 infernalis.
2041 1971 2116 2012 Job
2136 1971 2165 1992 ¹²
2187 1984 2195 2010 :
2214 1971 2364 2023 «Ignis

1328 2040 1544 2088 estusque
1571 2037 1624 2079 ad
1653 2038 1930 2090 perditionem
1955 2039 2175 2082 devorans.
2197 2056 2216 2079 ))
2249 2042 2299 2083 Et
2318 2043 2363 2083 in

1327 2108 1621 2151 Ecclesiastico
1653 2109 1681 2131 ¹³
1710 2124 1718 2149 :
1746 2125 1765 2148 α
1788 2109 1935 2162 ignem
1971 2111 2187 2153 ardentem
2218 2114 2363 2154 extin-

1330 2180 1427 2231 guit
1446 2192 1574 2233 aqua,
1599 2195 1616 2218 n
1652 2183 1730 2220 etc.
1767 2180 1940 2222 Dilectio
1965 2184 2107 2223 autem
2134 2184 2361 2236 spiritualis

1327 2254 1389 2291 est
1408 2251 1515 2292 sicut
1534 2252 1646 2303 ignis
1671 2251 1849 2292 coelestis
1866 2252 1893 2273 ¹⁴
1914 2266 1922 2292 :
1948 2267 1967 2291 «
1986 2253 2042 2293 De
2062 2254 2226 2295 excelso
2247 2256 2360 2298 misit

1326 2322 1473 2372 ignem
1494 2321 1538 2360 in
1565 2321 1730 2361 ossibus
1755 2322 1882 2372 meis,
1911 2337 1929 2359 n
1968 2325 2045 2363 etc.
2080 2323 2202 2365 Hunc
2233 2326 2360 2368 mittit

1325 2391 1528 2431 Dominus
1543 2391 1890 2432 communicando
1903 2392 2137 2434 doctrinam
2153 2395 2180 2420 ¹⁵
2196 2409 2235 2435 2«
2250 2395 2360 2448 Igni-

1327 2464 1422 2502 tum
1442 2462 1659 2515 eloquium
1678 2465 1805 2503 tuum
1829 2463 2126 2515 vehementer,
2151 2468 2191 2506 et
2211 2478 2358 2509 servus

1324 2535 1423 2574 tuus
1455 2533 1599 2573 dilexit
1629 2533 1747 2574 illud.
1769 2548 1787 2571 ›)
1815 2533 1864 2574 Et
1888 2535 2090 2577 „Ieremias
2110 2535 2138 2558 ¹⁶
2161 2551 2169 2577 :
2194 2552 2211 2575 α
2230 2537 2359 2579 Num-

1325 2604 1428 2657 quid
1457 2616 1543 2644 non
1563 2605 1694 2645 verba
1724 2617 1819 2644 mea
1850 2605 1971 2657 quasi
1994 2606 2130 2658 ignis,
2158 2608 2256 2649 dicit
2276 2609 2356 2650 Do-

1326 2675 1470 2716 minus
1483 2707 1494 2726 ,
1509 2678 1550 2715 et
1568 2675 1691 2728 quasi
1706 2675 1882 2716 malleus
1898 2678 2118 2717 conterens
2131 2680 2293 2730 petram
2303 2681 2322 2720 ἱ)
2333 2695 2351 2718 »

1326 2745 1430 2787 Item
1461 2747 1720 2787 infundendo
1751 2746 1934 2798 gratiam
1964 2751 1993 2772 ¹⁷
2025 2761 2073 2788 z«
2095 2747 2152 2788 De
2183 2749 2286 2790 coelo
2317 2751 2358 2790 te

1323 2818 1420 2858 fecit
1440 2818 1585 2859 audire
1604 2830 1752 2859 vocem
1770 2829 1891 2858 suam
1911 2819 1960 2857 ut
1980 2818 2145 2860 doceret
2168 2821 2208 2860 te
2221 2852 2231 2871 ‚
2254 2823 2295 2861 et
2312 2821 2356 2861 in

1324 2892 1437 2930 terra
1457 2889 1646 2930 ostendet
1665 2890 1741 2929 tibi
1754 2889 1901 2941 ignem
1922 2901 2049 2930 suum
2067 2891 2349 2932 maximum.»

1324 2959 1428 3000 Item
1447 2960 1752 3000 inflammando
1770 2960 1820 3000 ad
1836 2959 2089 3012 justitiam¹¹3
2112 2974 2150 3001 z«
2165 2960 2357 3002 Surrexit

1323 3030 1434 3070 Elias
1461 3031 1666 3083 propheta
1693 3031 1813 3082 quasi
1838 3030 1978 3082 ignis⁷
2013 3034 2054 3071 et
2088 3032 2265 3072 verbum
2290 3032 2355 3084 ip-

1324 3101 1412 3142 sius
1440 3101 1560 3153 quasi
1590 3100 1726 3141 facula
1755 3100 1944 3141 ardebat.
1966 3114 1985 3138 n
2020 3100 2159 3152 Unde,
2193 3102 2292 3154 quia
2311 3102 2357 3142 in

1324 3173 1415 3225 ipso
1441 3173 1530 3212 erat
1559 3171 1674 3223 ignis
1702 3171 1833 3213 divini
1857 3171 1958 3222 zeli,
1991 3172 2042 3212 de
2073 3184 2157 3224 quo
2190 3172 2354 3226 Sopho-

1324 3277 1444 3310 xxxw,
1466 3272 1514 3302 10.
1536 3285 1574 3292 —
1594 3270 1618 3291 11
1645 3270 1755 3310 Cant„
1777 3277 1852 3309 vin,
1875 3271 1905 3301 6.
1928 3286 1967 3292 -
1987 3270 2014 3291 1²
2032 3268 2104 3310 Joh,
2125 3277 2221 3310 xxxi,
2244 3273 2293 3303 12.
2314 3288 2356 3294 ——-

1324 3318 1351 3340 1³
1374 3316 1493 3355 Eecli„
1510 3324 1561 3357 111,
1583 3318 1635 3348 33.
1658 3335 1694 3339 --
1717 3317 1742 3339 ¹¹⁹
1759 3317 1887 3356 Tmen,
1907 3324 1930 3356 1,
1955 3318 1989 3348 13
2017 3335 2057 3341 —-
2076 3317 2102 3338 1⁵
2121 3317 2212 3348 Psal.
2232 3326 2353 3359 cxviii,

1326 3366 1395 3396 140.
1416 3381 1458 3387 -—
1485 3364 1508 3383 ¹⁶
1529 3366 1663 3402 Jerem„
1695 3372 1805 3405 xxm,
1833 3366 1886 3396 29.
1907 3381 1948 3388 —
1975 3364 1999 3386 ²⁷
2024 3364 2137 3403 Deut„
2163 3372 2209 3405 iv,
2236 3365 2287 3398 36.
2315 3383 2350 3389 -

1329 3413 1353 3434 ¹⁸
1371 3411 1489 3450 Ecclz‘.‚
1509 3419 1634 3452 XLVHJ,
1662 3415 1690 3443 1.

1367 3467 1412 3509 (a)
1432 3468 1515 3500 caet.
1536 3468 1615 3501 edit.
1639 3467 1808 3508 Quoniam.
