2634 3853
1002 247 1275 291 EXPOSITIO
1307 246 1357 287 IN
1387 244 1496 286 CAP.
1534 244 1597 284 lX.

241 349 344 398 viae;
368 350 409 388 et
426 349 646 400 propterea
666 342 917 387 Samaritani
937 339 1123 381 odientes
1140 336 1160 377 J
1164 348 1261 377 eru-

241 418 385 468 salem,
403 417 520 458 eunti
536 418 579 457 in
592 416 822 458 Jerusalem
844 412 1043 454 nolebant
1062 410 1263 462 praestare

242 487 563 528 humanitatem.

295 560 360 598 54.
390 557 492 600 Cum
520 561 659 600 autem
689 555 901 598 vidissent
932 550 1160 602 discipuli,
1184 551 1262 588 etc.

241 627 381 669 Posita
399 629 615 670 occasione
635 627 712 668 zeli
733 622 1021 671 deordinandi,
1041 618 1268 672 subjungit

243 699 548 752 correptionem
585 697 659 738 zeli
697 693 944 738 deordinati.
985 691 1103 732 Circa
1136 700 1265 742 quam

244 769 326 809 tria
353 769 680 810 introducuntur
705 767 757 807 ab
791 762 1085 815 Evangelista,
1115 759 1269 801 scilicet

248 839 486 891 indignatio
505 835 870 891 reprehensibilis,
895 832 1124 885 increpatio
1144 831 1270 871 ratio-

248 909 374 960 nalis,
398 909 638 950 informatio
668 905 939 948 memorialis.
973 903 1168 944 Primum
1194 901 1272 941 fuit

247 979 292 1019 in
319 979 626 1031 discipulorum
655 977 824 1026 animo;
856 973 1089 1015 secundum
1121 972 1201 1013 fuit
1229 972 1273 1012 in

248 1049 415 1091 Domini
456 1050 610 1100 verbo;
650 1048 823 1089 tertium
863 1047 943 1087 fuit
979 1045 1023 1085 in
1061 1044 1273 1085 dominico

248 1121 370 1162 facto.
393 1120 534 1162 Primo
551 1120 700 1173 igitur,
719 1120 928 1172 quantum
949 1117 1000 1157 ad
1021 1115 1276 1168 indignatio—

249 1203 347 1231 nem
375 1191 749 1244 reprehensibilem
778 1189 822 1229 in
853 1187 1159 1240 discipulorum
1190 1186 1277 1226 ani·

250 1273 336 1313 m0,
357 1262 511 1306 dicitur
530 1274 540 1302 :
562 1262 663 1302 Cum
682 1261 890 1303 vidissent
911 1263 1052 1301 autem
1069 1257 1278 1310 discipuli

251 1332 343 1385 ejus
359 1333 535 1375 Jacobus
555 1337 594 1375 ec
614 1327 822 1378 Jo'cznneffl
838 1330 1063 1380 vidissent,
1082 1330 1273 1382 inquam,

250 1402 366 1443 illius
389 1403 570 1443 civitatis
599 1402 912 1452 crudelitatem,
942 1401 1001 1441 ita
1029 1402 1077 1440 ut
1108 1401 1280 1451 possent

252 1473 389 1514 dicere
413 1474 518 1515 illud
537 1475 549 1496 ¹
575 1488 583 1515 z
614 1473 745 1515 «Vidi
767 1473 1032 1526 iniquitatem
1052 1474 1092 1512 et
1111 1474 1276 1512 contra-

253 1544 478 1585 dictionem
498 1544 544 1584 in
560 1544 740 1585 civitate.
760 1559 778 1581 ›>
797 1543 848 1583 Et
868 1543 1024 1583 iterum
1040 1543 1054 1565 ²
1075 1555 1085 1583 ε
1107 1558 1125 1580 «
1141 1542 1281 1582 chavi

255 1626 382 1667 super
400 1615 591 1667 iniquos,
614 1626 759 1667 pacem
781 1616 1050 1667 peccatorum
1070 1613 1234 1655 videns.
1257 1627 1275 1649 ›>

255 1684 372 1726 Unde
391 1686 682 1738 indignatione
709 1685 910 1725 commoti
935 1688 1055 1735 sunt,
1079 1685 1179 1737 quia
1200 1684 1282 1724 Do-

255 1756 450 1807 minum,
483 1759 604 1809 cujus
630 1757 893 1808 maJestatem
924 1756 968 1795 in
999 1758 1141 1795 monte
1172 1755 1284 1796 vide-

256 1830 353 1868 rant
368 1840 465 1868 cum
485 1827 627 1880 Moyse
647 1830 688 1868 et
704 1826 808 1877 Elia,
831 1827 889 1867 sic
908 1826 1106 1868 videbant
1127 1826 1283 1879 despici

258 1898 305 1938 in
325 1901 451 1940 terra.
482 1898 655 1951 Propter
680 1898 793 1950 quod
816 1898 981 1938 additur
1004 1909 1013 1937 :
1036 1898 1250 1939 Dixerimt
1270 1909 1283 1937 .·

259 1970 450 2019 Domine,
470 1971 538 2012 vis
560 1970 764 2021 dicimus,
787 1972 833 2010 uc
850 1970 966 2022 iynis
988 1969 1214 2012 descendat
1233 1969 1285 2011 de

260 2041 378 2092 coelo,
405 2045 444 2084 et
470 2045 687 2084 consumat
714 2040 842 2082 illos?
866 2040 915 2081 In
943 2053 1027 2093 quo
1053 2041 1286 2081 ostenditur

261 2111 568 2163 indignationis
588 2112 721 2163 furor,
744 2124 828 2165 quo
846 2111 904 2151 illi
924 2111 1124 2152 commoti
1143 2115 1283 2161 erant,

261 2183 309 2222 ut
329 2181 485 2223 vellent
503 2183 677 2235 perdere
703 2184 754 2224 de
778 2186 904 2223 terra.
927 2182 1024 2223 ldeo
1048 2186 1192 2223 autem
1218 2183 1287 2223 isti

262 2251 346 2293 duo
382 2254 596 2307 praecipue
630 2255 711 2295 hoc
745 2254 967 2303 dixerunt,
1001 2254 1102 2306 quia
1139 2254 1289 2305 magni

263 2326 385 2364 erant
407 2324 580 2365 honoris
605 2324 772 2365 Domini
797 2324 1010 2365 zelatores,
1036 2323 1154 2364 Unde
1178 2327 1289 2376 pote-

263 2396 329 2435 rat
352 2394 404 2436 de
435 2395 494 2435 eis
515 2394 596 2434 dici
623 2394 727 2434 illud
746 2395 759 2417 ³
782 2407 792 2434 :
822 2409 840 2432 (ι
859 2393 1167 2435 Testimonium
1188 2407 1289 2447 per-

263 2464 389 2505 hibeo
416 2465 466 2506 de
496 2465 598 2516 illis,
627 2465 741 2518 quod
771 2465 1085 2506 aemulationem
1116 2466 1289 2518 quidem

264 2534 338 2575 Dei
355 2535 528 2585 hahent,
550 2536 620 2576 sed
643 2548 729 2576 non
750 2536 983 2577 secundum
1002 2537 1240 2587 scientiam3
1265 2552 1284 2576 ›)

264 2604 372 2646 sicut
401 2606 485 2648 duo
509 2606 583 2647 filii
609 2606 757 2657 Jacob,
787 2607 958 2649 Simeon
985 2611 1026 2648 et
1053 2608 1174 2660 Levi,
1201 2609 1287 2650 zelo

265 2675 436 2728 inJuriae
459 2677 539 2717 sibi
561 2677 680 2718 facta³
707 2678 905 2718 commoti
931 2681 960 2729 Β,
988 2679 1289 2720 destruxerunt

264 2747 416 2789 urbem
436 2747 736 2790 Sichimorum.
759 2747 834 2790 Vel
855 2749 948 2789 ideo
973 2749 1054 2790 hoc
1078 2750 1286 2801 dicebant,

264 2818 364 2871 quia
394 2819 474 2873 ipsi
503 2820 672 2860 fuerant
705 2832 804 2860 cum
836 2819 1015 2860 Domino
1043 2820 1089 2861 in
1119 2824 1286 2873 monte,

263 2889 338 2931 ubi
356 2893 649 2942 cognoverant
672 2892 764 2943 ejus
790 2892 1038 2943 potestatem
1046 2902 1077 2942 ,⁴
1093 2894 1289 2945 majesta-

263 2962 364 3012 tem,
386 2964 427 3002 et
444 2961 638 3004 viderant
656 2961 757 3002 Elias
778 2962 1040 3012 societatem;
1063 2967 1104 3004 et
1127 2964 1221 3005 ideo
1240 2965 1291 3005 si-

267 3030 409 3071 milem
424 3031 506 3072 illis
522 3032 720 3073 volebant
732 3032 937 3073 ultionem
951 3034 1101 3086 facere,
1119 3035 1289 3088 qualem

266 3099 376 3141 Elias
404 3102 546 3144 fecisse
575 3104 734 3156 legitur
767 3109 780 3129 ⁵
813 3119 821 3145 :
861 3119 880 3143 α
911 3104 1026 3145 Dixit
1056 3105 1168 3146 Elias
1204 3119 1214 3147 :
1245 3106 1289 3149 Si

266 3168 395 3210 homo
414 3169 486 3211 Dei
507 3173 624 3225 sum,
645 3174 867 3215 descendat
890 3175 1003 3226 ignis
1030 3175 1082 3216 de
1103 3176 1228 3228 coelo,
1249 3181 1291 3218 et

267 3238 440 3281 devoret
462 3243 522 3293 te,
547 3246 589 3283 et
609 3244 918 3297 quinquaginta
948 3245 1068 3286 duos.
1090 3260 1110 3283 »
1136 3246 1284 3299 Sequi-

266 3312 338 3351 tur
358 3326 366 3352 :
398 3326 417 3350 «
436 3311 486 3353 Et
504 3313 720 3357 devoravit
735 3328 836 3357 eum
855 3319 896 3357 et
915 3316 1241 3370 quinquaginta.
1263 3333 1283 3357 ›)

310 3440 319 3462 ¹
345 3440 434 3473 Psal.
456 3449 524 3482 MV,
546 3445 597 3474 10.
612 3460 653 3466 -
673 3444 686 3465 ²
702 3445 792 3476 Psal.
812 3454 922 3486 Lxxn,
943 3448 974 3479 3.
990 3463 1030 3470 -
1048 3447 1062 3469 ³
1077 3447 1180 3485 Rom„
1202 3456 1237 3487 x,
1257 3448 1297 3479 2.'

267 3503 307 3510 -
330 3489 343 3510 δ
363 3488 457 3528 Gen„
481 3497 600 3529 xxx1V,
626 3493 664 3522 25
692 3493 725 3522 et
745 3500 817 3532 seq.
840 3510 880 3516 ——
905 3494 915 3511 ⁵
944 3494 984 3524 {V
1009 3494 1101 3534 Κεφ,
1125 3503 1156 3534 1,
1181 3497 1227 3526 10.
1250 3513 1290 3518 -

270 3535 282 3553 ⁸
299 3535 382 3570 Jac..
402 3537 524 3576 111,14.
545 3554 585 3559 -
608 3537 617 3556 ²
640 3538 649 3567 l
670 3538 780 3578 Joan„
801 3547 846 3579 iv,
870 3543 898 3570 1.
921 3556 958 3563 —
976 3540 991 3562 ⁸
1008 3541 1087 3579 Isa„
1109 3550 1180 3582 Lm,
1203 3545 1230 3573 1.
1249 3559 1288 3566 -

2282 249 2358 286 483

1393 333 1584 375 Secundo
1604 343 1728 381 vero,
1751 334 1958 384 quantum
1984 331 2037 372 ad
2068 332 2357 384 reprehensio-

1339 417 1437 446 nem
1457 402 1747 444 rationabilem
1772 401 1816 442 in
1843 401 2010 442 Domini
2037 402 2187 452 verbo,
2214 403 2362 443 subdi-

1340 477 1412 515 tur
1439 479 1498 526 (v.
1526 473 1594 525 55)
1621 487 1630 513 ε
1656 474 1711 515 Et
1736 483 1960 514 conversus
1985 473 2227 525 increpavit
2252 473 2361 523 illos,

1342 545 1486 587 dicens
1518 557 1531 585 .·
1562 544 1744 586 Nescitis
1773 544 1893 597 cajus
1923 545 2106 596 spiritus
2133 545 2246 586 estis.
2279 543 2365 584 Hoc

1342 615 1459 665 dicit,
1486 615 1586 667 quia
1610 615 1689 667 ipsi
1716 615 1939 656 credebant
1967 628 2011 656 se
2040 614 2202 656 moveri
2232 627 2256 655 a
2281 615 2365 667 spi-

1343 686 1427 727 ritu
1461 686 1740 737 rectitudinis,
1776 690 1817 727 et
1850 687 1928 740 ipsi
1967 687 2248 729 movebantur
2281 687 2368 728 zelo

1345 757 1639 799 amaritudinis
1671 770 1681 798 ε
1713 758 1825 810 quod
1856 771 1941 799 non
1972 759 2180 799 debebant
2208 759 2366 810 facere,

1346 829 1452 870 sicut
1480 828 1631 869 dicitur
1660 828 1672 849 ‘³
1707 843 1714 869 :
1750 844 1768 866 «
1795 828 1914 878 Quod
1941 829 1976 869 si
2007 830 2144 870 zelum
2175 842 2370 871 amarum

1346 900 1534 951 habetis,
1571 903 1611 940 et
1646 899 1932 940 contentiones
1964 903 2065 940 sunt
2101 901 2146 940 in
2177 901 2372 942 cordibus

1348 971 1511 1022 vestris,
1536 970 1665 1011 nolite
1687 970 1864 1022 gloriari
1888 973 1928 1011 et
1947 955 2168 1012 mendaces
2187 984 2279 1013 esse
2299 973 2371 1013 ad·

1349 1056 1498 1084 versus
1522 1042 1759 1084 veritatem.
1780 1058 1799 1080 n
1826 1042 1875 1083 Et
1902 1046 2126 1096 propterea
2152 1043 2306 1084 dicitur
2326 1048 2339 1069 ⁷
2363 1056 2373 1084 ε

1357 1130 1375 1153 (ι
1394 1115 1528 1156 Nolite
1550 1115 1667 1155 omni
1694 1114 1860 1166 spiritui
1886 1115 2053 1156 credere
2078 1129 2086 1155 :
2112 1115 2183 1156 sed
2204 1116 2378 1168 probate

1353 1186 1547 1238 spiritus,
1586 1186 1622 1226 si
1656 1198 1709 1226 ex
1742 1186 1825 1227 Deo
1858 1186 1957 1227 sint.
1992 1201 2011 1223 »
2050 1186 2232 1239 Spiritus
2264 1187 2379 1227 enim

1353 1256 1504 1298 Christi
1536 1260 1597 1297 est
1631 1257 1803 1310 spiritus
1832 1258 2190 1310 mansuetudinis,
2227 1271 2379 1300 secun-

1353 1329 1456 1369 dum
1483 1328 1586 1369 illud
1605 1328 1617 1349 ⁸
1643 1343 1651 1368 :
1685 1344 1704 1367 «
1730 1329 1911 1381 Spiritus
1940 1329 2107 1370 Domini
2139 1342 2267 1382 super
2295 1342 2376 1381 me,

1354 1413 1403 1440 eo
1420 1400 1533 1452 quod
1552 1401 1724 1441 unxerit
1743 1413 1826 1450 me,
1843 1401 1895 1441 ad
1909 1401 2251 1442 annuntiandum
2266 1413 2383 1442 man-

1355 1471 1484 1512 suetis
1512 1470 1626 1511 misit
1653 1483 1744 1520 me3
1767 1485 1786 1508 ›>
1813 1473 1854 1511 et
1878 1471 1980 1511 item
2000 1471 2013 1493 ⁹
2038 1485 2047 1512 ι
2077 1487 2095 1510 α
2113 1471 2216 1512 Ecce
2236 1484 2385 1515 servus

1357 1555 1496 1593 meus,
1527 1542 1755 1594 suscipiam
1784 1554 1908 1592 eum;
1931 1557 1949 1580 ›)
1976 1543 2169 1596 sequitur
2203 1557 2212 1585 ε
2242 1558 2260 1581 α
2286 1542 2386 1585 Dedi

1357 1614 1553 1666 spiritum
1592 1626 1736 1654 meum
1774 1626 1903 1666 super
1940 1627 2054 1656 eum.
2089 1630 2108 1653 ι)
2146 1614 2382 1668 SubJungi-

1358 1687 1427 1725 tur
1448 1686 1475 1710 ¹⁰
1497 1698 1534 1726 2«
1556 1684 1775 1725 Calamum
1801 1688 2048 1737 quassatum
2071 1698 2157 1727 non
2180 1690 2381 1738 conteret,

1358 1759 1399 1796 et
1417 1756 1556 1797 linum
1576 1756 1792 1808 fumigans
1808 1768 1895 1796 non
1911 1756 2147 1808 extinguet.
2165 1772 2184 1796 ›)
2203 1757 2254 1799 Et
2272 1758 2387 1799 hunc

1359 1827 1555 1880 spiritum
1598 1827 1805 1868 debebant
1844 1827 1912 1868 isti
1956 1828 2111 1869 habere
2128 1860 2138 1879 ,
2181 1831 2387 1882 tanquam

1359 1899 1460 1940 boni
1498 1898 1689 1951 discipuli
1730 1901 1772 1939 et
1815 1899 2047 1940 imitatores
2090 1898 2294 1951 Magistri.
2338 1900 2389 1941 Et

1360 1973 1581 2022 propterea
1606 1970 1720 2011 addit
1744 1971 1797 2022 [v.
1822 1971 1883 2021 56)
1909 1985 1917 2011 :
1940 1971 2082 2012 Filius
2100 1970 2284 2013 hominis
2303 1981 2389 2013 non

1360 2042 1478 2083 venit
1491 2042 1659 2082 animas
1677 2041 1896 2083 hominum
1908 2041 2094 2094 perdere,
2111 2042 2182 2085 sed
2195 2043 2361 2085 salvare
2379 2054 2392 2083 .·

1361 2112 1565 2164 quoniam
1584 2111 1654 2152 hic
1673 2112 1879 2154 adventus
1897 2125 1984 2153 non
2003 2116 2092 2154 erat
2107 2113 2299 2165 justitiae,
2317 2115 2390 2155 sed

1361 2182 1675 2233 misericordiae,
1695 2184 1931 2225 secundum
1950 2185 2055 2226 illud
2076 2187 2104 2210 ¹¹
2126 2198 2137 2227 t
2156 2201 2175 2225 α
2194 2186 2288 2227 Non
2309 2187 2388 2227 mi-

1360 2255 1415 2295 sit
1441 2255 1550 2296 Deus
1574 2255 1711 2296 filium
1735 2257 1929 2296 suumin
1956 2258 2186 2309 mundum,
2212 2260 2258 2299 ut
2273 2258 2390 2311 judi-

1363 2328 1426 2366 cet
1450 2325 1684 2375 mundum3
1714 2326 1787 2366 sed
1817 2329 1865 2366 ut
1890 2327 2077 2369 salvetur
2103 2329 2290 2370 mundus
2317 2341 2391 2382 per

1362 2395 1518 2448 ipsum.
1541 2410 1561 2433 ›)
1584 2394 1701 2436 Unde
1721 2396 1773 2436 ab
1792 2396 1873 2437 isto
1889 2410 2019 2438 suum
2039 2410 2195 2439 nomen
2215 2400 2388 2452 accepit,

1362 2469 1410 2506 ut
1429 2467 1637 2507 diceretur
1655 2466 1797 2518 Jesus,
1819 2469 2053 2510 secundum
2073 2469 2178 2511 illud
2201 2470 2228 2492 ¹¹
2247 2484 2256 2511 :
2275 2486 2294 2509 α
2312 2470 2391 2512 Vo-

1363 2535 1476 2575 cabis
1494 2548 1651 2577 nomen
1671 2539 1706 2589 ej
1714 2549 1764 2577 us
1782 2537 1803 2578 J
1806 2549 1926 2579 esum
1946 2553 1955 2580 ε
1979 2539 2067 2592 ipse
2087 2540 2202 2582 enim
2221 2541 2387 2584 salvum

1362 2607 1485 2647 faciet
1515 2608 1723 2660 populum
1754 2621 1881 2650 suum
1908 2622 1933 2650 a
1966 2612 2144 2664 peccatis
2175 2625 2337 2655 eorum.
2364 2629 2384 2653 υ

1364 2675 1414 2718 Et
1430 2678 1532 2719 item
1556 2679 1583 2700 ¹³
1607 2693 1616 2719 z
1638 2679 1769 2721 Filius
1785 2681 1969 2723 hominis
1989 2694 2077 2723 non
2095 2684 2214 2725 venit
2239 2685 2387 2726 minis·

1362 2749 1480 2800 trari,
1502 2750 1573 2791 sed
1593 2750 1855 2802 ministrare,
1879 2754 1920 2793 et
1938 2753 2039 2796 dare
2057 2755 2247 2797 animam
2266 2769 2389 2799 suam

1362 2819 1408 2859 in
1426 2820 1761 2874 redemptionem
1784 2835 1861 2876 pro
1892 2825 2050 2867 multis.
2072 2840 2092 2864 »
2117 2826 2169 2867 Et
2196 2827 2290 2869 ideo
2315 2829 2390 2882 qui

1363 2891 1559 2942 spiritum
1582 2893 1733 2934 Christi
1757 2894 1907 2946 habet,
1930 2908 2017 2937 non
2045 2897 2168 2940 debet
2192 2902 2388 2953 expetere

1363 2963 1609 3015 vindictam,
1637 2965 1709 3006 sed
1728 2966 1927 3008 exhibere
1947 2968 2212 3023 patientiam,
2237 2984 2388 3014 secun-

1363 3033 1467 3075 dum
1484 3035 1590 3076 illud
1609 3036 1822 3078 Ambrosii
1845 3038 1873 3063 ¹⁸
1891 3037 1937 3078 in
1957 3038 2099 3082 Glossa
2122 3055 2162 3083 ια
2181 3041 2380 3094 Perfecta,

1362 3105 1512 3158 inquit,
1536 3107 1673 3149 virtus
1691 3121 1779 3149 non
1797 3109 1925 3151 habet
1941 3112 2130 3154 studium
2149 3113 2336 3156 ultionis.
2360 3129 2380 3153 ι)

1362 3175 1398 3218 N
1400 3189 1446 3217 ec
1463 3178 1549 3219 ulla
1567 3182 1630 3220 est
1657 3180 1878 3222 iracundia
1897 3182 2113 3225 charitatis
2127 3216 2138 3236 ,
2160 3185 2231 3226 sed
2250 3185 2384 3236 pleni-

1361 3249 1479 3292 tudo.
1502 3250 1598 3292 Ideo
1616 3251 1771 3292 dicitur
1790 3252 1818 3274 ¹⁵
1842 3266 1881 3294 :a
1897 3252 1989 3295 Non
2014 3256 2292 3309 vosmetipsos
2311 3257 2383 3299 de-

1362 3318 1590 3373 fendentes,
1612 3322 1860 3376 charissimi,
1883 3325 1957 3366 sed
1973 3325 2066 3366 date
2085 3325 2227 3368 locum
2245 3327 2338 3369 irae.
2361 3342 2381 3366 ι)

1361 3449 1375 3470 ⁹
1399 3449 1494 3490 ibid„
1518 3457 1610 3491 xmi,
1634 3455 1662 3484 1.
1684 3468 1723 3475 --
1744 3452 1769 3473 ¹·
1790 3452 1889 3493 ibid„
1910 3455 1940 3484 3.
1963 3470 1999 3476 —
2023 3454 2047 3476 ¹¹
2067 3454 2176 3495 Joan„
2195 3464 2256 3498 111,
2278 3459 2326 3489 17.
2348 3477 2388 3482 -

1363 3496 1388 3517 ¹²
1408 3496 1542 3535 Mattlz„
1565 3505 1595 3537 1,
1619 3500 1670 3530 21.
1691 3516 1731 3522 -—
1759 3499 1785 3520 ¹³
1806 3499 1902 3538 ibid„
1930 3507 1993 3537 xx,
2016 3501 2066 3531 28.
2087 3519 2127 3526 -
2153 3503 2177 3524 ¹⁴
2200 3504 2330 3543 Ambit,
2355 3507 2387 3536 i's?

1362 3543 1453 3581 Luc„
1472 3543 1529 3575 lib.
1551 3545 1623 3585 Vll,
1644 3554 1677 3576 n.
1699 3547 1750 3576 28.
1772 3563 1805 3567 —
1826 3546 1853 3567 ¹⁵
1872 3546 1974 3586 Rom.,
1995 3555 2058 3587 xii,
2082 3551 2129 3580 w.
