2634 3853
79 1226 196 1252 Salvan-

76 1266 177 1292 dorum

57 1314 196 1334 numerus

221 212 300 252 620
947 201 1230 244 EVANGELII
1261 201 1447 243 SANCTI
1478 201 1625 244 LUCAE

219 296 354 346 nebit,
377 294 427 335 de
444 305 528 346 quo
547 303 726 333 numero
746 293 790 332 in
809 291 1066 344 Apocalypsi
1086 292 1095 312 ¹
1119 305 1127 331 :
1154 305 1172 329 a
1194 290 1245 331 Ut

218 365 527 419 requiescerent
546 362 684 403 adhuc
709 364 877 414 tempus
904 360 1117 401 modicum
1132 391 1144 410 ,
1167 360 1240 400 do-

218 449 294 478 nec
316 435 608 488 compleantur
628 432 820 473 conservi
842 444 1012 482 eorum,
1035 433 1075 471 et
1094 431 1243 470 fratres

219 519 416 550 eorum.»
433 506 532 546 Haec
550 516 651 556 ergo
672 504 823 543 domus
844 502 1057 554 impletur,
1074 501 1243 554 quando

218 579 406 621 salvatur
442 574 694 617 universitas
726 573 975 622 electorum,
1005 572 1055 612 de
1087 571 1244 623 quibus

218 649 370 690 dicitur
388 648 401 669 ²
424 658 433 686 :
453 661 471 683 «
492 644 589 685 Post
609 643 701 683 haec
720 642 804 683 vidi
824 642 992 682 turbam
1014 653 1216 693 maguam
1229 673 1241 691 ,

218 731 344 773 quam
381 717 650 757 dinumerare
682 725 806 754 nemo
838 715 1014 766 poterat.
1045 727 1063 750 n
1092 712 1143 753 Et
1164 713 1244 753 ite-

218 801 315 830 rum
331 789 343 810 ³
367 802 375 827 :
399 786 532 836 «Vidi,
556 788 596 826 et
615 796 709 826 ecce
727 796 868 836 agnus
887 783 1020 824 stabat
1042 784 1094 834 (a)
1117 794 1245 835 supra

217 862 403 900 montem
425 857 546 907 Sion,
567 858 608 896 et
636 867 734 896 cum
755 867 804 896 eo
833 857 1002 895 centum
1016 885 1028 904 ,
1050 868 1068 890 n
1096 856 1171 894 etc.
1195 853 1246 894 Et

217 932 261 972 in
281 929 441 971 cantico
463 927 781 970 Deuteronomz’z'
801 927 812 946 '⁴
838 940 846 966 :
876 941 894 963 «
915 924 1137 966 Constituit
1165 927 1245 964 ter-

216 1002 354 1042 minos
373 1000 628 1054 populorum
653 1000 782 1051 Juxta
811 1007 1041 1037 numerum
1058 995 1245 1035 filiorum

218 1072 343 1114 lsrael
364 1087 374 1122 ;
397 1087 415 1110 ›)
441 1071 515 1112 ubi
534 1070 633 1111 dicit
659 1069 889 1120 Gregorius
908 1068 921 1089 ⁵
945 1070 1048 1121 quot
1078 1069 1137 1107 tot
1169 1067 1246 1107 sal-

215 1144 430 1186 vabuntur
458 1141 651 1182 homines
672 1172 684 1191 ,
715 1143 818 1193 quot
849 1139 995 1191 angeli
1025 1140 1243 1179 steterunt.

217 1213 428 1266 Quidquid
444 1215 586 1253 tamen
601 1211 652 1251 sit
671 1211 721 1251 de
740 1211 820 1251 hoc
834 1242 844 1259 ‚
866 1211 1030 1250 certum
1054 1211 1113 1249 est
1133 1209 1247 1261 quod

217 1286 424 1340 perfectus
444 1284 523 1325 erit
551 1295 755 1324 numerus
776 1282 1028 1331 electorum3
1060 1280 1106 1320 in
1126 1281 1191 1332 cuj
1199 1291 1248 1320 us

217 1358 406 1408 figuram
438 1355 591 1396 dicitur
615 1355 628 1376 ⁶
660 1369 669 1395 :
700 1369 719 1392 α
749 1353 949 1394 Dominus
976 1351 1170 1405 apparuit
1197 1351 1248 1391 de

218 1430 360 1469 monte
376 1425 557 1479 Pharan,
574 1427 722 1466 etcum
736 1437 785 1466 eo
805 1426 1047 1464 sanctorum
1065 1421 1240 1462 millia.»

270 1497 411 1538 Tertio
425 1529 434 1546 ‚
456 1498 666 1549 quantum
687 1496 738 1537 ad
758 1495 1044 1548 repulsionem
1067 1495 1249 1533 contem-

218 1568 435 1617 nentium,
457 1568 679 1620 subjUngit
702 1568 756 1618 (v.
778 1567 840 1618 24)
862 1580 870 1606 :
896 1566 1002 1607 Dico
1018 1566 1154 1606 autem
1176 1573 1247 1604 vo-

221 1640 304 1690 bis,
327 1638 439 1692 quod
465 1650 584 1680 nemo
603 1639 794 1681 virorum
825 1637 993 1679 illorum
1013 1636 1089 1688 qui
1108 1634 1250 1676 vocati

219 1714 342 1760 sunt,
364 1712 404 1751 et
434 1722 477 1750 se
506 1710 838 1758 excusaverunt,
867 1706 1053 1760 prestabit
1085 1715 1247 1747 coenam

219 1792 352 1824 meam
374 1793 387 1821 ,·
409 1781 508 1833 quia
535 1779 677 1820 nullus
696 1779 748 1819 ad
767 1790 931 1819 coenam
951 1777 1066 1816 illam
1087 1776 1246 1828 pertin-

218 1854 301 1905 git,
324 1852 406 1893 nisi
427 1851 601 1892 humilis
620 1851 633 1871 ⁷
658 1865 667 1889 :
697 1865 716 1889 α
734 1849 823 1890 Nisi
851 1848 1042 1890 conversi
1062 1847 1247 1896 fueritis,

221 1928 261 1966 et
293 1923 535 1964 efficiamini
567 1922 677 1963 sicut
709 1920 899 1974 parvuli,
922 1931 1009 1959 non
1039 1918 1251 1958 intrabitis

221 1995 265 2035 in
284 2006 468 2046 regnum
498 1993 717 2034 coelorum.
740 2006 759 2029 n
788 1990 906 2032 Unde
938 1993 978 2030 et
1009 1990 1055 2029 in
1085 1988 1251 2031 Psalmo

220 2066 372 2107 dicitur
391 2069 404 2090 ³
428 2079 437 2105 ε
466 2079 485 2103 (ι
505 2064 640 2113 Quam
670 2075 828 2114 magna
858 2061 1084 2102 multitudo
1102 2059 1223 2101 dulce
1239 2082 1250 2090 -

222 2136 330 2178 dinis
362 2138 475 2186 tuae,
508 2134 707 2183 Domine,
740 2145 870 2186 quam
910 2131 1161 2172 abscondisti
1197 2130 1248 2170 ti-

220 2208 434 2249 mentibus
454 2207 517 2247 tel
540 2220 559 2243 ›)
583 2204 847 2245 Timentibus
866 2205 1022 2243 -autem
1047 2201 1252 2242 Dominus

221 2280 433 2327 reservat3
471 2277 541 2317 sed
580 2275 783 2328 superbos
821 2274 997 2327 repellit.
1033 2289 1052 2312 (ι
1073 2273 1117 2314 Si
1137 2273 1253 2314 enim

222 2351 235 2371 ⁹
259 2348 421 2401 angelis
451 2346 720 2400 peccantibus
751 2357 838 2386 non
862 2345 1072 2398 pepercit,
1098 2344 1169 2385 sed
1188 2356 1256 2384 ru-

222 2420 414 2461 dentibus
451 2418 659 2466 inferni‚»
689 2420 785 2468 etc.,
817 2416 924 2457 sicut
954 2416 1053 2457 dicit
1082 2415 1252 2465 Petrus;

222 2492 376 2544 etpost
400 2504 409 2531 ε
434 2488 592 2531 «Novit
613 2487 817 2529 Dominus
838 2487 928 2540 pios
952 2487 1003 2527 de
1026 2486 1256 2527 tentatione

222 2562 404 2614 eripere,
426 2560 595 2612 iniquos
625 2567 728 2601 v'ero
759 2559 804 2598 in
830 2558 943 2599 diem
963 2557 1111 2610 Judicii
1127 2569 1258 2598 reser-

223 2644 323 2674 vare
354 2630 614 2672 cruciandos.
640 2644 659 2667 n
699 2629 794 2670 ldeo
823 2629 979 2670 dicitur
1009 2632 1038 2654 1⁰
1071 2640 1081 2668 :
1115 2643 1134 2667 <‹
1164 2627 1258 2669 Noli

227 2703 359 2744 altum
382 2714 551 2754 sapere,
576 2701 648 2741 sed
667 2700 783 2741 time.
806 2700 850 2741 Si
872 2699 986 2740 enim
1004 2699 1112 2740 Deus
1131 2701 1258 2739 natu-

226 2773 385 2815 ralibus
403 2772 533 2812 ramis
551 2783 639 2812 non
661 2771 867 2824 pepercit,
886 2782 940 2811 ne
963 2771 1069 2811 forte
1088 2782 1165 2811 nec
1184 2769 1259 2810 tibi

227 2846 383 2897 parcat.
406 2857 424 2880 n
462 2842 514 2883 Et
549 2842 642 2884 ideo
680 2842 831 2883 dicitur
875 2841 927 2882 ad
962 2841 1156 2883 Rebi-ceos
1186 2842 1212 2863 ¹¹
1246 2855 1254 2880 z

235 2914 498 2966 «Propterea
526 2912 809 2954 abundantius
841 2914 1006 2965 oportet
1034 2912 1261 2953 observare

226 2997 304 3026 nos
318 2996 366 3026 ea
377 2995 473 3037 quae
490 2984 744 3035 audivimus,
759 2995 812 3024 ne
823 2984 928 3024 forte
944 2984 1258 3036 pereffluamus.

226 3056 270 3097 Si
304 3055 417 3096 enim
451 3054 522 3107 qui
550 3066 622 3107 per
641 3055 816 3106 angelos
846 3054 981 3095 dictus
1007 3057 1069 3095 est
1095 3066 1258 3105 sermo,

230 3127 363 3167 factus
393 3128 455 3166 est
485 3125 662 3175 firmUS,
696 3137 781 3177 quo
816 3125 941 3166 modo
968 3136 1046 3166 nos
1077 3125 1258 3176 effugie-

230 3208 340 3248 muS,
362 3196 397 3237 si
417 3197 580 3236 tantam
602 3195 918 3247 neglexerimus
941 3195 990 3247 (b)
1008 3195 1216 3236 salutem?
1237 3210 1256 3234 ›>

282 3269 353 3308 25.
376 3267 498 3309 Ibant
517 3269 658 3308 autem
691 3266 820 3308 lurboe
845 3267 1008 3316 mulloe,
1036 3268 1113 3307 etc.
1144 3266 1261 3307 Post-

280 3356 289 3377 ¹
312 3356 424 3396 Apoc„
446 3363 492 3395 vi,
514 3357 564 3386 12.
588 3372 622 3376 -
644 3355 655 3373 ²
673 3355 769 3394 lbid.,
790 3363 850 3395 m,
875 3358 905 3387 9.
929 3373 964 3378 —
986 3356 997 3373 ³
1022 3355 1120 3395 lbid.,
1141 3362 1210 3395 xm,
1234 3359 1264 3386 1.

237 3418 275 3424 —
296 3402 432 3440 ⁸Deut„
451 3409 559 3441 xxxu,
579 3403 652 3434 8.—
666 3403 806 3442 ⁵Greg.,
827 3403 859 3433 ιἰι
875 3402 1017 3442 Ecany„
1039 3402 1264 3441 hom.xxx1V,

244 3457 276 3478 n.
301 3451 349 3480 ll.
367 3465 406 3471 —
425 3449 438 3470 ⁶
458 3449 572 3487 Dent„
591 3456 717 3489 xxxni,
737 3452 767 3480 2.
795 3466 833 3471 —
858 3450 867 3467 ⁷
888 3450 1019 3489 Maltlz„
1047 3456 1147 3487 xvim,
1175 3451 1204 3479 3.
1227 3465 1262 3471 —

247 3496 257 3510 ⁸
275 3495 364 3527 Ροάί.
385 3504 468 3534 XXX,
487 3497 537 3527 20.
559 3512 599 3519 -—
618 3496 629 3513 ⁹
653 3497 677 3527 ll
699 3498 813 3535 Petra„
837 3503 880 3535 ιν,
899 3498 930 3535 4,
951 3498 1029 3527 9.-
1050 3497 1076 3518 m
1092 3495 1196 3534 Rom„
1217 3503 1265 3535 xi,

1319 303 1449 343 quam
1488 292 1717 334 confutavit
1754 293 2055 336 calumniantes
2093 300 2134 338 et
2162 299 2346 341 erudivit

1320 362 1614 413 convivantes,
1643 362 1711 403 hic
1733 365 1824 415 jam
1851 364 1973 405 tertio
2002 365 2201 408 informat
2222 369 2347 409 comi-

1318 435 1467 474 tantes.
1492 433 1701 474 Dividitur
1719 436 1863 474 autem
1895 448 1991 488 pars
2021 436 2100 478 ista
2130 439 2175 478 in
2206 441 2344 482 duas:

1318 504 1362 544 in
1389 507 1527 557 prima
1556 505 1695 545 erudit
1726 506 1971 547 comitantes
2004 519 2078 559 per
2115 511 2246 551 verba
2276 524 2348 552 ex-

1318 586 1482 627 pressa;
1506 575 1549 615 in
1569 575 1751 616 secunda
1764 588 1866 617 vero
1879 608 1892 627 ,
1919 589 1993 629 per
2016 579 2209 632 exempla
2229 592 2348 633 para-

1318 645 1466 697 bolica,
1489 646 1548 686 ibi
1567 648 1595 671 ¹²
1617 661 1625 686 :
1653 647 1760 698 Quis
1781 649 1895 690 enim
1915 658 1971 690 eoe
1993 649 2109 691 vobis
2135 650 2348 703 aedificare

1319 715 1460 758 volens
1503 718 1659 759 turrim
1683 748 1696 767 ,
1735 720 1827 761 etc.¹
1856 718 2062 760 Erudiens
2095 723 2237 761 autem
2276 734 2350 774 per

1318 787 1448 828 verba
1467 799 1664 840 expressa
1697 788 1749 828 ad
1779 788 1993 829 Christum
2025 790 2259 842 specialiter
2279 803 2347 832 co-

1319 858 1578 908 mitandum,
1601 858 1787 910 procedit
1813 858 1894 900 hoc
1917 859 2063 900 ordine
2079 892 2090 911 ‚
2113 862 2350 913 exprimen-

1318 929 1371 969 do
1399 928 1552 968 scilicet
1583 928 1815 980 spiritualis
1854 930 2078 970 comitatus
2115 930 2346 982 indicium,

1318 998 1599 1051 principium,
1622 1000 1663 1038 et
1683 999 2057 1051 complementum.
2083 999 2224 1041 Primo
2245 1013 2349 1053 ergo

1320 1071 1528 1122 quantum
1554 1070 1605 1109 ad
1625 1069 1855 1122 spiritualis
1883 1069 2107 1112 comitatus
2127 1069 2348 1121 indicium,

1319 1140 1419 1181 dicit
1452 1155 1459 1179 :
1493 1140 1617 1183 Ibant
1650 1143 1791 1182 autem
1825 1140 1956 1182 turboe
1979 1139 2122 1182 multae
2151 1151 2246 1182 cum
2281 1151 2350 1193 eo,

1320 1211 1366 1251 in
1412 1211 1587 1263 signum
1651 1211 1879 1264 spiritualis
1938 1212 2174 1253 comitatus.
2234 1211 2354 1253 Unde

1322 1281 1465 1322 Glossa
1499 1283 1527 1306 ¹³
1568 1296 1578 1322 :
1613 1296 1632 1320 α
1649 1282 1770 1322 lbant
1802 1282 1939 1323 turbae
1979 1294 2076 1323 cum
2115 1294 2178 1334 eo,
2221 1284 2352 1335 captae

1321 1353 1474 1393 scilicet
1491 1352 1709 1393 dulcedine
1729 1352 2038 1405 praedicationis
2062 1355 2103 1393 et
2130 1353 2353 1394 miraculo-

1320 1435 1432 1464 rum.
1455 1437 1474 1461 »
1497 1423 1614 1464 Unde
1634 1425 1828 1475 poterant
1848 1423 1985 1464 dicere
2005 1423 2109 1464 illud
2140 1425 2168 1448 ¹¹⁴
2194 1437 2202 1464 :
2232 1439 2251 1461 «
2273 1423 2351 1464 Do-

1322 1494 1460 1543 mine,
1480 1493 1532 1534 ad
1551 1506 1679 1546 quem
1697 1494 1853 1534 ibimus
1867 1494 1887 1532 Ῥ
1907 1493 2043 1535 Verba
2061 1494 2160 1536 vitae
2181 1497 2353 1535 aeternae

1321 1564 1466 1605 babes.
1489 1578 1508 1601 n
1531 1563 1582 1604 Et
1611 1566 1711 1604 nota
1740 1563 1808 1603 hic
1838 1564 1950 1616 quod
1969 1563 2172 1605 Pharisaei
2192 1565 2352 1605 calum-

1321 1635 1548 1676 niabantur
1574 1634 1788 1675 Christum
1803 1665 1815 1684 ,
1839 1634 1978 1674 turbae
2008 1634 2320 1675 comitabantur
2341 1650 2351 1685 ;

1322 1708 1423 1759 quia
1442 1718 1570 1759 quem
1591 1706 1761 1758 superbi
1781 1705 2040 1758 despiciunt,
2069 1706 2253 1746 humiles
2282 1718 2351 1748 co-

1323 1778 1542 1818 mitantur.
1567 1777 1685 1818 Unde
1710 1777 1755 1817 in
1774 1777 1933 1820 Joarme
1956 1778 2002 1829 (c)
2027 1777 2078 1817 ¹¹⁵:
2100 1777 2357 1830 «Numquid

1326 1860 1377 1888 ex
1393 1848 1655 1901 principibus
1669 1847 1821 1900 aliquis
1841 1847 2019 1888 credidit
2029 1847 2072 1887 in
2087 1859 2201 1898 eum,
2216 1850 2289 1888 aut
2304 1859 2357 1888 ex

1324 1919 1582 1960 Pharisaeis‘?
1600 1918 1682 1960 Sed
1709 1919 1834 1959 turba
1854 1919 1969 1969 haec,
1999 1931 2095 1972 quae
2121 1931 2208 1960 non
2233 1919 2358 1961 novit

1323 1991 1464 2043 legem
1482 2022 1492 2040 ‚
1516 1990 1726 2031 maledicti
1758 1993 1872 2031 sunt.
1896 2004 1915 2029 ι)
1939 1990 2056 2031 Sicut
2085 2002 2184 2032 oves
2214 1993 2357 2044 pasto-

1324 2074 1415 2103 rem
1432 2063 1460 2084 ¹⁶
1487 2077 1495 2102 ε
1525 2077 1544 2101 «
1564 2061 1718 2103 videns
1740 2061 1761 2102 J
1765 2073 1861 2102 esus
1882 2061 2028 2102 turbas
2043 2093 2053 2111 ,
2076 2061 2276 2102 misertus
2297 2063 2358 2102 est

1326 2133 1405 2183 eis,
1425 2133 1528 2185 quia
1547 2134 1667 2173 erant
1687 2131 1830 2173 vexati
1849 2134 1890 2172 et
1903 2133 2111 2184 jacentes,
2131 2132 2240 2173 sicut
2257 2143 2358 2173 oves

1325 2215 1412 2244 non
1431 2203 1635 2244 habentes
1655 2205 1880 2255 pastorem.
1903 2217 1922 2240 ))
1949 2202 2067 2243 Sicut
2087 2202 2269 2256 populus
2289 2214 2356 2243 re-

1327 2286 1427 2327 gem
1450 2274 1476 2296 ¹⁷
1501 2288 1538 2315 2«
1558 2274 1714 2315 Turbae
1734 2285 1831 2327 quae
1857 2274 2172 2326 praecedebant,
2194 2276 2235 2314 et
2263 2285 2358 2326 quae

1327 2345 1643 2398 sequebantur,
1683 2345 1920 2385 clamabant
1953 2344 2168 2385 dicentes:
2198 2343 2357 2385 Hosan-

1326 2429 1382 2457 na
1399 2449 1408 2467 ,
1432 2430 1451 2454 n
1474 2419 1552 2457 etc.
1575 2416 1692 2457 Sicut
1709 2416 1903 2469 discipuli
1923 2416 2137 2457 doctorem
2156 2417 2183 2441 ¹⁸
2207 2430 2246 2456 :(‹
2264 2415 2362 2457 Fac-

1327 2490 1421 2528 tum
1452 2489 1541 2538 est,
1566 2499 1665 2528 cum
1695 2487 1833 2528 turbae
1861 2487 2073 2528 irruerent
2096 2487 2141 2527 in
2173 2499 2293 2537 eum,
2315 2489 2362 2527 ut

1329 2558 1521 2599 audirent
1550 2558 1731 2601 verbum
1756 2557 1852 2608 Dei,
1884 2560 1925 2598 et
1954 2558 2043 2610 ipse
2076 2559 2211 2599 stabat
2244 2568 2363 2599 secus

1329 2630 1535 2679 stagnum
1556 2627 1828 2668 Genezareth.
1851 2641 1870 2665 n

1384 2697 1600 2749 Secundo,
1623 2700 1830 2750 quantum
1853 2698 1905 2738 ad
1934 2697 2164 2750 spiritualis
2191 2698 2365 2738 comita-

1330 2771 1398 2810 tus
1420 2769 1699 2822 principium,
1721 2768 1862 2809 subdit
1884 2782 1893 2809 :
1916 2769 1969 2810 Et
1990 2778 2214 2810 conversus
2244 2768 2367 2810 dixit

1332 2840 1390 2882 od
1434 2840 1545 2882 illos.
1592 2840 1825 2882 Conversus
1843 2871 1857 2889 ,
1896 2840 2072 2891 inquam
2089 2871 2099 2890 ,
2138 2851 2214 2892 per
2243 2838 2366 2879 beni-

1332 2911 1538 2963 gnitatem
1559 2910 1586 2932 ¹⁹
1607 2922 1647 2950 :<‹
1668 2910 1792 2961 Deus,
1813 2912 1861 2950 tu
1879 2921 2110 2951 conversus
2131 2909 2366 2950 vivificabis

1333 2992 1425 3022 nos.
1452 2995 1471 3019 n
1505 2981 1649 3031 Discit,
1685 2992 1759 3033 per
1792 2979 2015 3022 veritatem
2049 2980 2284 3021 doctrinae:
2320 2979 2368 3021 Sz'

1335 3053 1432 3106 quis
1467 3052 1582 3094 venit
1616 3051 1675 3093 act
1710 3061 1773 3092 me
1795 3083 1808 3101 ,
1842 3062 1917 3103 per
1948 3050 2367 3102 supererogationem

1332 3122 1510 3176 justitia}
1531 3122 1562 3146 ²⁰
1583 3133 1624 3162 :<‹
1640 3120 1786 3162 Venite
1805 3121 1858 3161 ad
1878 3131 1966 3171 me,
1988 3131 2136 3160 omnes
2156 3120 2230 3172 qui
2249 3119 2365 3160 labo*

1335 3194 1462 3244 ratis,
1485 3195 1526 3235 et
1544 3192 1705 3233 onerati
1729 3191 1829 3233 estis
1860 3205 1870 3232 ε
1893 3205 1912 3229 ι)
1936 3191 1990 3233 Ec
2021 3200 2107 3232 non
2138 3190 2264 3233 audit
2288 3200 2365 3242 pa-

1337 3296 1388 3334 20,
1416 3296 1468 3326 21.
1490 3310 1528 3317 —
1547 3294 1569 3314 1¹
1592 3293 1708 3331 Μόνη,
1733 3300 1768 3330 ιι,
1792 3293 1858 3323 1-2.
1884 3307 1918 3312 -
1944 3290 1966 3308 ¹²
1986 3290 2063 3330 inf,
2083 3291 2133 3321 28.
2156 3307 2191 3312 -
2214 3289 2241 3311 1³
2260 3289 2368 3321 Gloss.

1338 3342 1484 3373 interlin.
1502 3340 1537 3372 in
1556 3340 1648 3371 huuc
1667 3339 1727 3371 loc.
1745 3356 1784 3362 -
1805 3339 1826 3357 ‘⁴
1841 3339 1951 3376 Joan„
1970 3345 2018 3377 vr,
2041 3338 2090 3369 69.
2112 3353 2151 3359 —
2173 3338 2194 3355 ¹⁵
2216 3336 2313 3376 lbid.,
2336 3345 2367 3376 v,

1339 3390 1445 3420 48-49.
1465 3404 1506 3411 -
1524 3388 1550 3408 ¹⁶
1569 3388 1688 3425 Marc„
1710 3394 1756 3426 VI,
1774 3387 1869 3416 34.-
1886 3385 1910 3405 ¹⁷
1930 3383 2146 3423 Mattlz.xx1,
2159 3385 2231 3415 9.-
2246 3384 2271 3404 ¹⁸
2286 3384 2367 3424 Sup.

1339 3444 1370 3476 v,
1393 3438 1422 3468 1.
1444 3452 1482 3459 --
1503 3436 1526 3456 ¹⁹
1543 3434 1635 3466 Psal.
1657 3440 1797 3472 Lxxxw,
1819 3434 1848 3463 7.
1868 3449 1902 3453 -—
1924 3431 1952 3452 '20
1970 3430 2104 3469 Mami„
2123 3438 2173 3470 ει,
2194 3432 2246 3462 28.

1386 3494 1430 3534 (α)
1453 3494 1532 3526 Coet.
1550 3492 1631 3524 edit.
1656 3491 1766 3523 stabit.
1788 3507 1827 3514 --
1849 3489 1893 3529 (b)
1914 3488 2136 3529 negleximus.

2611 752 2629 790 „-
2604 534 2627 674 2424242:
2622 501 2623 506 „
