2634 3853
295 151 370 190 182

292 238 362 278 hic
380 236 534 277 dicitur
552 246 630 287 pro
654 232 912 286 expansione
944 240 1097 269 manus
1131 239 1156 267 a
1186 226 1319 279 capite

292 306 453 361 pollicis
472 317 606 358 usque
632 304 682 344 ad
705 301 992 362 summitatem
1024 297 1151 338 medii
1177 296 1317 348 digiti.

295 378 348 420 Si
361 375 586 425 occiditur,
604 377 680 415 etc.
702 384 818 413 :ecce
838 369 1006 411 miseria
1019 370 1287 408 mortuorum
1309 382 1318 408 z

294 449 447 502 primo,
486 447 694 498 quantum
733 442 784 482 ad
820 439 1177 481 circumstantiam
1216 437 1295 477 loci
1309 453 1318 487 ;

296 517 503 567 secundo,
540 516 746 567 quantum
782 511 834 551 ad
866 509 1040 550 modum
1083 507 1320 549 moriendi:

304 588 499 640 Vz‘ryines
512 595 624 634 meoe,
653 585 731 623 etc.
740 596 749 631 ;
773 581 911 631 tertio,
929 582 1138 632 quantum
1159 578 1208 619 ad
1232 590 1321 618 ma-

298 657 565 710 gnitudinem
602 651 853 694 universalis
892 649 1052 701 flagelli
1095 664 1102 689 :
1145 650 1325 700 Interfe-

299 729 413 777 cz'sti‚
437 729 513 767 etc.
536 724 644 765 Loca
663 721 802 774 tangit
817 722 902 762 duo
926 735 936 762 ι
965 721 1166 761 intimum
1181 751 1192 770 ,
1214 719 1325 759 scili-

299 801 364 839 cet
382 795 669 838 sanctuarium
686 809 695 843 ;
717 796 758 834 et
777 795 1030 834 extremum.
1059 791 1159 831 Dicit
1188 802 1294 841 ergo
1316 803 1325 830 ε

303 869 350 910 Si
369 867 577 911 occiditur
596 867 645 908 in
664 864 914 907 sanctuario
943 863 1116 905 Domini
1134 860 1330 903 sacerdos

302 944 342 982 et
354 938 557 991 propheta
568 951 579 984 ;
610 935 732 988 quasi
764 949 772 974 ε
807 933 1011 983 Quamvis
1046 935 1212 973 tantum
1241 943 1332 984 pec-

303 1009 505 1059 caverint,
526 1006 759 1047 sacerdotes
790 1003 1001 1056 numquid
1032 1003 1211 1043 interfici
1248 1014 1333 1042 me-

302 1079 509 1120 ruerunt?
529 1076 604 1118 Vel
629 1077 670 1118 si
691 1074 924 1124 occiditur,
947 1076 1043 1123 etc„
1072 1073 1180 1113 sicut
1200 1073 1250 1113 de
1271 1084 1335 1113 sa-

303 1153 402 1190 tana
440 1148 599 1200 legitur
635 1147 711 1199 (a),
744 1143 956 1197 numquid
996 1144 1089 1184 ideo
1135 1143 1336 1184 mulieres

303 1219 544 1268 comedent,
581 1218 682 1258 ete?
716 1215 797 1257 Sed
825 1226 903 1267 pro
936 1214 1025 1255 loco
1051 1214 1251 1255 exteriori
1272 1225 1338 1255 se-

305 1290 451 1343 quitur
474 1289 578 1341 (Sia)
596 1301 609 1329 .·
629 1288 862 1329 Jacuerunt
874 1287 922 1328 in
944 1288 1054 1328 terra
1070 1287 1191 1337 foris,
1210 1286 1340 1326 inter-

306 1361 399 1402 fecti
421 1361 470 1411 (b)
492 1361 638 1411 fugere
658 1358 1037 1409 volente53puev'ei
1050 1366 1196 1407 senem,
1213 1356 1338 1396 ambo

308 1432 491 1471 infirmae
505 1430 660 1471 aetatis:
679 1428 868 1481 primum
882 1439 959 1468 nec
969 1439 1086 1467 sacro
1100 1427 1190 1467 loco
1201 1438 1342 1479 parce-

310 1503 449 1552 batur,
465 1513 541 1541 nec
554 1501 671 1552 fugae
688 1499 934 1552 praesidium
945 1497 1262 1551 opitulabantur
1275 1497 1319 1549 (e)
1329 1527 1338 1536 .

311 1573 511 1626 Sequitur
535 1586 543 1612 :
578 1571 777 1623 Virqines
806 1580 928 1619 meoe,
963 1568 1004 1607 id
1026 1571 1110 1618 est,
1134 1567 1341 1607 infirmio-

313 1655 399 1684 res:
425 1646 462 1685 ei
471 1642 650 1694 juvenes
665 1641 761 1690 mei,
789 1640 831 1680 id
851 1642 927 1690 est,
950 1639 1156 1689 fortiores
1180 1637 1343 1680 cecide-

313 1718 415 1755 rzmc
445 1714 494 1755 in
513 1711 672 1765 maio,
697 1711 750 1751 ad
777 1710 960 1750 litteram
976 1741 986 1759 ,
1017 1709 1236 1749 interfecti.
1261 1708 1343 1749 Pro

313 1785 436 1825 tertio
458 1783 599 1824 subdit
618 1797 626 1822 ε
649 1782 906 1833 Inter-fecisti
925 1780 1056 1822 indie
1079 1780 1242 1830 furoris
1260 1779 1343 1829 tui,

316 1856 410 1896 illos
427 1854 501 1908 qui
523 1853 666 1905 gladio
688 1852 928 1893 ceciderunt
960 1850 1155 1892 vindicta:
1173 1850 1346 1890 irrefra-

317 1926 489 1979 gabilis;
525 1923 798 1976 percussisti,
828 1923 1039 1974 J'acentes,
1073 1920 1322 1973 permissive
1334 1935 1344 1970 ;

317 2007 391 2039 nec
413 1997 609 2038 misertus
630 2004 687 2036 es.
706 1993 822 2034 Libri
843 1993 941 2033 novi
968 1992 1125 2032 habent
1144 2004 1152 2031 :
1172 2001 1246 2032 nec
1266 1991 1347 2032 mi-

320 2067 516 2110 sev-eberis
533 2081 548 2107 .·
570 2067 803 2118 exponatur
822 2062 1142 2114 interrogative.

375 2137 655 2192 Spiritualiter
694 2134 1041 2186 intelligendum,
1091 2132 1205 2185 quod
1243 2131 1350 2172 Deus

321 2209 565 2251 terribiliter
591 2206 795 2260 quosdam
823 2205 867 2244 in
896 2203 1080 2245 Ecclesia
1098 2202 1350 2253 vindemiat,

324 2279 548 2329 cuminos,
572 2289 679 2330 quos
706 2276 823 2329 prius
851 2287 923 2328 per
959 2273 1255 2327 praedicatores
1277 2286 1352 2314 ex-

325 2350 469 2400 coluit,
488 2351 632 2402 postea
645 2347 806 2388 steriles
825 2348 868 2386 et
885 2345 1033 2385 inanes
1047 2344 1300 2396 derelinquit
1318 2347 1351 2384 ¹:

332 2421 581 2462 «plantabis
600 2420 791 2466 vineam,
828 2419 869 2457 et
900 2428 986 2456 non
1023 2415 1215 2456 comedes
1241 2415 1354 2455 fruc-

327 2497 395 2534 tus
415 2492 522 2544 ejus.
542 2505 561 2529 ι)
587 2489 801 2539 Mulieres,
826 2486 925 2527 mali
944 2485 1122 2538 praelati,
1141 2485 1250 2525 luxu
1271 2496 1359 2525 mo-

328 2574 423 2603 rum
444 2560 638 2610 emolliti,
654 2559 727 2612 qui
747 2559 933 2609 fractam
953 2567 1077 2598 saum
1106 2555 1330 2597 comedant
1343 2568 1360 2608 ,·

330 2633 406 2686 qui
425 2632 476 2672 de
494 2631 638 2671 labore
659 2627 895 2676 ministerii,
917 2627 950 2667 si
972 2638 1099 2679 quem
1118 2625 1292 2676 faciunt,
1315 2626 1361 2666 in

332 2701 529 2756 praesenti
568 2700 655 2740 vita
701 2698 1088 2738 remunerationem
1131 2697 1356 2749 accipiunt.

334 2773 366 2814 E
386 2774 531 2812 contra
552 2770 702 2811 dicitur
716 2769 836 2809 bonis
855 2768 1096 2809 doctoribus
1109 2770 1123 2791 2
1148 2782 1155 2807 :
1187 2783 1206 2805 «
1229 2768 1361 2809 Posui

336 2854 426 2893 vos,
445 2844 493 2882 ut
514 2841 632 2892 eatis,
652 2843 693 2880 et
710 2840 895 2880 fructum
920 2838 1120 2889 afferatis,
1139 2841 1180 2879 et
1196 2839 1362 2879 fructus

336 2916 474 2955 vester
495 2913 716 2951 maneat.»
745 2909 817 2952 Vel
844 2911 1028 2961 fractam
1059 2909 1298 2961 comedant,
1321 2910 1362 2951 id

337 2986 424 3034 est,
470 2984 725 3023 consumunt
771 2980 970 3033 parvulos
1016 2983 1071 3020 ad
1120 2992 1364 3021 mensuram

338 3054 509 3108 palmae;
532 3052 632 3105 quia
650 3052 842 3092 infirmos
863 3051 966 3101 tide,
991 3062 1098 3103 quos
1116 3051 1367 3103 baptismate

339 3124 409 3166 vel
421 3123 542 3164 aliter
558 3123 784 3174 generant,
803 3120 997 3173 exemplo
1026 3120 1077 3160 ad
1103 3123 1271 3162 terrena
1300 3122 1370 3162 de-

342 3194 494 3236 sideria
512 3192 716 3233 inclinant
729 3205 739 3242 3
759 3191 998 3241 comedunt,
1012 3190 1112 3243 quia
1125 3191 1252 3232 rebus
1273 3193 1370 3232 sub-

343 3266 451 3311 ditos
475 3263 676 3317 spoliant,
713 3273 819 3314 quos
852 3273 1022 3315 pascere
1055 3261 1300 3303 debuerant.
1324 3263 1372 3306 Si

391 3373 396 3389 ¹
417 3371 530 3408 Dent„
545 3375 645 3405 xxm,
666 3369 716 3398 30.
733 3383 774 3389 —-
792 3367 802 3385 ²
817 3368 924 3407 Joan.‚
945 3375 1000 3406 xv,
1023 3369 1074 3399 16.
1091 3383 1127 3389 -
1149 3366 1161 3388 ³
1178 3369 1255 3407 lsa„
1277 3377 1371 3410 xxiV,

346 3420 377 3449 2.
396 3434 430 3439 —
452 3416 465 3437 ἢ
483 3417 616 3455 Jerem„
637 3421 685 3453 Vl,
707 3416 756 3444 13.
771 3429 811 3435 -
828 3413 840 3434 ⁵
860 3414 869 3443 l
893 3413 984 3453 Corn,
1001 3420 1057 3453 xv,
1080 3415 1131 3444 33.

640 143 919 185 EXPOSITIO
950 142 1001 182 ΙΝ
1030 137 1470 182 LAMENTATIONES
1498 139 1740 182 JEREMIAE
1771 138 2080 182 PROPHETAE.

1393 229 1614 280 occiditur,
1637 234 1713 270 etc.
1742 242 1750 269 z
1773 240 1848 280 per
1873 231 2169 272 sanctuarium
2200 231 2339 272 cultus
2358 231 2430 273 Dei

1394 299 1677 351 intelligitur:
1708 298 1911 351 propheta
1944 302 1984 339 ct
2014 301 2204 342 sacerdos
2232 302 2429 343 occidun-

1394 372 1463 409 tur
1488 370 1532 409 in
1570 369 1828 419 sanctuario,
1865 370 2033 421 quando
2064 372 2129 412 vel
2169 373 2327 422 doctor,
2359 373 2432 426 qui

1395 451 1471 491 per
1488 440 1731 492 proplietam
1757 439 2029 491 intelligitur,
2051 442 2182 481 verba
2204 442 2432 495 Scripturae

1397 510 1446 550 ad
1468 511 1719 562 pravitatem
1739 510 1974 562 intorquet,
2010 511 2076 551 vel
2105 512 2271 563 quando
2301 523 2434 555 sacer-

1400 581 1474 622 dos
1510 581 1685 633 indigne
1723 588 1840 621 sacra
1877 581 2079 633 mysteria
2109 582 2338 634 dispensat.
2366 584 2436 625 Ja-

1399 655 1577 694 caeram
1598 653 1647 693 in
1668 655 1783 694 terra.
1804 652 1909 702 loris
1926 662 2030 703 puer
2051 654 2089 694 et
2104 662 2245 694 senex.
2267 653 2280 675 ³
2298 652 2437 694 «Sicut

1402 723 1517 762 enim
1530 723 1725 775 populus,
1741 722 1799 762 sic
1813 724 1853 762 et
1866 722 2095 762 sacerdos.»
2113 722 2282 763 interra
2297 724 2439 775 Jacue-

1403 797 1517 842 runt,
1540 792 1640 844 quia
1662 793 1706 832 in
1723 792 1903 832 terrenis
1922 791 2138 832 desideriis
2165 792 2434 844 quieverunt.

1405 861 1498 903 Non
1523 862 1659 903 solum
1691 863 1913 913 sederunt,
1939 865 1986 902 ut
2017 874 2146 915 supra
2175 862 2335 903 dictum
2356 865 2432 913 est,

1406 934 1477 973 sed
1493 936 1740 985 jacuerunt,
1761 933 2040 981 dormienteS,
2079 935 2119 972 et
2150 933 2308 985 seipsos
2342 944 2437 973 nes-

1406 1004 1561 1044 cIentes
1576 1017 1584 1043 :
1599 1003 1612 1024 ¹⁴
1633 1003 1699 1042 «A
1722 1003 1899 1042 minimo
1914 1015 2050 1055 usque
2066 1003 2118 1043 ad
2136 1005 2342 1056 majorem
2353 1015 2441 1043 om-

1407 1084 1481 1113 nes
1501 1073 1691 1115 avaritiae
1711 1073 1892 1113 student.
1916 1087 1935 1110 >³
1961 1074 2010 1113 In
2032 1078 2146 1114 terra
2179 1074 2303 1124 foris,
2323 1073 2443 1113 locus

1409 1144 1524 1185 exilii
1570 1143 1837 1195 intelligitur.
1893 1143 2086 1196 Virqi‘nes
2124 1154 2250 1193 meae,
2288 1143 2443 1183 animae

1410 1214 1763 1267 contemplativae,
1798 1214 1869 1255 sed
1890 1214 2016 1255 fatuae
2031 1248 2040 1265 ,
2064 1214 2132 1255 vel
2153 1214 2297 1255 fideles
2312 1246 2322 1264 ‚
2345 1215 2446 1267 quia

1410 1286 1507 1327 fidei
1522 1285 1813 1337 integritatem
1833 1297 1920 1325 non
1941 1285 1994 1337 (d)
2017 1288 2202 1336 servant,
2223 1287 2263 1325 et
2266 1284 2446 1337 juvenes

1411 1357 1496 1398 mei
1517 1357 1564 1397 in
1592 1356 1736 1408 qiadio
1769 1355 2027 1405 ceciderant,
2047 1356 2089 1396 id
2109 1358 2190 1406 est,
2213 1355 2448 1408 persuasio-

1413 1428 1539 1467 nibus
1575 1427 1875 1467 haereticorum
1921 1426 2115 1466 subversi
2158 1428 2257 1466 sunt
2298 1438 2308 1465 :
2347 1426 2449 1477 quia

1414 1497 1641 1550 Apostolus
1653 1498 1666 1519 ⁵
1683 1511 1692 1537 z
1718 1512 1737 1535 «
1749 1496 2035 1550 Corrumpunt
2054 1497 2187 1536 bonos
2206 1508 2346 1536 mores
2363 1495 2448 1536 col-

1416 1568 1558 1620 loquia
1580 1580 1726 1620 prava.
1748 1582 1766 1604 ›)
1793 1567 1811 1607 J
1819 1579 1979 1607 uvenes
1999 1569 2113 1616 sunt,
2130 1566 2204 1618 qui
2225 1567 2269 1605 in
2289 1566 2450 1618 praeliis

1416 1640 1542 1679 fortes
1561 1641 1675 1688 sunt,
1690 1637 1822 1689 quiin
1833 1637 2085 1677 adversitate
2106 1636 2272 1676 diabolo
2289 1648 2376 1676 non
2391 1648 2453 1677 ce-

1419 1710 1528 1750 dunt
1538 1723 1547 1759 ;
1570 1711 1765 1749 ettamen
1786 1708 1928 1760 gladio
1954 1708 2116 1760 linguae
2136 1708 2296 1760 iniquae
2312 1708 2454 1761 plures

1420 1782 1744 1822 subvertuntur.
1760 1780 2023 1831 Iniei‘feeisti
2034 1791 2047 1819 .·
2060 1779 2263 1820 interfecit
2276 1791 2361 1830 eOS,
2382 1780 2454 1832 qui

1421 1865 1495 1905 per
1528 1850 1819 1891 infidelitatem
1858 1852 2062 1890 corruunt
2097 1864 2105 1890 z
2141 1850 2321 1902 percutit
2359 1862 2453 1901 eos,

1423 1922 1497 1975 qui
1517 1922 1559 1961 in
1580 1921 1701 1974 lapsu
1724 1921 1997 1973 pereuntium
2027 1932 2101 1973 per
2122 1919 2458 1972 compassionem

1424 1993 1682 2034 carnalitatis
1702 1993 1913 2034 vulnerati
1935 1994 2034 2033 sunt
2062 2007 2070 2032 ε
2101 2003 2189 2032 non
2215 1990 2455 2042 miseretur,

1425 2064 1528 2104 dum
1563 2075 1640 2104 nec
1675 2064 1814 2115 lapsos
1840 2063 1990 2114 erigit,
2023 2074 2101 2103 nec
2129 2062 2317 2102 dolorem
2346 2064 2461 2102 stan-

1426 2134 1535 2174 tium
1556 2133 1809 2174 consolatur.

1487 2204 1618 2245 Thau.
1674 2205 1840 2246 Vocasii
1883 2205 2009 2256 quasi
2040 2203 2099 2245 ad
2133 2203 2270 2252 diem,
2315 2205 2392 2243 etc.
2428 2202 2464 2242 A

1429 2276 1547 2328 parte
1565 2274 1586 2315 J
1591 2274 1812 2314 udaeorum
1831 2274 1922 2314 haee
1942 2274 2023 2314 trIa
2033 2274 2183 2326 „iungit
2208 2287 2216 2314 :
2234 2276 2461 2324 terrorem;

1431 2345 1708 2397 dejectionem
1728 2344 1965 2395 labiorum3
1988 2344 2371 2395 consumptionem.
2397 2343 2464 2383 Di-

1432 2417 1484 2456 cit
1503 2427 1607 2466 ergo
1630 2429 1638 2455 z
1659 2415 1855 2466 Vocasti,
1880 2415 1998 2467 quasi
2018 2431 2025 2456 :
2051 2414 2212 2454 Eorum
2238 2414 2317 2454 fuit
2337 2413 2464 2464 velle;

1434 2486 1506 2527 sed
1524 2489 1651 2526 tuum
1670 2485 1749 2525 fuit
1768 2486 2010 2536 concedere,
2046 2488 2087 2525 et
2110 2497 2184 2538 per
2207 2495 2468 2537 consequens

1434 2559 1560 2597 tuum
1580 2559 1642 2596 est
1655 2555 1852 2596 liberare.
1882 2556 2068 2606 Vocasii',
2093 2554 2310 2595 Chaldaeos
2329 2556 2370 2594 et
2390 2553 2466 2595 Ro-

1437 2637 1604 2675 manos,
1627 2627 1749 2678 quasi
1781 2626 1839 2667 ad
1874 2626 1989 2668 diem
2028 2626 2270 2676 solemnem,
2307 2625 2352 2665 in
2384 2637 2469 2677 quo

1438 2697 1696 2749 prosperitas
1715 2707 1864 2736 corum
1887 2696 2156 2747 designatum
2179 2697 2255 2748 qui
2269 2698 2471 2737 terrerent

1438 2778 1501 2808 me
1526 2766 1577 2808 de
1615 2767 1815 2816 circuitu,
1853 2765 2041 2817 undique
2073 2765 2236 2817 impetu
2275 2764 2470 2805 videlicet

1439 2837 1692 2878 obsidentes.
1711 2835 1786 2877 Vel
1805 2837 1932 2889 quasi
1951 2836 2008 2877 ad
2030 2836 2142 2878 diem
2159 2836 2393 2885 solemnem,
2415 2835 2473 2875 di-

1441 2907 1510 2957 cit,
1532 2906 1780 2959 quiaJudaei
1797 2908 1840 2946 in
1858 2907 1996 2946 tribus
2015 2906 2116 2946 anni
2136 2905 2472 2946 solemnitatibus

1442 2988 1691 3018 concurrere
1724 2977 1835 3017 soliti
1874 2978 2007 3016 erant.
2031 2974 2106 3016 Vel
2133 2975 2197 3016 dic
2225 2989 2233 3014 :
2267 2975 2398 3022 Quasi
2415 2976 2474 3018 ad

1444 3048 1555 3090 diem
1586 3046 1833 3097 solemnem,
1856 3046 1958 3098 quia
1984 3045 2162 3085 Romani
2182 3048 2385 3097 ceperunt
2403 3044 2471 3086 Je-

1444 3118 1627 3159 rusalem
1649 3117 1692 3157 in
1722 3117 1789 3157 die
1810 3116 1996 3156 Paschae.
2020 3115 2101 3156 Pro
2122 3115 2305 3156 secundo
2332 3115 2472 3167 sequi-

1445 3193 1516 3231 tur
1539 3204 1547 3230 :
1572 3189 1626 3231 Ei·
1642 3198 1727 3230 ηοη
1751 3187 1839 3238 fait
1865 3187 1942 3239 qai
1961 3185 2173 3238 effaqeret,
2202 3186 2253 3226 ad
2275 3186 2472 3236 litteram,

1492 3321 1535 3363 (a)
1560 3320 1685 3361 Supple
1705 3328 1712 3349 :
1731 3317 1884 3350 Videbam
1903 3319 2055 3349 satanam
2072 3319 2157 3349 sicut
2172 3318 2292 3360 falqur
2310 3317 2477 3349 cadentem

1448 3370 1486 3401 (Ie
1511 3368 1589 3400 caelo
1617 3367 1733 3408 (Luc.,
1755 3374 1788 3405 x,
1813 3365 1892 3405 18.).
1914 3382 1954 3388 -
1981 3365 2028 3405 (b)
2051 3366 2130 3397 Coet.
2152 3365 2232 3396 edit.
2253 3365 2475 3396 interfectum.

1449 3434 1490 3440 -
1509 3416 1546 3455 (c)
1571 3415 1643 3454 Leq.
1665 3412 1945 3452 opitulabatur.—
1970 3412 2013 3452 (cl)
2033 3413 2111 3444 Coet.
2134 3412 2215 3444 edit.
2235 3412 2323 3444 deest
2342 3420 2422 3444 non.
