2634 3853
1030 199 1304 243 EXPOSITIO
1333 203 1387 244 IN
1417 203 1530 244 CAP.
1562 205 1628 245 lX.
2308 218 2385 255 455

266 294 341 335 lud
371 294 416 332 ¹:
457 305 476 328 «
514 288 702 331 Narrabo
740 301 895 330 nomen
931 291 1054 329 tuum
1089 288 1287 330 fratribus

266 363 391 412 meis,
414 376 432 398 n
459 365 536 401 etc.
568 360 679 400 Licet
706 363 850 401 autem
872 360 1119 412 loqueretur
1143 360 1288 400 affabi-

263 433 374 482 liter,
402 443 488 472 non
513 433 656 471 tamen
682 430 903 480 inutiliter,
930 442 1017 470 non
1040 430 1284 480 carnaliter3

262 505 364 558 quia
385 504 435 544 de
454 515 592 555 regno
617 503 708 554 Dei,
731 516 817 544 non
836 504 887 543 de
909 503 1083 543 mundo.
1106 503 1223 544 Unde
1244 507 1282 543 2:

268 590 288 614 (ι
307 574 352 616 Si
372 574 467 627 quis
479 574 682 627 loquitur,
701 576 902 626 tanquam
923 585 1138 613 sermones
1156 574 1242 614 Dei.
1261 589 1279 612 n

261 645 313 686 Et
330 646 431 686 item
452 645 494 686 ³:
523 645 642 694 «Qui
671 647 732 685 est
759 645 809 685 de
833 647 965 694 terra,
995 644 1045 683 de
1069 646 1180 684 terra
1200 647 1295 695 est,

260 718 301 757 et
319 716 371 757 de
391 718 503 756 terra
520 715 727 768 loquitur;
761 714 834 767 qui
854 714 905 754 de
927 713 1031 754 coelo
1050 715 1168 755 venit
1181 748 1191 765 ,
1214 728 1287 756 su-

259 799 334 839 per
361 799 507 827 omnes
538 788 615 826 est.
644 800 663 823 ›>
699 784 921 837 Sequitur:
958 799 977 823 «
1008 783 1138 833 Quem
1173 786 1286 826 enim

259 857 374 898 misit
406 857 534 908 Deus,
575 857 699 897 verba
727 856 798 897 Dei
828 856 1030 909 loquitur.
1062 870 1081 893 ))
1107 855 1158 896 Et
1184 855 1285 896 item

258 928 357 969 dicit
385 927 534 969 Petrus
556 931 591 968 ⁸:
617 942 636 966 α
658 927 852 977 Domine,
880 927 931 967 ad
954 939 1081 980 quem
1101 927 1283 967 ibimus?

257 999 388 1040 verba
415 998 516 1039 vitae
541 1001 710 1039 aeternae
736 997 882 1038 habes,
903 1012 923 1035 n
948 997 1030 1039 Nec
1051 1000 1219 1038 tantum
1242 1010 1286 1038 se

257 1068 452 1110 exhibuit
470 1068 682 1109 affabilem
695 1068 825 1109 verbo
839 1070 878 1108 et
897 1068 1038 1120 signo,
1063 1069 1135 1109 sed
1157 1069 1285 1110 etiam

256 1141 364 1181 facto
373 1155 384 1190 3
413 1139 526 1180 unde
553 1139 771 1180 subditur:
795 1140 850 1181 Et
869 1149 935 1181 eos
956 1140 1032 1192 qui
1052 1149 1154 1181 cura
1171 1139 1286 1181 indi-

259 1210 423 1262 yebana
447 1209 640 1252 sanabat.
664 1209 712 1249 ln
731 1221 815 1262 quo
835 1210 1069 1250 ostenditur
1087 1210 1285 1262 perfectio

258 1279 490 1321 dilectionis
503 1287 521 1331 ‚⁴
540 1281 591 1321 de
616 1293 700 1333 qua
718 1281 898 1322 Joamzes
919 1284 931 1305 ⁵
949 1295 957 1321 :
984 1296 1002 1319 «
1022 1280 1157 1321 Filioli
1177 1281 1282 1330 mei,

259 1362 346 1391 non
379 1350 610 1402 diligamus
639 1351 796 1400 verbo,
830 1363 966 1403 neque
995 1351 1169 1402 lingua,
1213 1351 1286 1392 scd

259 1431 386 1472 opere
409 1422 450 1460 et
476 1420 665 1461 veritate.
686 1434 705 1457 n
732 1419 836 1468 Quia
856 1434 864 1460 t
894 1437 912 1459 «
933 1420 1011 1469 Qui
1029 1421 1181 1461 viderit
1198 1422 1283 1461 fra-

257 1495 367 1532 trem
386 1503 514 1532 suum
532 1491 823 1532 necessitatem
843 1491 1014 1542 habere,
1033 1493 1073 1531 et
1089 1491 1286 1531 clauserit

259 1563 420 1603 viscera
448 1574 526 1602 sua
558 1563 610 1602 ab
639 1574 713 1612 eo,
752 1562 965 1614 quomodo
1000 1561 1181 1602 charitas
1212 1561 1286 1602 Dei

261 1635 405 1674 manet
425 1633 468 1673 in
487 1637 566 1674 eo?
586 1647 606 1670 »
632 1633 776 1673 Talem
800 1633 916 1673 enim
935 1633 1285 1673 consuetudinem

257 1704 408 1745 habuit
433 1704 642 1754 Christus3
674 1704 786 1744 unde
812 1704 963 1745 dicitur
990 1705 1040 1744 de
1069 1715 1117 1743 eo
1139 1704 1252 1756 quod
1271 1708 1284 1729 θ

264 1790 283 1814 «
296 1775 538 1828 pertransiit
550 1774 861 1823 benefaciendo,
879 1776 919 1814 et
938 1774 1125 1814 sanando
1139 1785 1285 1814 omnes

257 1858 478 1899 oppressos
509 1859 534 1886 a
559 1845 746 1895 diabolo,
768 1860 787 1882 »
814 1857 899 1885 non
922 1845 1058 1886 solum
1088 1845 1195 1885 bene
1219 1845 1283 1885 lo-

256 1917 438 1970 quendo.
471 1916 588 1958 Unde
616 1917 661 1956 in
691 1916 772 1956 hoc
801 1916 991 1956 eruditur
1018 1916 1282 1968 praedicator,

255 2000 331 2029 seu
349 1987 564 2041 praelatus,
585 1990 635 2027 ut
654 1999 698 2027 se
714 1987 954 2038 benignum
973 1987 1172 2027 exhibeat
1192 1987 1282 2027 ovi-

253 2060 335 2100 bus
366 2059 476 2109 suis,
508 2058 662 2098 scilicet
690 2057 836 2109 signo,
867 2057 997 2098 verbo
1024 2060 1064 2097 et
1091 2058 1212 2097 facto.
1236 2056 1284 2097 In

254 2132 376 2183 cujus
407 2129 469 2170 rei
501 2129 677 2181 signum
709 2128 870 2169 dictum
901 2130 963 2168 est
999 2130 1062 2168 ter
1098 2127 1220 2169 Petro
1240 2128 1280 2169 ⁷:

258 2215 278 2239 α
297 2199 424 2241 Pasce
442 2211 543 2241 oves
562 2211 696 2249 meas,
726 2212 744 2235 n
766 2200 844 2238 etc.

306 2274 371 2312 12.
387 2271 490 2313 Dies
507 2274 646 2312 autem
656 2272 833 2322 coeperat
849 2268 1075 2320 declinare,
1092 2273 1169 2310 etc.
1188 2269 1284 2311 Post

251 2342 594 2382 informationem
614 2340 914 2392 discipulorum
941 2352 1016 2392 per
1039 2341 1282 2393 exemplum

251 2412 481 2460 familiare,
515 2410 709 2451 subditur
739 2410 979 2450 informatio
1016 2422 1091 2462 per
1123 2412 1281 2451 factum

252 2482 459 2534 figurale3
496 2483 537 2521 et
570 2480 651 2520 hoc
688 2480 733 2519 in
766 2480 991 2520 turbarum
1029 2481 1276 2530 refectione,

252 2553 362 2593 circa
380 2553 502 2605 quus
519 2550 835 2603 expressionem
849 2550 934 2591 duo
950 2551 1279 2592 introducuntur

251 2624 304 2664 ab
317 2621 612 2674 Evangelista:
635 2621 823 2674 primum
842 2624 903 2661 est
919 2623 1208 2674 opportunitas
1226 2635 1279 2664 ex

250 2696 369 2747 parte
405 2691 654 2744 indigentiae
691 2690 1003 2742 multitudinis3
1044 2694 1278 2734 secundum

252 2767 314 2805 est
333 2763 559 2804 liberalitas
585 2774 638 2802 ex
659 2764 777 2814 parte
802 2762 1101 2804 misericordiae
1130 2764 1274 2806 Salva-

249 2835 366 2885 toris‚
387 2836 429 2875 et
450 2834 530 2874 hoc
547 2832 606 2873 ibi
628 2832 694 2885 (v.
724 2835 774 2872 14
793 2832 802 2884 )
828 2846 837 2872 z
861 2833 936 2874 Ait
954 2838 1093 2875 autem
1114 2834 1171 2876 ad
1191 2834 1277 2877 dis-

246 2905 409 2958 cipulos
443 2914 542 2947 suos
563 2917 576 2942 .·
599 2904 744 2946 Facite
780 2902 874 2945 illos
910 2903 1170 2947 discumbere
1201 2917 1276 2958 per

246 2977 460 3027 convivia,
477 2978 555 3016 etc.
570 2973 868 3027 Opportunitas
886 2985 940 3014 ex
955 2977 1071 3026 parte
1085 2976 1275 3028 indigen-

244 3046 316 3086 tiae
353 3045 638 3086 multitudinis
682 3044 938 3097 exprimitur
977 3049 1184 3097 quantum
1221 3047 1273 3088 ad

246 3119 443 3169 quatuor,
457 3116 612 3157 scilicet
627 3119 835 3169 quantum
850 3115 902 3155 ad
919 3116 1157 3157 tarditatem
1173 3117 1270 3169 diei,

246 3189 453 3240 quantum
482 3187 534 3227 ad
561 3186 824 3227 sterilitatem
852 3185 953 3237 loci,
982 3190 1191 3239 quantum
1220 3188 1272 3228 ad

244 3256 500 3310 paucitatem
526 3256 630 3307 cibi,
657 3260 698 3298 et
726 3259 934 3309 quantum
961 3258 1012 3297 ad
1033 3258 1269 3315 numerosi-

287 3339 297 3359 ¹
317 3338 406 3370 Psal.
429 3344 508 3378 xx1,
530 3340 581 3369 23.
601 3354 642 3361 -—
661 3339 672 3357 2
693 3340 703 3369 1
724 3340 829 3380 Petu,
853 3348 900 3379 IV,
923 3342 972 3371 11.
992 3357 1032 3363 —
1057 3340 1068 3357 ³
1089 3341 1194 3377 Joan„
1218 3347 1268 3379 111,

246 3386 304 3423 31,
326 3386 376 3416 34.
396 3401 436 3407 —
455 3384 588 3425 ⁴1bid.,
607 3392 661 3425 v1,
683 3387 734 3417 69.
754 3403 794 3409 -
814 3387 1270 3426 ⁵1Joan.,111,18,17.—

246 3432 258 3449 ⁶
273 3431 360 3470 Act„
377 3439 411 3470 3,
432 3433 484 3462 38.
499 3448 540 3454 —
554 3432 567 3453 '¹
581 3432 688 3466 Joan„
705 3435 962 3472 xx1,15-17.--
979 3434 992 3454 8
1009 3433 1086 3473 lnf.‚
1105 3440 1200 3472 XXIV,
1217 3435 1268 3465 29.

249 3495 284 3499 —
300 3478 412 3514 9Αετ.,
429 3479 530 3517 xx‚7.
548 3494 587 3500 —
602 3478 628 3499 1⁰
643 3478 737 3518 Gen„
757 3487 855 3519 uui,
876 3482 926 3512 20.
945 3497 983 3503 —
1005 3480 1029 3501 ¹¹
1043 3481 1217 3519 Jodn.,1v,
1236 3482 1266 3512 8.

1363 294 1493 333 tatem
1509 295 1668 347 populi.
1694 296 1745 337 Et
1764 298 1823 338 sic
1843 299 2064 340 conficitur
2082 301 2161 340 ista
2181 306 2383 354 opportu-

1360 363 1469 403 nitas
1490 376 1543 405 ex
1561 366 1878 408 circumstantia
1897 370 2113 422 temporis,
2135 370 2228 419 loci,
2251 384 2382 423 quan-

1360 434 1488 474 titatis
1525 436 1625 486 cibi,
1672 440 1712 477 et
1748 450 2040 490 personarum.
2076 439 2218 480 Primo
2256 453 2381 493 ergo,

1360 508 1569 556 quantum
1597 507 1647 546 ad
1678 507 1759 548 diei
1786 509 2045 560 tarditatem,
2081 510 2258 551 dicitur:
2287 512 2385 553 Dies

1361 578 1503 617 ducem
1524 582 1699 627 caeperat
1722 578 1952 629 cleclz'nare3
1977 583 2017 620 et
2035 581 2092 620 ita
2111 584 2279 633 tempus
2299 586 2387 622 erat

1359 646 1555 686 sumendi
1574 647 1856 699 refectionem,
1879 650 1986 690 sicut
2006 651 2160 691 dicitur
2178 651 2192 672 ⁸
2212 664 2220 690 ε
2242 667 2260 689 α
2281 651 2387 700 Quo-

1358 715 1474 755 niam
1515 717 1842 770 advesperascit,
1882 723 1922 760 et
1960 721 2160 761 inclinata
2196 725 2259 762 est
2294 723 2386 774 jam

1359 785 1459 826 dies.
1483 800 1502 822 ))
1520 786 1567 826 In
1590 799 1674 839 quo
1695 789 1822 829 etiam
1842 794 2015 843 apparet
2034 792 2142 832 mira
2161 793 2387 833 turbarum

1358 856 1539 907 devotio,
1559 869 1670 909 quae,
1687 862 1857 912 propter
1877 861 2072 902 auditum
2092 862 2225 903 divini
2247 863 2383 914 verbi,

1359 927 1498 968 oblitae
1534 932 1671 969 essent
1708 930 1937 982 corporalis
1969 931 2064 972 cibi.
2103 932 2303 973 Similiter
2332 936 2385 984 (a)

1357 997 1514 1050 legitur
1533 1002 1546 1023 ⁹
1564 1000 1675 1052 quod
1698 1000 1856 1042 Paulus
1877 1016 1896 1040 ε(
1919 1003 2128 1053 protraxit
2147 1015 2387 1045 sermonem

1358 1081 1494 1121 usque
1515 1070 1565 1109 ad
1588 1070 1769 1111 mediam
1788 1074 2005 1113 noctem.»

1412 1138 1603 1181 Secundo
1623 1153 1742 1192 vero,
1772 1145 1982 1195 quantum
2006 1144 2058 1184 ad
2085 1143 2165 1184 loci
2191 1144 2385 1186 sterilita-

1358 1214 1464 1262 tem,
1502 1212 1694 1253 subditur
1722 1227 1731 1253 :
1774 1214 1828 1255 Ετ
1867 1214 2103 1257 accedentes
2142 1215 2385 1267 duodecim,

1357 1282 1565 1325 dixerunt
1596 1283 1662 1324 illi
1682 1295 1695 1323 .·
1733 1284 1908 1326 Dimitte
1947 1285 2105 1326 turbas.
2139 1285 2190 1325 Et
2224 1286 2275 1326 ad
2307 1286 2388 1327 hoc

1358 1353 1697 1405 persuadendum
1719 1356 1916 1396 movebat
1934 1355 2014 1396 loci
2036 1356 2250 1407 sterilitas;
2273 1359 2386 1399 unde

1358 1424 1553 1464 subditur
1576 1424 1622 1476 (b)
1645 1436 1654 1464 ι
1683 1425 1731 1466 Ul
1757 1428 1899 1467 euntes
1919 1427 1968 1467 in
1987 1426 2155 1467 castella
2183 1427 2389 1481 villasque

1359 1503 1452 1546 quoe
1466 1495 1581 1535 circa
1595 1498 1708 1546 sunt,
1726 1495 1943 1538 divertam
1960 1500 2000 1539 et
2017 1498 2243 1539 inveniam
2258 1510 2385 1550 escas,

1358 1576 1412 1604 ne
1427 1564 1583 1605 scilicet
1599 1565 1709 1605 fame
1724 1569 1910 1618 pereant.
1931 1566 1980 1608 Et
1994 1568 2074 1608 hoc
2087 1572 2149 1608 est
2163 1570 2388 1610 consilium

1358 1647 1526 1685 sanum,
1542 1636 1652 1687 quod
1669 1636 1858 1677 fecerunt
1873 1638 1948 1678 filii
1961 1638 2087 1679 lsrael
2101 1640 2128 1664 ¹⁰
2146 1654 2154 1679 :
2172 1655 2191 1677 (ι
2208 1640 2389 1682 Descen—

1358 1705 1502 1745 dentes
1522 1706 1670 1746 fratres
1689 1707 1709 1747 J
1714 1707 1843 1759 oseph
1863 1708 2007 1749 decem
2028 1712 2077 1750 ut
2095 1714 2282 1751 emerent
2301 1712 2388 1752 fru-

1360 1779 1502 1816 menta
1527 1776 1572 1816 in
1598 1777 1799 1830 AEgypto.
1827 1792 1846 1815 >³
1872 1777 1939 1819 Sic
1963 1779 2089 1820 etiam
2117 1780 2306 1833 Apostoli
2330 1782 2354 1804 ¹¹
2375 1794 2385 1822 :

1365 1861 1383 1883 (ι
1404 1846 1601 1899 Discipuli
1615 1850 1758 1888 autem
1777 1848 1875 1889 Jesu
1891 1849 2082 1890 abierant
2097 1850 2139 1890 in
2155 1851 2383 1905 civitatem,

1359 1919 1406 1957 ut
1433 1917 1546 1957 cibos
1573 1921 1774 1959 emerent.
1801 1934 1820 1957 ›)
1847 1919 1915 1960 Sic
1944 1923 1984 1961 et
2017 1920 2085 1961 isti
2114 1923 2388 1964 consulebant

1358 1999 1472 2028 nunc
1491 1991 1661 2041 propter
1687 1989 1766 2029 loci
1787 1990 2050 2031 sterilitatem
2072 1994 2113 2032 et
2136 1994 2382 2045 penuriam3

1358 2059 1470 2099 unde
1500 2062 1540 2099 et
1564 2059 1773 2100 subdunt:
1811 2061 1925 2111 Quia
1953 2062 2020 2103 hic
2050 2064 2099 2103 in
2125 2062 2210 2106 loco
2229 2064 2387 2107 deserto

1358 2140 1526 2180 sumus,
1554 2131 1628 2170 ubi
1655 2133 1716 2171 est
1745 2131 1929 2171 defectus
1949 2132 2056 2183 cibi,
2083 2135 2314 2175 secundum
2334 2136 2385 2176 il-

1357 2200 1429 2241 lud
1445 2202 1527 2241 ¹²2«
1542 2201 1626 2241 Cur
1645 2201 1845 2242 induxisti
1867 2214 1943 2243 nos
1961 2203 2005 2243 in
2027 2203 2239 2245 desertum
2257 2206 2383 2258 istud,

1357 2274 1404 2312 ut
1423 2272 1664 2313 occideretis
1685 2284 1855 2313 omnem
1874 2273 2191 2315 multitudinem
2208 2277 2346 2317 fame?
2360 2292 2380 2314 n

1356 2342 1408 2382 Et
1433 2343 1533 2394 quia
1559 2342 1726 2382 difficile
1746 2345 1808 2382 est
1831 2343 2026 2384 invenire
2050 2346 2320 2387 refectionem
2340 2348 2385 2388 in

1356 2412 1519 2452 deserto
1530 2427 1540 2461 ;
1554 2413 1646 2453 ideo
1658 2413 1850 2454 dicebant
1863 2414 1966 2454 illud
1985 2415 2147 2457 Psalmi
2158 2416 2185 2437 ¹³
2203 2428 2243 2457 z«
2253 2416 2385 2458 Num-

1355 2483 1458 2535 quid
1489 2484 1642 2535 poterit
1677 2483 1786 2524 Deus
1816 2497 1965 2537 parare
2001 2498 2192 2527 mensam
2230 2488 2274 2528 in
2310 2489 2381 2530 de-

1354 2557 1464 2594 serto
1483 2558 1499 2595 ‘3
1535 2570 1553 2593 n
1592 2555 1690 2595 Haec
1738 2556 1930 2596 dicebant
1969 2557 2198 2608 increduli,
2244 2559 2380 2600 detra-

1352 2625 1501 2666 hentes
1529 2626 1682 2667 divinae
1709 2628 1930 2679 potentiae;
1963 2628 2034 2668 sed
2060 2629 2247 2681 Apostoli
2267 2630 2379 2671 dice-

1353 2695 1456 2736 bant
1475 2697 1731 2737 consulendo
1761 2698 1964 2738 humanae
1984 2699 2254 2752 indigentiae,
2282 2703 2381 2754 quia

1352 2767 1552 2807 nolebant
1571 2766 1796 2807 Dominum
1817 2770 1993 2808 tentare.

1403 2837 1540 2878 Tertio
1551 2849 1667 2886 vero,
1684 2841 1893 2890 quantum
1913 2839 1965 2879 ad
1983 2838 2063 2879 cibi
2078 2841 2373 2895 modicitatem,

1351 2907 1544 2948 subditur
1577 2908 1644 2960 (v.
1668 2910 1738 2960 113)
1757 2922 1765 2948 :
1787 2909 1864 2950 Ait
1893 2913 2032 2951 autem
2061 2909 2119 2951 ad
2144 2910 2239 2953 illos
2257 2924 2271 2953 .·
2302 2915 2377 2956 Vos

1349 2977 1445 3020 date
1463 2978 1553 3020 ides
1577 2978 1861 3029 orzanducaroe
1880 2991 1975 3029 VOS,
1998 2983 2202 3033 tanquam
2225 2995 2374 3025 eorum

1349 3048 1535 3100 praelati,
1558 3049 1791 3089 secundum
1812 3049 1918 3091 illud
1938 3049 1965 3071 ²¹*
1985 3062 2023 3090 z«
2043 3050 2254 3104 Seniores,
2276 3067 2371 3106 pas-

1349 3118 1425 3159 cite
1446 3119 1519 3171 qui
1544 3119 1589 3159 in
1609 3119 1727 3160 vobis
1747 3122 1809 3160 est
1838 3132 2016 3173 gregem
2036 3122 2123 3163 Dei.
2145 3137 2164 3160 ›>
2189 3123 2276 3164 Hoc
2295 3136 2371 3165 au-

1346 3191 1432 3228 tem
1450 3189 1563 3240 dicit,
1585 3192 1632 3229 ut
1651 3201 1704 3230 ex
1732 3201 1880 3231 eorum
1898 3192 2166 3244 responsione
2187 3205 2367 3245 cognos-

1348 3262 1466 3300 catur
1485 3260 1565 3299 cibi
1587 3260 1803 3300 modicitas
1812 3275 1822 3311 3
1848 3264 2018 3314 propter
2037 3263 2148 3314 quod
2174 3263 2366 3307 additur:

1347 3388 1387 3393 —
1402 3372 1433 3439 3²
1446 3371 1564 3411 arod„
1583 3379 1653 3412 xvi,
1671 3373 1701 3404 3.
1716 3389 1756 3395 -
1774 3372 1802 3394 1³
1815 3371 1904 3404 Psal.
1921 3380 2050 3413 Lxxvii,
2070 3375 2119 3404 19.
2134 3390 2172 3397 —
2189 3375 2215 3396 ¹¹·
2234 3376 2244 3406 l
2266 3378 2367 3417 Petra,

1345 3425 1377 3457 v,
1401 3428 1433 3448 z..

1389 3480 1434 3521 (ιι)
1457 3481 1536 3513 Coet.
1557 3482 1636 3514 edit.
1657 3482 1776 3514 simile.
1793 3500 1833 3506 —
1851 3482 1894 3523 (b)
1916 3481 1996 3512 Item
2013 3482 2134 3513 subdit.
