2634 3853
267 205 344 243 490

266 290 455 331 animam
469 291 539 332 dat
558 304 634 344 pro
645 293 811 334 ovibus.
826 292 1129 343 Mercenarius,
1145 307 1164 331 »
1184 296 1262 334 etc.
1280 308 1290 344 ;

267 361 462 414 sequitur
483 376 492 402 :
528 377 545 400 (ι
565 361 685 403 Videt
716 363 866 415 lupum
886 363 1149 413 venientem,
1172 366 1212 403 et
1230 363 1293 403 di-

270 431 397 471 mittit
415 444 529 482 oveS‚
555 436 594 472 et
615 433 735 483 fugit.
758 446 776 469 »
804 432 930 481 Quasi
955 432 1108 472 diceret
1129 447 1137 472 :
1162 432 1222 472 lte
1241 433 1294 473 ad

266 502 450 553 luctum,
483 506 528 544 ut
561 504 778 555 reportetis
812 503 1035 554 gaudium,
1057 504 1293 544 secundum

268 573 370 614 illud
390 576 397 596 ¹
423 587 432 615 :
457 574 642 614 «Euntes
662 574 802 624 ibant,
824 576 864 614 et
882 574 1059 623 flebant,
1082 575 1294 615 mittentes

268 644 429 684 semina
457 657 556 693 sua;
591 644 806 684 venientes
833 647 976 684 autem
998 645 1169 685 venient
1196 657 1294 685 cum

267 713 536 762 exultatione,
560 727 578 750 ›>
608 716 686 754 etc.
713 713 786 754 Vel
818 725 827 753 :
863 713 921 754 Ite
954 715 1004 754 ad
1034 715 1290 766 periculum,

267 788 313 824 ut
335 784 555 836 reportetis
574 784 861 836 triumphum,
883 784 1117 825 secundum
1134 785 1290 826 illud²z

272 871 290 893 c(
310 854 499 895 Transite
518 856 669 896 armati
697 859 792 896 ante
819 856 969 896 fratres
995 859 1172 897 vestros,
1195 857 1296 898 Om-

266 937 340 965 nes
365 926 492 965 fortes
516 938 671 977 manu,
700 929 740 967 et
767 930 955 979 pugnate
986 938 1062 979 pro
1091 927 1165 968 eis.
1194 943 1212 965 »
1245 927 1295 969 Et

267 996 366 1048 quia
388 996 614 1037 fortissima
634 1002 850 1038 armatura
869 1001 932 1038 est
955 999 1235 1039 mansuetudo
1254 1001 1296 1040 et

265 1067 482 1119 patientia,
513 1067 606 1108 ideo
627 1068 726 1108 dicit
748 1082 756 1109 z
791 1068 911 1112 Siout
933 1079 1064 1122 &qnos
1093 1070 1202 1110 inter
1226 1069 1295 1110 lu·-

261 1147 354 1188 pos,
377 1137 417 1177 id
433 1141 515 1188 est,
529 1138 636 1178 sicut
652 1139 763 1191 pios,
778 1139 960 1179 humiles
975 1142 1015 1179 et
1029 1142 1271 1180 mansuetos
1282 1171 1293 1190 ,

265 1207 373 1248 inter
392 1207 566 1261 impios,
599 1210 800 1261 superbos
819 1212 860 1250 et
880 1210 1114 1262 malignos,
1136 1213 1183 1251 ut
1203 1211 1297 1251 illos

264 1278 588 1319 mansuetudine
609 1279 810 1329 vincatis,
833 1280 942 1321 sicut
968 1284 1009 1321 et
1031 1280 1221 1322 Christus
1241 1282 1295 1322 fe-

264 1348 343 1398 cit,
367 1348 600 1390 secundum
620 1349 753 1390 ἱ11υεί3
781 1365 789 1389 :
819 1365 838 1388 α
859 1350 975 1391 Sicut
992 1363 1133 1403 agnus
1152 1364 1295 1392 coram
1315 1380 1318 1382 -

264 1418 462 1459 tondente
490 1431 533 1460 se
559 1420 839 1473 obmutescet,
867 1425 908 1462 et
937 1433 1024 1463 non
1056 1423 1217 1474 aperiet
1249 1435 1296 1464 os

265 1501 406 1530 suum.
430 1504 448 1526 »
480 1490 548 1531 Sic
572 1491 747 1544 apostoli
777 1492 935 1543 agnina
967 1494 1295 1534 mansuetudine

267 1558 524 1601 domuerunt
551 1562 743 1614 lupinam
771 1562 1051 1614 ferocitatem,
1080 1566 1120 1604 et
1143 1564 1292 1617 imple-

267 1633 358 1672 tum
384 1634 446 1672 est
473 1632 518 1672 in
536 1645 585 1673 eo
605 1632 708 1674 illud
736 1634 863 1675 Isaioe
883 1633 897 1655 ⁴
922 1648 931 1674 ι
960 1649 979 1673 (‹
999 1634 1209 1675 Habitabit
1230 1636 1296 1676 lu-

267 1714 346 1755 pus
375 1715 473 1744 cum
506 1716 645 1756 agno,
679 1708 719 1745 et
752 1704 818 1745 leo
850 1705 969 1756 quasi
1000 1706 1075 1747 bos
1107 1708 1297 1748 comedet

266 1774 420 1826 paleas.
444 1789 463 1812 >³
491 1775 543 1815 Et
562 1775 663 1815 item
683 1779 696 1799 ⁵
720 1789 728 1816 :
764 1790 783 1814 α
804 1775 950 1828 Lupus
980 1779 1020 1816 et
1048 1788 1189 1828 agnus
1219 1790 1294 1830 pa-

267 1847 436 1885 scentur
455 1846 596 1887 simul.
613 1861 631 1883 n
662 1845 778 1886 Unde
796 1846 986 1887 Christus
1006 1860 1083 1888 sua
1104 1859 1297 1890 mansue-

267 1915 415 1956 tudine
436 1916 618 1957 Paulum
638 1917 787 1970 lupum
818 1919 1023 1959 convertit
1047 1918 1090 1958 in
1110 1931 1292 1970 agnum,

267 1988 308 2026 et
332 1985 554 2039 impletum
578 1990 639 2028 est
674 1987 717 2027 in
747 2000 795 2028 eo
824 1988 925 2030 illud
943 1988 956 2010 ¹³
987 2003 995 2029 :
1026 2005 1044 2028 α
1072 1989 1296 2043 Benjamin

266 2057 392 2109 lupus
412 2069 558 2110 rapax,
580 2071 704 2100 mane
724 2059 913 2100 comedet
925 2060 1130 2112 praedam,
1148 2063 1188 2102 et
1206 2074 1297 2102 ves-

267 2140 365 2180 pere
393 2129 552 2169 dividet
570 2130 715 2183 spolia.
733 2145 752 2168 »
786 2130 909 2170 Prius
937 2131 1052 2171 enim
1082 2132 1296 2173 Christum

268 2202 513 2250 persecutus
535 2204 597 2240 est
616 2203 665 2241 ut
692 2200 840 2253 lupus;
871 2204 1013 2253 postea
1034 2214 1110 2254 pro
1130 2215 1178 2243 eo
1198 2216 1294 2255 per-

268 2270 500 2311 secutiones
514 2283 660 2324 passus
672 2277 720 2313 ut
738 2284 892 2325 agnus.
907 2271 1027 2313 Tales
1041 2273 1193 2314 debent
1207 2286 1297 2315 esse

269 2343 433 2394 praelati
458 2343 671 2396 Ecclesiae,
697 2346 931 2386 secundum
964 2345 1068 2387 illud
1087 2347 1099 2369 ⁷
1136 2361 1144 2386 :
1186 2362 1205 2385 (ι
1227 2346 1298 2388 Se-

267 2414 428 2464 niorcs,
451 2414 626 2467 pascite,
660 2415 735 2467 qui
763 2415 809 2455 in
833 2415 954 2457 vobis
981 2419 1065 2466 est,
1090 2429 1295 2470 gregem,

268 2484 558 2537 providentes,
581 2500 600 2523 υ
626 2488 704 2527 etc.
722 2500 731 2536 ;
752 2489 793 2525 et
812 2488 904 2538 post
925 2500 933 2526 ε
962 2501 981 2525 α
1001 2486 1146 2540 Neque
1166 2491 1213 2529 ut
1227 2489 1297 2530 do-

269 2556 479 2596 minantes
500 2557 544 2596 in
563 2556 704 2607 cleris,
726 2556 796 2597 sed
815 2557 949 2597 forma
965 2558 1063 2598 facti
1080 2560 1224 2611 gregis
1244 2573 1299 2601 ex

271 2627 415 2668 animo
433 2641 442 2668 ε
457 2641 476 2665 >>
502 2628 621 2680 quasi
640 2628 772 2668 dicat:
791 2627 884 2669 Non
904 2629 995 2669 sitis
1012 2629 1122 2670 sicut
1139 2630 1227 2683 lupi
1241 2631 1301 2671 in-

269 2701 333 2738 ter
365 2709 520 2750 agnOS‚
559 2699 632 2738 sed
668 2698 810 2750 magis
843 2699 945 2751 agni
973 2700 1083 2740 inter
1111 2700 1234 2753 lupos
1260 2704 1301 2742 et

269 2781 423 2820 agnos,
444 2771 493 2809 ut
510 2769 643 2809 bonos
667 2769 863 2819 foveatis,
888 2773 927 2809 et
948 2770 1079 2810 malos
1097 2771 1295 2813 toleretis.

272 2838 388 2880 Unde
418 2839 744 2892 Chrysostomus
765 2854 773 2880 ε
801 2855 820 2878 α
845 2839 1006 2881 Fortior
1025 2843 1087 2881 est
1102 2841 1176 2883 Dei
1199 2855 1300 2894 gra-

270 2909 348 2959 tia,
372 2922 500 2962 quam
519 2913 697 2951 natura:
721 2910 826 2961 dum
845 2911 1051 2953 fuerimus
1066 2925 1190 2963 oves,
1211 2915 1302 2955 vin-

271 2980 430 3030 cimus,
460 2981 536 3020 etsi
568 2981 689 3021 multi
719 2981 829 3034 lupi;
859 2982 894 3021 si
926 2985 1067 3023 autem
1096 2984 1304 3026 fuerimus

270 3050 386 3103 lupi,
418 3050 657 3101 vincimur,
695 3054 735 3092 et
768 3056 901 3093 cessat
934 3065 959 3093 a
995 3053 1118 3094 nobis
1145 3055 1303 3096 summi

272 3121 451 3174 pastoris
475 3121 699 3162 auxilium.
722 3137 741 3160 ι)

325 3196 366 3234 4.
388 3192 526 3235 Nolite
564 3196 751 3245 portare,
793 3197 871 3236 etc.
922 3194 1020 3236 Post
1057 3196 1304 3238 missionem

272 3263 576 3317 discipulorum
598 3263 910 3315 comitantium,
935 3266 1076 3307 subdit
1099 3267 1302 3308 informa-

318 3395 328 3416 ¹
351 3393 437 3425 Psal.
458 3401 560 3434 cxxv,
585 3396 618 3433 6,
637 3395 668 3425 7.
688 3410 729 3416 —
749 3394 760 3413 ²
779 3395 976 3435 J05.,1,14.
993 3412 1031 3418 —
1050 3396 1062 3413 ⁸
1078 3396 1155 3436 lm„
1176 3405 1250 3437 nni,
1274 3400 1304 3428 7.

275 3459 316 3465 —
336 3441 427 3481 ⁴1d.,
446 3449 497 3481 xi,
519 3444 550 3473 6.
571 3457 612 3465 -
630 3441 727 3480 ⁸1d.‚
753 3449 831 3482 ων,
851 3443 902 3473 25.
924 3457 963 3464 -
982 3442 996 3463 ⁶
1018 3442 1114 3481 Gen„
1135 3452 1230 3485 xnux,
1252 3447 1304 3477 27.

279 3505 312 3509 -
337 3489 346 3507 ⁷
367 3489 377 3520 1
397 3488 504 3528 Pelen,
525 3495 556 3528 ν,
577 3491 608 3529 1,
628 3490 658 3520 2.
679 3504 720 3512 -
743 3488 754 3507 ⁶
774 3489 885 3528 Prov.,
914 3497 973 3529 vii,
995 3491 1047 3521 20.
1065 3506 1107 3514 -
1135 3492 1146 3509 ⁹
1174 3492 1307 3532 Matth„

997 206 1137 246 EVAN
1141 205 1206 246 GE
1213 205 1278 246 LII
1309 206 1494 248 SANCTI
1523 207 1672 249 LUCAE

1363 295 1518 337 tionem
1531 297 1741 338 euntium.
1755 296 1890 339 Habet
1905 302 2049 341 autem
2061 312 2158 353 pars
2171 300 2251 340 ista
2267 299 2389 351 duas,
2429 312 2552 342 nivi-10.

1364 365 1409 406 in
1430 379 1613 419 quarum
1633 368 1769 420 prima
1784 369 2057 420 praemittitur
2076 370 2313 411 communis
2332 370 2394 410 in·

1365 437 1558 478 formatio
1589 441 1781 491 respectu
1807 439 2024 490 omnium3
2059 441 2265 490 secund0‚
2299 451 2393 492 spe-

1366 507 1480 547 cialis
1509 511 1700 560 respectu
1734 520 2011 560 personarum
2037 510 2304 562 specialium,
2336 510 2395 550 ibi

1367 583 1423 630 (v.
1447 578 1483 629 5)
1505 592 1513 618 :
1536 579 1587 620 Iu
1612 590 1914 632 quamcumque
1934 581 2151 622 civitatem
2171 582 2397 623 intraveri-

1367 649 1440 699 tis,
1463 651 1540 689 etc.
1563 649 1754 690 Generali
1770 656 1912 691 autem
1930 651 2228 691 informatione
2246 652 2397 692 invitat

1366 731 1443 760 nos
1473 720 1525 760 ad
1555 724 1767 773 quatuor,
1805 721 1962 764 scilicet
1993 722 2045 762 ad
2073 721 2398 774 amplexandam

1366 790 1701 841 mendicitatem,
1746 792 1798 832 ad
1834 792 2128 832 declinandam
2165 791 2400 844 loquacita-

1365 863 1467 911 tem,
1489 861 1541 901 ad
1557 861 1840 902 exhibendam
1854 863 2186 914 humanitatem,
2204 865 2246 904 et
2259 866 2401 904 osten-

1366 933 1547 974 dendam
1576 934 1882 975 maturitatem.
1914 934 2057 975 Primo
2087 935 2233 987 igitur,
2268 947 2401 988 quan-

1365 1006 1458 1044 tum
1479 1004 1530 1044 ad
1561 1003 1873 1044 mendicitatem
1894 1005 2245 1057 amplectendam,
2267 1005 2365 1046 dicit
2385 1019 2395 1047 t

1366 1073 1505 1116 Nolite
1523 1078 1693 1126 portare
1713 1075 1941 1126 saeculum,
1971 1086 2104 1128 neque
2125 1087 2290 1128 peram,
2317 1076 2401 1116 sci-

1366 1145 1463 1185 licet
1500 1146 1551 1186 ad
1596 1146 1898 1198 repositionem
1932 1147 2138 1199 pecuniae.
2181 1146 2399 1199 Accipitur

1367 1216 1560 1257 sacculus
1592 1228 1669 1269 pro
1703 1229 1906 1258 crumena
1942 1217 2209 1270 pecuniaria,
2253 1229 2400 1258 secun-

1367 1287 1470 1328 dum
1507 1286 1611 1327 illud
1632 1286 1677 1327 ⁸:
1717 1301 1737 1326 (ι
1772 1286 1997 1329 Saeculum
2032 1287 2223 1340 pecuniae
2258 1299 2403 1328 secum

1367 1357 1477 1398 tulit.
1501 1372 1519 1395 ›)
1545 1358 1686 1411 Neque
1704 1369 1868 1411 peram,
1891 1358 1944 1399 ad
1964 1358 2240 1400 reservandos
2258 1370 2400 1411 panes,

1368 1428 1605 1469 secundum
1634 1429 1739 1470 iilud
1767 1430 1780 1451 ⁹
1811 1444 1819 1469 ε
1851 1444 1869 1467 (ι
1891 1429 2026 1470 Nolite
2046 1429 2211 1470 solliciti
2232 1440 2321 1469 esse
2340 1429 2405 1469 di-

1369 1502 1509 1540 centes
1532 1513 1541 1540 ε
1566 1499 1673 1548 Quid
1708 1500 2075 1550 manducabimus,
2100 1515 2118 1537 »
2153 1502 2231 1540 etc.
2262 1499 2404 1552 Neque

1369 1571 1664 1621 calceamenta,
1686 1572 1844 1613 scilicet
1861 1572 1912 1612 ad
1932 1567 2232 1624 cooperiendos
2251 1571 2397 1623 pedes;

1368 1654 1469 1682 nam
1491 1642 1646 1683 dicitur
1664 1642 1691 1664 ¹⁰
1714 1656 1723 1683 :
1753 1657 1773 1680 «
1792 1642 1873 1683 Sed
1897 1644 2065 1682 tantum
2085 1641 2286 1682 calceatos
2303 1653 2406 1682 san-

1368 1712 1502 1754 daliis.
1536 1727 1554 1750 »
1599 1713 1795 1754 Sandalia
1828 1713 1943 1754 enim
1974 1725 2000 1753 a
2041 1712 2216 1753 laesione
2255 1713 2406 1766 pedem

2452 1726 2566 1754 Calcea-

2449 1770 2548 1794 menta

1368 1785 1645 1833 conservant,
1669 1783 1741 1824 sed
1767 1795 1852 1824 non
1881 1786 2055 1835 tegunt,
2085 1783 2191 1823 sicut
2218 1786 2316 1824 sunt
2337 1795 2399 1824 so·
2435 1808 2557 1836 fratrum

1368 1852 1446 1894 leae
1472 1853 1652 1894 fratrum
1681 1857 1934 1895 nostrorum.
1971 1854 2058 1895 Hoc
2093 1857 2236 1895 autem
2268 1855 2405 1896 voluit
2439 1849 2551 1876 0¹d¹¹¹¹⁵

2449 1890 2542 1917 saneti

1372 1925 1575 1965 Dominus
1594 1925 1811 1978 discipulis
1827 1926 2078 1978 injungere,
2094 1928 2142 1967 ut
2160 1938 2246 1967 non
2265 1926 2404 1967 solum
2425 1931 2565 1976 Francis-

1370 1999 1508 2037 essent
1535 2007 1768 2049 paupereS‚
1798 2009 1950 2038 verum
1977 1997 2103 2038 etiam
2134 1999 2404 2050 apparerent,
2428 1980 2464 2000 ω’

1370 2070 1410 2108 et
1440 2067 1492 2108 ad
1525 2069 1818 2120 paupertatem
1849 2068 1991 2120 magis
2017 2068 2246 2121 exempliS,
2279 2080 2407 2120 quam

1369 2138 1512 2180 verbis
1549 2141 1761 2179 vocarent.
1795 2138 1867 2179 Est
1897 2141 2042 2179 autem
2083 2141 2330 2192 paupertas,
2361 2143 2410 2181 ut
2444 2151 2569 2183 pauper-

2429 2192 2473 2217 tas
2504 2190 2568 2216 odi·

1371 2208 1469 2249 dicit
1495 2206 1678 2258 Seneca,
1711 2208 1865 2249 odibile
1896 2209 2074 2249 bonum.
2108 2209 2158 2250 Et
2187 2210 2281 2251 ideo
2312 2222 2410 2250 cum
2429 2231 2487 2259 bne
2514 2230 2568 2258 ho-

1371 2280 1570 2331 appareat
1592 2278 1727 2331 turpis
1757 2280 1799 2319 et
1823 2279 1939 2330 vilis,
1966 2279 2112 2331 junxit
2138 2280 2174 2320 ei
2206 2280 2411 2321 Dominus
2431 2279 2512 2299 num·

1372 2349 1606 2389 maximam
1640 2349 1803 2399 dotem,
1836 2351 1885 2390 ut
1920 2362 1995 2402 per
2028 2350 2146 2391 illam
2182 2351 2330 2392 saltem
2365 2351 2410 2391 in

1372 2421 1627 2471 conjugium
1664 2420 1795 2472 possit
1835 2421 2021 2470 assumi,
2061 2432 2160 2462 cum
2193 2421 2299 2462 dixit
2333 2422 2360 2444 ¹¹
2399 2435 2408 2462 ε

1378 2506 1398 2529 α
1418 2490 1534 2531 Beati
1564 2502 1772 2543 pauperes
1796 2490 1969 2543 spiritu,
1993 2491 2197 2544 quoniam
2221 2492 2414 2545 ipsorum

1376 2563 1438 2602 est
1457 2573 1642 2613 regnum
1662 2560 1884 2602 coelorum.
1908 2575 1927 2599 »

1431 2632 1643 2682 Secundo,
1667 2633 1876 2684 quantum
1897 2632 1946 2672 ad
1969 2631 2271 2685 loquacitatem
2291 2632 2412 2674 decli-

1375 2703 1563 2744 nandam
1575 2734 1585 2753 ,
1609 2702 1774 2743 subdit:
1790 2703 2066 2745 Etnemz'nem.
2077 2714 2154 2756 per
2169 2704 2286 2745 viam
2303 2704 2415 2746 salu-

1377 2774 1593 2817 taveritis.
1615 2772 1751 2826 Super
1771 2786 1856 2827 quo
1877 2775 1970 2816 loco
1990 2774 2090 2815 dicit
2111 2774 2277 2825 Glossa,
2298 2775 2410 2827 quod

1376 2845 1457 2885 hoc
1484 2844 1605 2894 dicit,
1638 2855 1691 2884 ne
1720 2844 1899 2897 alicujus
1927 2845 2043 2886 obvii
2077 2845 2414 2885 confabulatione

1377 2917 1646 2956 remorentur
1684 2914 1736 2954 ab
1772 2915 1963 2967 injuncto
2000 2915 2138 2956 officio
2167 2929 2175 2955 :
2221 2914 2414 2954 mittebat

1378 2986 1492 3027 enim
1526 2997 1597 3026 eos
1634 2984 1849 3035 festinato,
1882 2985 1989 3026 sicut
2021 2985 2198 3026 Elisaeus
2229 2996 2413 3037 puerum

1378 3068 1506 3098 suum
1523 3056 1553 3078 ¹²
1576 3070 1585 3096 ι
1611 3071 1631 3094 «
1651 3056 1694 3097 Si
1712 3056 1940 3097 occurrerit
1964 3055 2041 3096 tibi
2062 3056 2189 3096 homo
2206 3087 2215 3105 ‚
2240 3067 2327 3096 non
2346 3067 2412 3096 sa·

1378 3127 1489 3168 lutes
1509 3139 1609 3168 eum
1620 3138 1632 3178 3
1653 3129 1694 3167 et
1714 3126 1748 3166 si
1764 3125 2011 3167 salutaverit
2023 3127 2064 3166 te
2078 3125 2290 3178 quispiam
2302 3157 2312 3176 ,
2328 3137 2413 3166 non

1378 3198 1634 3250 respondeas
1655 3197 1731 3238 illi.
1755 3211 1775 3235 n
1798 3196 1886 3237 Hoc
1904 3197 2047 3236 autem
2066 3195 2255 3248 injunxit
2276 3196 2415 3237 Domi-

1379 3280 1461 3309 nus
1490 3280 1575 3309 non
1605 3268 1658 3309 ad
1685 3267 1984 3308 declinandum
2016 3266 2273 3307 affabilitatis
2301 3266 2414 3306 indi-

1381 3339 1510 3389 cium,
1522 3350 1620 3379 cum
1637 3338 1725 3390 ipse
1736 3336 1864 3378 fuerit
1876 3336 2213 3388 benignissimus
2223 3339 2263 3377 et
2274 3336 2412 3377 curia·

1384 3452 1436 3484 v1,
1469 3446 1520 3476 31.
1546 3460 1587 3467 —
1616 3443 1644 3465 ¹0
1671 3443 1792 3482 Marc„
1816 3448 1870 3482 Vl,
1904 3443 1935 3473 9.
1965 3458 2004 3465 -
2037 3443 2061 3464 1¹
2092 3441 2230 3482 Matth„
2257 3448 2289 3481 v,
2317 3442 2349 3473 3.
2376 3457 2412 3463 --

1386 3491 1408 3512 ¹²
1431 3491 1472 3523 lV
1495 3491 1585 3532 Req„
1609 3497 1654 3529 ιν,
1676 3489 1726 3521 29.
