2634 3853
288 63 367 103 246

288 161 388 192 rum
405 160 492 191 non
513 149 740 190 immemor
760 148 818 188 sis
837 147 1061 187 bonorum.
1074 143 1316 184 »Mandato-

289 233 401 272 rum,
427 219 480 260 ad
508 218 745 260 faciendum
775 219 783 240 ¹
811 233 818 258 :
868 232 886 255 «
919 215 1084 256 Justitia
1120 213 1233 254 illius
1271 213 1318 253 in

289 290 399 332 filios
417 289 604 330 filiorum
617 321 629 339 ,
647 289 711 328 his
733 288 806 341 qui
827 288 998 327 servant
1015 286 1317 325 testamentum

290 363 397 416 eJus,
419 363 461 402 et
484 371 691 401 memores
725 360 822 398 sunt
853 355 1156 396 mandatorum
1186 353 1319 407 ipsius

290 434 342 475 ad
364 431 600 474 faciendum
633 442 696 471 ea.
731 443 749 466 ›)
785 427 1116 480 Exemplorum,
1145 425 1196 466 ad
1226 425 1320 465 imi-

290 505 466 546 tandum
484 508 524 542 2:
554 517 572 540 α
589 501 840 542 Mementote
851 497 1060 539 sermonis
1072 497 1172 548 mci,
1188 509 1318 550 quem

290 588 374 628 ego
393 573 479 615 dixi
499 572 620 614 vobis
654 586 662 612 :
687 569 781 612 Non
809 572 871 611 est
902 580 1052 610 servus
1085 569 1220 621 maior
1241 568 1318 608 do-

290 646 406 687 mino
426 655 516 684 suo.
540 642 583 684 Si
595 653 663 683 me
681 640 889 694 persecuti
910 641 1025 689 sunt,
1038 641 1079 679 et
1094 650 1169 680 vos
1184 650 1321 691 perse-

291 718 490 770 quentur.
504 714 546 756 Si
570 724 810 754 sermonem
846 723 990 752 meum
1023 714 1317 759 servaverunt,

290 790 330 829 et
350 789 542 828 vestrum
581 785 866 826 servabunt.»
902 782 1241 836 Suppliciorum‚
1269 781 1321 821 ad

291 858 633 912 compatiendum
648 857 662 879 ³
682 871 691 896 ε
715 855 984 896 «Recordare
1003 852 1262 907 paupertatis
1282 855 1322 893 61

291 929 644 984 transgressionis
656 939 789 978 meae,
807 925 1006 968 absinthii
1026 928 1066 966 et
1091 925 1210 966 fellis.
1243 924 1323 965 Me-

291 1002 428 1043 moria
449 1012 614 1041 memor
643 1011 715 1040 ero
733 1030 743 1048 ‚
762 1000 803 1039 et
826 998 1006 1038 tabescet
1030 996 1073 1036 in
1094 1007 1162 1036 me
1181 995 1324 1035 anima

292 1082 442 1111 mea.»
469 1068 726 1111 Solatiorum
745 1099 755 1117 ,
789 1066 842 1107 ad
879 1064 1235 1117 congaudendum
1267 1067 1281 1088 '⁴
1309 1076 1319 1103 :

299 1158 317 1182 «
333 1141 630 1184 Exultabimus
644 1143 684 1181 61
703 1138 947 1181 laetabimur
967 1137 1009 1177 in
1029 1139 1091 1187 te,
1114 1146 1324 1176 memores

291 1215 474 1256 uberum
493 1215 667 1253 tuorum
688 1222 816 1263 super
835 1209 1029 1251 vinum.»
1042 1207 1226 1261 Operum
1239 1239 1248 1256 ,
1272 1206 1324 1247 ad

291 1285 553 1327 laudandum
573 1283 586 1306 ⁵
610 1297 619 1323 :
649 1297 668 1321 a
685 1282 847 1323 Memor
865 1280 926 1321 fui
942 1291 1120 1333 operum
1134 1277 1321 1319 Domini:

296 1356 397 1410 quia
409 1366 574 1396 memor
583 1365 655 1395 ero
663 1353 715 1394 ab
729 1351 851 1393 initio
862 1350 1123 1391 mirabilium
1131 1352 1321 1391 tuorum.

297 1428 347 1469 Et
361 1425 597 1468 meditabor
616 1425 661 1465 in
681 1423 881 1465 omnibus
893 1422 1094 1476 operibus
1108 1422 1209 1471 tuis,
1229 1422 1326 1463 etin

296 1497 670 1541 adinventionibus
705 1495 790 1536 tuis
824 1494 1066 1535 exercebor.
1110 1493 1220 1535 Deus
1235 1526 1246 1544 ,
1282 1494 1326 1534 in

295 1572 438 1612 sancto
470 1568 539 1609 via
563 1571 638 1608 tua
670 1581 679 1607 ε
718 1566 814 1619 quis
850 1565 960 1606 Deus
995 1577 1183 1616 magnus
1220 1565 1328 1605 sicut

296 1642 405 1682 Deus
422 1639 592 1680 noster?
613 1637 677 1678 Tu
697 1649 741 1678 es
762 1636 870 1678 Deus
889 1668 897 1685 ,
918 1636 993 1689 qui
1024 1636 1126 1677 facis
1151 1636 1326 1695 mirabi-

291 1712 361 1753 lia.
384 1725 402 1748 n
428 1711 533 1751 Item
563 1710 577 1731 ⁶
599 1723 608 1750 z
638 1707 923 1749 «Mementote
936 1707 1196 1748 mirabilium
1216 1709 1324 1760 ejns,

293 1795 391 1838 quae
402 1782 496 1823 fecit
513 1796 523 1832 ;
540 1779 736 1834 prodigia
747 1780 854 1832 ers,
868 1781 909 1819 et
918 1778 1078 1831 Judicia
1091 1779 1175 1820 oris
1189 1780 1320 1832 ejus.»

295 1855 620 1902 Charismatum,
642 1851 695 1892 ad
715 1850 1018 1904 postulandum
1050 1854 1063 1875 ⁷
1098 1864 1106 1890 :
1137 1865 1157 1889 α
1188 1849 1233 1890 111
1261 1862 1325 1890 se-

295 1927 400 1968 mita
414 1924 675 1979 judiciorum
694 1924 887 1972 tuorum,
910 1920 1102 1971 Domine,
1124 1921 1330 1962 sustinui-

297 2010 394 2039 mus
412 2000 453 2037 te
476 2010 485 2037 :
508 2007 666 2036 nomen
679 1996 804 2035 tuum
819 1995 860 2033 et
874 1992 1120 2033 memoriale
1139 1995 1265 2033 tuum
1286 1993 1331 2033 in

298 2067 504 2110 desiderio
526 2066 695 2107 animae.
722 2064 878 2106 Anima
898 2076 994 2104 mea
1013 2063 1265 2105 desideravit
1290 2067 1332 2104 te

299 2142 344 2182 in
382 2144 517 2181 nocte.
547 2153 567 2177 >i
603 2137 655 2179 Et
686 2137 828 2179 Isaias
858 2139 872 2161 ⁸
899 2148 908 2176 :
950 2135 1066 2184 «Qui
1085 2135 1328 2177 reminisce-

300 2213 406 2254 mini
441 2212 492 2265 (a)
528 2210 711 2260 Domini,
752 2221 806 2250 ne
844 2209 1015 2248 taceatis
1033 2239 1042 2255 ‚
1078 2210 1120 2248 et
1147 2220 1200 2248 ne
1228 2207 1333 2248 detis

301 2284 515 2325 silentium
534 2282 593 2334 ei,
614 2281 746 2322 donec
765 2278 965 2330 stabiliat,
987 2281 1028 2319 et
1052 2279 1183 2320 donec
1206 2281 1334 2331 ponat

299 2355 534 2398 Jerusalem
554 2353 724 2395 laudem
743 2352 789 2392 in
808 2355 968 2392 terra.»

354 2430 421 2469 61.
443 2427 649 2479 Apertum
669 2428 730 2467 esc
750 2426 894 2466 autem
910 2422 1026 2464 illico
1051 2432 1096 2463 os
1123 2421 1229 2473 ejus,
1253 2424 1331 2463 etc.

303 2501 403 2542 Post
422 2501 594 2552 partum
621 2495 786 2547 sterilis,
818 2498 858 2535 61
883 2493 1248 2535 circumcisionem
1268 2494 1336 2534 iu—

303 2571 443 2622 santis‚
468 2570 659 2623 sequitur
681 2567 842 2621 apertio
868 2566 954 2607 oris
975 2565 1257 2617 sacerdotalis⁷
1278 2578 1337 2607 se—

305 2642 494 2684 cundum
513 2641 673 2682 dictum
692 2638 831 2680 nuntii
864 2636 1059 2678 coelestis
1085 2635 1173 2677 Hoc
1193 2638 1335 2677 autem

306 2712 563 2754 miraculum
588 2713 678 2752 erat
697 2709 958 2751 ostensivum
978 2708 1276 2760 praerogativae
1297 2711 1338 2749 61

307 2782 549 2826 excellentis
566 2779 896 2834 magnificentiae
922 2779 967 2819 in
988 2777 1161 2828 Jomme,
1183 2782 1231 2819 ut
1245 2791 1338 2820 me-

307 2856 390 2898 rito
415 2853 707 2896 ostenderetur
725 2852 867 2905 ipsum
889 2849 1032 2891 vocari
1052 2850 1132 2891 hoc
1149 2851 1336 2893 nomine.

310 2927 358 2968 In
388 2926 517 2978 hujus
547 2927 688 2965 autem
720 2921 914 2964 miraculi
943 2921 1220 2975 descriptione
1242 2922 1341 2963 insi-

310 2998 500 3039 nuantur
518 2995 612 3046 tria,
630 2995 784 3035 scilicet
806 2992 999 3034 miraculi
1019 2992 1231 3034 evidentia
1248 3010 1259 3045 ,-
1275 2994 1337 3047 ip-

311 3070 400 3111 sius
433 3067 671 3109 reverentia
687 3099 698 3117 ,
733 3069 774 3107 61
813 3065 1002 3118 ejiisdem
1041 3065 1337 3117 intelligentia.

356 3178 361 3195 ¹
386 3174 478 3207 Psal.
501 3182 570 3214 cn,
592 3176 641 3206 18.
665 3191 699 3195 -
726 3174 737 3191 2
755 3173 862 3211 Jocm.‚
884 3180 939 3211 xv,
964 3174 1015 3203 20.
1040 3189 1079 3194 —
1099 3172 1110 3189 ³
1133 3172 1264 3213 Thren„
1288 3181 1342 3214 111,

313 3226 371 3263 19,
396 3225 447 3255 20.
472 3239 507 3245 -
529 3222 543 3244 ¹·
570 3220 682 3260 Cant„
704 3228 732 3259 1,
754 3222 784 3251 3.
811 3237 849 3243 —
869 3221 882 3241 ὕ
906 3219 995 3251 Psal.
1018 3226 1142 3260 Lxxw,
1168 3221 1277 3252 12-15.
1302 3238 1343 3244 -

312 3271 325 3292 ⁶
351 3270 440 3302 Psal.
460 3277 527 3308 etv,
542 3270 616 3301 5.—-
638 3269 648 3287 ⁷
668 3268 748 3305 Isa„
765 3275 860 3306 xxvi,
877 3268 914 3307 8,
930 3268 1001 3298 9.-
1024 3266 1037 3287 ⁸
1058 3267 1109 3298 Isa
1130 3289 1137 3304 ,
1159 3274 1247 3307 Lxu,
1267 3270 1343 3299 6.—

313 3320 324 3338 ⁹
341 3319 434 3360 Sap„
454 3326 490 3357 X,
513 3319 567 3349 21.
589 3333 630 3340 —-
650 3315 678 3340 ¹0
702 3315 823 3352 Mara,
843 3322 908 3355 vu,
931 3316 982 3346 37.
1003 3330 1042 3337 --
1065 3315 1085 3335 ¹¹
1114 3314 1284 3356 Ambros„
1309 3316 1343 3346 in

313 3366 405 3406 Luc„
424 3365 482 3397 lib.
505 3365 550 3405 11,
569 3372 603 3396 n.
626 3365 677 3396 19.
699 3380 734 3386 -
759 3362 786 3383 ¹2
805 3360 895 3402 Tob„
918 3369 1000 3401 xm,
1028 3363 1055 3393 1.
1080 3379 1115 3384 -
1145 3362 1168 3381 ¹³
1187 3362 1277 3394 Psal.
1309 3370 1343 3403 L,

1018 52 1302 96 EVANGELH
1333 52 1522 96 SANCTI
1554 50 1702 94 LUGAE

1390 142 1495 184 Nam
1516 143 1723 196 apparitio
1742 143 1934 187 miraculi
1957 148 2066 201 parit
2076 148 2415 202 admirationem,

1391 215 1614 256 admiratio
1642 215 1953 270 cognitionem,
1979 220 2068 261 sive
2086 220 2419 273 inquisitionem.

1446 284 1724 326 Praemittitur
1743 297 1848 338 ergo
1868 287 2005 340 primo
2027 289 2222 330 miraculi
2244 291 2422 332 eviden-

1391 355 1464 406 tia,
1488 368 1586 397 cum
1607 356 1705 397 dicit
1733 370 1741 397 :
1768 357 1969 408 Apertum
1998 362 2060 401 esc
2082 362 2222 401 autem
2247 360 2361 404 illico
2380 373 2425 404 os

1392 425 1483 478 effus
1499 458 1509 478 ,
1535 432 1573 468 et
1595 428 1745 480 linqua
1774 427 1888 480 ejus,
1912 431 1953 471 et
1983 428 2227 485 loquebatur
2260 430 2425 474 benedi-

1393 507 1490 539 cens
1511 498 1660 540 Deum.
1685 499 1890 552 Apertum
1911 501 1972 540 cst
1992 502 2136 541 autem
2160 513 2246 541 non
2268 501 2428 543 virtute

1393 570 1581 621 naturae,
1605 570 1676 611 sed
1705 582 1901 623 supernae
1922 570 2121 623 potentiae
2143 575 2156 597 ⁹
2179 585 2188 612 ε
2220 586 2240 610 (ι
2260 571 2430 625 Sapien-

1393 639 1453 680 tia
1478 640 1644 693 aperuit
1683 653 1729 681 os
1764 644 2005 693 mutorum,
2029 644 2068 683 61
2093 642 2265 694 linguas
2288 643 2430 685 infan-

1394 710 1502 752 tium
1524 712 1619 753 feeit
1652 713 1843 754 disertas.
1892 728 1910 751 »
1946 713 2044 764 1116,
2073 713 2274 767 inquam,
2316 715 2426 767 fecit,

1394 782 1445 823 de
1481 795 1568 835 quo
1599 783 1917 825 admirabantur
1945 784 2110 836 turba),
2147 784 2331 826 dicentes
2361 784 2391 810 ¹⁰
2419 799 2429 828 z

1402 869 1420 891 c<
1436 852 1547 894 Bene
1567 854 1712 895 omnia
1730 855 1840 904 fecit,
1863 859 1904 897 ct
1924 856 2073 897 surdos
2092 856 2188 897 fecit
2208 856 2370 907 audire,
2392 860 2433 898 et

1397 927 1537 966 mutos
1559 924 1688 977 loqui,
1709 939 1727 963 >³
1764 925 1920 967 scilicet
1949 926 2103 968 Christi
2133 927 2206 968 Dei
2234 928 2372 969 virtus
2392 930 2432 969 et

1397 996 1616 1049 sapientia.
1638 996 1689 1038 Et
1711 999 1757 1038 ut
1767 997 2058 1039 ostenderetur
2079 999 2335 1040 miraculum
2354 1011 2433 1041 ve—

1397 1080 1521 1118 rum,
1546 1067 1698 1109 dicitur
1723 1082 1731 1108 :
1759 1068 1896 1118 Illi603
1921 1071 1970 1110 111
1988 1069 2102 1110 enim
2129 1069 2228 1110 dicit
2260 1069 2436 1111 Ambro-

1398 1139 1487 1180 sius
1497 1139 1524 1161 ¹¹
1539 1154 1547 1179 z
1560 1154 1578 1177 «
1592 1138 1731 1180 Nescit
1740 1139 1860 1180 tarda
1874 1140 2093 1180 molimina
2108 1138 2290 1194 Spiritus
2304 1140 2436 1181 sancti

1401 1210 1554 1262 gratia.
1579 1224 1598 1248 n
1626 1209 1676 1250 Et
1703 1213 1751 1250 ut
1774 1209 2067 1251 ostenderetur
2086 1210 2261 1263 plenum
2286 1212 2327 1251 et
2345 1222 2436 1264 per-

1398 1283 1572 1332 fectum,
1594 1282 1789 1324 subditur
1813 1297 1822 1323 :
1847 1283 1903 1325 Et
1923 1282 2170 1335 loquebatur
2194 1282 2437 1326 benedicens

1398 1355 1545 1405 Deum,
1569 1366 1877 1406 recognoscens
1914 1354 2169 1396 beneficium
2184 1387 2194 1406 ‚
2227 1355 2335 1396 sicut
2356 1354 2437 1395 To-

1399 1425 1534 1467 bias¹²
1561 1440 1568 1466 :
1593 1425 1832 1478 «Aperiens
1858 1428 2002 1466 autem
2034 1424 2185 1466 Tobias
2222 1426 2362 1467 senior
2392 1437 2439 1466 os

1401 1508 1550 1546 suum,
1572 1496 1790 1536 benedixit
1824 1495 2066 1536 Dominum.
2095 1510 2114 1533 ›)
2151 1495 2199 1536 ln
2229 1507 2316 1549 quo
2348 1496 2437 1536 ins-

1402 1566 1607 1617 truimur,
1631 1566 1743 1618 quod
1771 1566 1975 1607 debemus
1998 1578 2045 1607 os
2064 1569 2260 1620 apertum
2279 1567 2438 1609 habere

1402 1637 1454 1678 ad
1473 1637 1662 1679 divinam
1695 1636 1881 1686 laudem,
1907 1649 2007 1678 cum
2038 1650 2209 1678 oramus
2237 1639 2264 1660 ¹³
2289 1653 2297 1680 z
2329 1630 2439 1680 «Do-

1403 1709 1532 1756 mine,
1554 1709 1666 1750 labia
1684 1721 1778 1750 mea
1793 1710 1972 1762 aperies,
1994 1713 2034 1751 et
2047 1722 2094 1751 os
2114 1723 2259 1752 meum
2277 1724 2441 1753 annun-

1401 1782 1521 1822 tiabit
1539 1782 1706 1823 laudem
1728 1784 1845 1822 tuam
1861 1796 1870 1832 ;
1887 1796 1905 1819 n
1933 1784 1973 1823 et
2001 1782 2188 1824 maxime
2204 1784 2298 1835 post
2318 1783 2442 1824 bene-

1403 1853 1548 1894 ficium
1568 1856 1724 1894 nostrae
1745 1853 2050 1907 redemptionis
2069 1854 2098 1876 ¹¹⁰
2116 1869 2124 1896 1
2148 1870 2167 1894 ((
2186 1854 2308 1896 Tunc
2326 1854 2444 1896 saliet

1405 1925 1511 1965 sicut
1529 1936 1681 1966 cervus
1717 1924 1918 1974 claudus,
1939 1928 1980 1966 61
2001 1927 2147 1978 aperta
2178 1926 2257 1967 erit
2292 1926 2445 1979 lingua

1406 1998 1640 2037 mutorum.
1663 2009 1683 2033 >³
1718 1994 1797 2036 Sed
1822 1998 1966 2036 contra
1986 1997 2140 2038 dicitur
2170 1997 2220 2038 de
2241 1997 2362 2037 malis
2384 1997 2411 2020 ¹⁵
2431 2012 2439 2038 :

1413 2084 1432 2108 «
1451 2068 1721 2121 Aperuerunt
1749 2078 1877 2120 super
1902 2079 1968 2107 me
1994 2079 2068 2108 ora
2091 2080 2168 2108 sua
2189 2068 2444 2121 exprobran-

1407 2143 1491 2189 tes,
1533 2141 1834 2191 percusserunt
1872 2138 2088 2180 maxillam
2114 2151 2276 2190 meam,
2305 2139 2443 2180 satiati

1409 2212 1508 2252 sunt
1527 2209 1664 2262 poenis
1692 2209 1800 2250 meis
1828 2223 1846 2246 »
1875 2224 1884 2250 ε
1926 2209 2040 2262 quia,
2069 2209 2302 2251 secundum
2330 2210 2443 2263 quod

1410 2282 1564 2323 dicitur
1595 2281 1640 2321 in
1675 2280 1840 2322 Psalmo
1860 2280 1888 2302 ¹⁶
1913 2295 1952 2320 t«
1972 2280 2254 2333 Sepulchrum
2297 2283 2445 2334 patens

1412 2355 1475 2394 est
1498 2355 1649 2405 guttur
1669 2364 1844 2402 eorum,
1866 2351 2029 2404 linguis
2060 2351 2149 2392 suis
2180 2351 2321 2393 dolose
2343 2364 2446 2404 age-

1409 2425 1526 2465 bant.
1546 2439 1565 2461 >›

1466 2495 1660 2536 Secundo
1701 2494 1842 2535 subdit
1890 2493 2086 2534 miraculi
2135 2493 2443 2545 reverentiam,

1412 2579 1511 2608 cum
1536 2566 1637 2607 dicit
1661 2566 1715 2618 (v.
1739 2565 1801 2618 65)
1824 2580 1832 2604 ;
1859 2565 1915 2608 Ec
1933 2565 2073 2616 facula
2093 2567 2155 2607 esc
2177 2567 2303 2606 timor
2322 2575 2449 2617 super

1414 2648 1553 2680 omnes
1579 2638 1746 2680 viciuos
1771 2647 1932 2687 eorum,
1961 2638 1998 2678 et
2016 2646 2143 2688 super
2162 2636 2310 2678 omnia
2330 2646 2449 2679 mon-

1415 2713 1519 2752 ταηα
1560 2707 1720 2750 Judoeoe
1759 2706 2096 2760 divulgabantur
2138 2707 2284 2749 omnia
2324 2707 2451 2749 verba

1415 2781 1560 2823 hcec.¹⁷
1590 2795 1609 2818 «
1628 2779 1933 2820 Turbabuntur
1965 2780 2137 2830 gentes,
2169 2780 2209 2818 et
2237 2776 2451 2818 timebunt

1416 2852 1489 2906 qni
1515 2852 1707 2892 habitant
1735 2850 1939 2891 terminos
1963 2862 1987 2890 a
2014 2848 2149 2900 signis
2165 2848 2264 2889 tuis.
2288 2862 2307 2886 1)
2333 2847 2450 2889 Unde

1416 2924 1609 2977 poterant
1625 2922 1849 2962 decantare
1872 2920 1976 2961 illud
1995 2920 2023 2945 ¹⁸
2039 2933 2078 2960 z«
2095 2919 2195 2968 Quis
2215 2919 2366 2960 similis
2387 2920 2450 2961 tui

1416 2994 1462 3035 in
1481 2993 1682 3043 fortibus,
1713 2991 1917 3032 Domine?
1944 2991 2040 3043 quis
2069 2989 2219 3030 similis
2245 2990 2331 3041 tui,
2365 3003 2451 3031 ma-

1420 3065 1603 3118 gnificus
1620 3063 1664 3104 in
1682 3061 1929 3103 sanctitate?
1951 3075 1970 3099 ›)
1981 3060 2032 3102 Et
2049 3061 2150 3114 quia
2167 3061 2451 3103 reverentiam

1419 3134 1613 3177 miraculi
1642 3132 1836 3186 sequitur
1866 3132 2187 3184 magnificentia
2223 3132 2448 3186 praeconii,

1423 3251 1471 3282 17.
1493 3265 1529 3271 -
1556 3247 1576 3265 ¹⁴
1602 3247 1680 3285 isa„
1700 3253 1802 3285 xxxv,
1823 3246 1853 3278 6.
1875 3263 1910 3267 —
1938 3245 1961 3265 ¹⁵
1980 3244 2053 3283 Job,
2077 3253 2148 3285 xvi,
2175 3247 2225 3278 10.
2245 3262 2286 3269 -
2313 3245 2340 3267 1⁶
2358 3244 2448 3277 Psal.

1421 3304 1452 3337 v,
1474 3298 1523 3327 11.
1545 3312 1584 3317 -
1605 3293 1628 3315 ¹⁷
1648 3292 1738 3324 Psas,
1760 3299 1853 3333 Lx1v,
1874 3293 1905 3323 9.
1926 3311 1962 3314 -
1988 3292 2012 3314 ¹⁸
2033 3291 2157 3334 Exod„
2176 3300 2232 3333 xv,
2254 3295 2303 3325 11.

1462 3359 1502 3401 (α)
1530 3348 1628 3400 Vu'lq.
1648 3356 1921 3390 reminiscimini.
