2634 3853
103 2013 177 2038 Tres

80 2054 197 2079 auscul-

80 2095 198 2123 tationis

77 2139 197 2173 gradus.

980 192 1254 236 EXPOSITIO
1283 194 1338 236 IN
1368 195 1481 237 CAP.
1511 194 1619 237 vni.

227 285 457 329 citudinem
474 282 752 333 excitantem,
774 282 951 324 dicitur:
974 282 1072 324 Hoec
1104 282 1250 325 dicens

227 355 452 404 clamabat,
472 356 521 395 ut
539 366 618 394 suo
638 354 820 395 clamore
849 355 1050 395 excitaret
1082 354 1248 395 audito-

225 440 323 469 rum
345 425 632 475 attentionem,
650 425 757 466 sicut
776 425 798 466 J
801 437 956 466 oannes
976 425 1074 466 dicit
1088 429 1120 476 ¹,
1139 426 1250 478 quod

231 514 250 538 α
267 499 312 538 in
338 496 570 539 novissimo
590 497 656 537 die
676 509 833 549 magno
863 497 1099 538 festivitatis
1118 497 1251 538 stabat

223 569 364 618 Jesus,
386 569 428 608 et
447 566 653 607 clamabat
671 567 813 607 dicens
836 581 844 606 :
868 566 910 607 Si
930 567 1023 619 quis
1045 568 1156 619 sitit,
1182 580 1252 608 ve-

216 639 311 681 -niat
331 639 384 679 ad
402 651 470 679 me
499 640 540 679 et
559 638 686 697 bibat.
709 651 728 676 ))
755 637 842 678 Hoc
861 639 923 678 est
950 637 1064 678 enim
1096 639 1249 691 praedi-

224 708 376 750 catoris
392 709 608 750 officium²
627 723 635 749 :
659 724 677 746 α
692 708 852 759 Clama,
874 720 929 748 ne
951 720 1084 749 cesses
1103 723 1111 749 z
1131 709 1251 761 quasi

223 780 326 821 tuba
343 780 480 821 exalta
493 791 640 820 vocem
656 781 790 830 tuam,
808 781 849 819 et
867 779 1074 819 annuntia
1093 780 1250 833 populo

224 864 319 894 meo
338 853 494 893 scelera
522 863 694 901 eorum3
718 865 737 889 υ
764 853 812 891 ut
838 863 892 891 ex
915 851 1006 904 ipso
1031 852 1157 892 modo
1186 852 1250 892 di-

224 923 344 965 cendi
361 924 512 964 excitet
530 923 765 973 audientes,
780 934 858 962 nec
870 924 1034 963 tantum
1055 935 1109 964 ex
1127 924 1252 964 modo

225 995 406 1045 dicendi,
426 995 498 1035 sed
530 994 656 1034 etiam
688 1005 742 1034 ex
771 1005 898 1034 sensu
919 994 1059 1044 verbi3
1084 998 1254 1048 propter

225 1066 338 1120 quod
357 1066 552 1119 adiungit
575 1080 583 1106 :
614 1067 694 1113 Qui
727 1066 846 1108 habet
872 1077 998 1109 aures
1017 1067 1231 1110 audiendi
1240 1102 1250 1120 ,

227 1137 395 1180 audiat.
427 1137 659 1189 Gregorius
680 1140 694 1161 ³
714 1137 989 1190 spiritualiter
1008 1138 1099 1178 haec
1124 1140 1255 1180 verba

227 1208 438 1261 intelligit.
458 1208 510 1249 Et
530 1207 640 1249 Beda
659 1208 673 1230 ¹·
694 1220 704 1248 :
731 1225 750 1247 a
771 1208 1032 1262 Ubicumque
1061 1210 1152 1251 haec
1181 1211 1254 1252 ad-

227 1279 403 1320 monitio
432 1279 726 1331 interponitur,
759 1279 986 1332 mysticum
1021 1292 1111 1321 esse
1143 1281 1255 1333 quod

218 1349 394 1399 dicitur,
411 1351 452 1389 et
471 1350 672 1390 attentius
696 1350 1049 1391 considerandum
1070 1352 1254 1392 ostendi-

225 1421 308 1462 tur.
332 1433 352 1458 ι)
378 1419 429 1460 Et
447 1420 527 1460 hoc
544 1420 685 1472 signat
706 1420 797 1473 ipsa
816 1421 1110 1473 multiplicatio
1140 1425 1257 1463 actus

225 1491 450 1541 audiendi3
473 1491 582 1532 sicut
614 1492 783 1533 Isaias⁵⁵
815 1506 824 1532 :
853 1506 872 1530 ((
901 1492 1088 1533 Auribus
1116 1494 1255 1546 perci-

226 1561 311 1614 pite
330 1592 341 1611 ‚
374 1564 416 1602 et
442 1561 583 1602 audite
610 1573 758 1602 vocem
787 1574 942 1603 meam.
970 1563 1185 1605 Attendite
1217 1567 1258 1605 et

227 1632 367 1675 audite
400 1632 616 1685 eloquium
657 1645 818 1674 meum.
853 1648 873 1671 ))
908 1634 1024 1676 Unde
1064 1636 1115 1676 ad
1147 1636 1258 1677 hanc

227 1703 564 1745 exhortationem
584 1705 718 1757 potest
738 1705 875 1746 dicere
889 1717 989 1746 vere
1015 1707 1256 1760 intelligens

227 1774 330 1815 illud
349 1775 362 1797 ⁶
389 1789 398 1816 ε
427 1790 447 1815 <‹
477 1775 617 1827 Erigit
649 1788 773 1816 mane
792 1808 805 1827 ,
840 1789 964 1818 mane
995 1778 1123 1830 erigit
1152 1780 1259 1820 mihi

226 1859 376 1887 aurem
400 1879 413 1898 ,
443 1850 492 1888 ut
519 1847 689 1888 audiam
721 1848 841 1901 quasi
871 1849 1180 1901 magistrum.»
1207 1850 1258 1891 Et

228 1917 331 1958 illud
348 1918 420 1960 Job
439 1918 453 1940 ⁷
478 1933 487 1960 :
512 1933 532 1957 (ι
554 1919 712 1960 Auditu
737 1920 853 1960 auris
882 1920 1026 1961 audivi
1058 1924 1120 1972 te3
1144 1933 1259 1962 nunc

229 1991 372 2030 autem
392 1990 541 2031 oculus
560 2003 682 2031 meus
702 1991 816 2031 videt
835 1994 890 2032 te.
918 2005 938 2028 »
965 1991 1014 2032 Et
1041 1992 1100 2033 sic
1118 1993 1258 2045 tangit

228 2061 426 2102 audiendi
446 2074 593 2113 usum,
614 2062 714 2114 quia
733 2065 818 2102 tres
838 2065 935 2102 sunt
955 2062 1116 2114 gradus
1141 2077 1149 2103 ε
1169 2064 1256 2116 pri-

227 2146 323 2175 mus
338 2134 381 2174 in
403 2134 611 2175 audiendo
632 2134 818 2175 exterius
835 2149 844 2184 ;
868 2135 1078 2175 secundus
1107 2136 1150 2175 in
1171 2148 1257 2176 cre-

225 2205 387 2255 dend03
408 2205 560 2246 tertius
579 2217 682 2246 vero
700 2205 744 2245 in
765 2206 1058 2258 intelligendo.

277 2275 490 2326 Secundo,
509 2279 717 2330 quantum
735 2277 788 2318 ad
808 2278 1112 2330 disciplinalem
1132 2279 1258 2320 inter-

223 2348 492 2400 rogationem
520 2349 844 2399 rectificantem,
865 2350 1063 2390 subditur
1089 2351 1156 2402 (v.
1179 2351 1254 2403 9):

223 2419 548 2471 [meri-oyabanc
568 2423 707 2462 autem
727 2430 821 2460 eum
840 2419 1050 2473 discipuli
1069 2421 1184 2473 ejus,
1208 2425 1257 2462 ut

224 2490 377 2530 scilicet
391 2490 678 2542 dirigerentur
692 2491 743 2530 ab
758 2502 828 2542 eo,
848 2492 1081 2532 secundum
1103 2492 1229 2533 illud⁸
1244 2506 1252 2534 :

231 2575 249 2599 α
282 2560 361 2610 Qui
392 2561 770 2612 interrogationem
802 2562 1062 2613 manifestat,
1090 2564 1256 2616 parabit

224 2632 405 2673 verbum
429 2646 437 2672 :
471 2634 512 2672 et
540 2632 599 2672 sic
628 2632 873 2684 deprecatus
905 2634 1179 2685 exaudietur,
1215 2638 1256 2676 et

223 2702 488 2744 conservabit
513 2702 796 2755 disciplinam,
818 2706 859 2744 et
891 2706 991 2745 tunc
1023 2706 1255 2758 responde-

222 2774 298 2814 bit.
331 2788 350 2812 »
382 2773 469 2814 Hoc
499 2775 644 2814 autem
675 2774 826 2815 dicitur
858 2786 945 2816 non
982 2776 1081 2828 quia
1113 2777 1255 2818 statim

222 2845 560 2897 interrogarent,
591 2845 662 2885 sed
691 2845 792 2898 quia
820 2845 871 2886 ad
904 2846 1083 2887 verbum
1103 2847 1256 2889 Christi

220 2919 505 2970 conceperunt
525 2916 790 2958 voluntatem
807 2917 1112 2968 interrogandi.
1137 2917 1255 2960 Unde

224 2986 394 3029 Marcus
408 2991 422 3013 ⁹
441 3001 451 3028 t
469 3001 489 3026 ((
505 2986 557 3029 Et
576 2999 672 3028 cum
684 2989 792 3028 esset
809 2987 1056 3039 singularis,
1073 2989 1253 3031 interro-

225 3060 434 3108 gaverunt
452 3070 565 3099 eum.
588 3073 607 3097 »
633 3058 684 3099 Et
704 3058 804 3111 quia
823 3058 1100 3111 interrogatio
1122 3063 1184 3101 est
1204 3061 1255 3102 de

225 3127 396 3167 occultis
414 3131 455 3168 et
475 3129 685 3182 mysticis,
703 3129 797 3170 ideo
818 3128 1006 3170 additur:
1030 3130 1133 3182 Quoe
1152 3136 1255 3175 esset

227 3197 313 3239 hoec
337 3199 565 3250 parabola,
595 3200 638 3241 id
664 3202 745 3252 est,
770 3200 873 3253 quid
899 3200 1186 3254 signiticaret,
1208 3206 1256 3245 ut

268 3305 278 3325 ¹
300 3304 408 3343 Joan„
432 3312 501 3345 vn,
525 3306 577 3337 37.
600 3323 640 3330 -—
664 3307 675 3325 ²
700 3308 780 3346 lsa„
800 3315 905 3347 Lvnr,
935 3309 966 3339 1.
987 3324 1026 3331 -
1053 3308 1063 3327 ³
1084 3310 1198 3351 Greg.‚
1222 3312 1256 3343 in

226 3352 369 3393 Evanq„
399 3352 491 3383 hom.
515 3360 570 3383 xv.
594 3371 634 3377 —
658 3355 669 3373 ⁴
701 3355 798 3395 Bcd.,
834 3355 892 3386 lib.
930 3356 986 3394 ΙΙΙ,
1020 3366 1048 3388 c.
1088 3365 1184 3398 xxix,
1222 3359 1256 3391 in

227 3399 316 3439 Luc„
346 3408 374 3431 c.
403 3406 481 3430 vm.
500 3416 542 3422 —-
560 3401 571 3418 ⁵
599 3400 679 3442 Isau,
709 3410 839 3443 xxviii,
862 3404 915 3434 23.
937 3420 973 3425 ——
994 3404 1006 3422 ὃ
1035 3404 1132 3445 lbid.,
1157 3413 1189 3445 L,
1224 3409 1254 3439 4.

228 3462 268 3469 —
294 3444 305 3465 ⁷
331 3444 410 3487 Job,
427 3452 521 3488 xnn,
546 3447 577 3478 5.
597 3463 638 3470 —-
660 3448 674 3470 ⁸
691 3448 811 3485 Ecclz'„
831 3457 958 3488 xxxni,
983 3452 1014 3482 4.
1039 3468 1081 3474 —
1106 3452 1117 3470 θ
1136 3452 1255 3493 Marc„

230 3499 276 3534 iv,
296 3494 348 3525 10.
371 3511 405 3516 —
432 3494 458 3515 ³⁰
478 3493 590 3534 Prov.,
613 3501 645 3533 1,
666 3497 705 3535 5,
727 3496 757 3528 6.
779 3512 820 3519 —
840 3497 861 3515 ¹¹
882 3496 1001 3538 Eccli„
1023 3507 1148 3540 xxmx,
1169 3502 1199 3532 2.
1218 3519 1256 3524 -

2273 209 2347 247 421

1325 297 1401 337 per
1427 287 1520 339 ejus
1551 285 1940 339 interpretationem
1968 291 2134 340 possent
2162 291 2352 334 intellec-

1328 357 1421 395 tum
1453 368 1620 409 capere,
1644 356 1876 397 secundum
1900 358 2052 399 illud1⁰
2077 374 2085 400 :
2120 374 2138 398 α
2166 361 2352 403 Audiens

1325 426 1512 479 sapiens,
1537 427 1764 480 sapienti0r
1795 428 1900 479 erit;
1933 431 1974 470 et
2002 430 2244 483 intelligens
2265 445 2352 485 gu-

1326 498 1549 538 bernacula
1572 499 1814 551 possidebit.
1838 499 2160 542 Animadvertet
2178 504 2354 555 parabo-

1325 568 1431 619 lam,
1453 572 1494 609 et
1513 568 1915 622 interpretationem.
1938 585 1956 609 ))
1980 571 2030 612 Et
2055 572 2101 612 in
2126 573 2354 617 Ecclesias-

1327 639 1408 680 tico
1426 640 1451 661 1¹
1478 654 1517 680 2«
1543 640 1717 694 Sapiens
1743 642 1905 683 occulta
1932 644 2255 696 proverbiorum
2283 657 2355 686 ex-

1326 710 1484 762 quiret,
1509 713 1549 751 et
1574 712 1618 751 in
1647 713 1900 754 absconditis
1931 716 2229 768 parabolarum
2255 729 2356 758 con-

1326 781 1578 823 versabitur.
1601 796 1619 820 ))
1879 770 1884 774 ”

1379 851 1537 903 Tertio,
1562 855 1773 906 quantum
1798 855 1849 895 ad
1882 855 2132 898 familiarem
2164 859 2357 910 praeelec-

1327 923 1487 965 tionem
1528 926 1832 967 confortantem
1853 960 1865 979 ,
1906 928 2101 968 subditur
2135 929 2209 982 (v.
2241 931 2319 983 10)
2346 945 2356 971 :

1332 996 1490 1042 Quibus
1515 998 1605 1050 ipse
1633 997 1752 1040 dixit
1776 1010 1790 1038 .·
1815 998 1941 1041 Vobis
1967 998 2116 1042 datum
2148 1005 2210 1044 esc
2236 1012 2359 1043 nosse

1329 1068 1579 1120 mysterium
1599 1070 1723 1122 requi
1751 1070 1852 1120 Dez',
1875 1070 1917 1110 id
1947 1073 2009 1111 est
2034 1071 2391 1143 intelligentiamt
2423 1075 2522 1110 Scrip-

1331 1137 1581 1191 Scripturae,
1604 1153 1701 1193 quae
1721 1153 1908 1192 regumn
1926 1140 1998 1182 Dei
2018 1142 2188 1193 dicitur,
2209 1156 2360 1186 secun·
2381 1124 2523 1203 υᾙιζιτῧῖἷ

1331 1211 1433 1251 dum
1454 1212 1559 1252 illud
1579 1216 1609 1238 12
1639 1226 1648 1253 ε
1679 1213 1942 1255 «Auferetur
1968 1227 1994 1254 a
2022 1216 2143 1257 vobis
2173 1229 2363 1270 regnum
2382 1198 2497 1226 dmm*

1331 1282 1429 1333 Dei,
1447 1284 1486 1323 et
1506 1283 1672 1324 dabitur
1700 1285 1817 1336 genti
1843 1286 2007 1327 facienti
2027 1287 2188 1330 fructus
2208 1292 2313 1343 ers.
2337 1305 2358 1329 n

1330 1354 1489 1399 Dicitur
1518 1358 1660 1396 autem
1681 1356 1898 1409 Scriptura
1929 1370 2116 1411 regnum
2138 1361 2236 1412 Dei,
2261 1362 2364 1415 quia

1330 1426 1471 1478 ipsum
1493 1427 1713 1478 praedicat,
1743 1430 1784 1468 et
1814 1429 2025 1480 ostendit,
2059 1433 2099 1472 et
2126 1433 2360 1486 promittit,

1332 1498 1373 1537 et
1394 1497 1658 1538 obedientem
1679 1498 1760 1551 ipsi
1777 1499 1827 1539 ad
1847 1511 2036 1552 regnum
2057 1501 2129 1542 Dei
2148 1504 2362 1557 perducit,

1332 1568 1563 1609 secundum
1585 1569 1687 1611 illud
1707 1571 1736 1594 ¹³
1760 1584 1799 1611 z«
1820 1570 2077 1613 Scrutamini
2095 1573 2358 1628 Scripturas,

1332 1639 1432 1691 quia
1445 1651 1521 1680 vos
1534 1640 1688 1693 putatis
1698 1641 1743 1681 in
1754 1641 1855 1694 ipsis
1866 1642 1998 1683 vitam
2013 1647 2217 1685 aeternam
2238 1646 2366 1688 habe-

1331 1722 1392 1751 re.
1414 1710 1466 1751 Et
1486 1711 1568 1752 illae
1592 1715 1692 1752 sunt
1710 1725 1806 1765 quae
1827 1713 2118 1756 testimonium
2137 1717 2365 1769 perhibent

1332 1782 1382 1822 de
1398 1794 1481 1832 me,
1511 1785 1550 1822 et
1581 1795 1669 1823 non
1684 1783 1814 1824 vultis
1836 1785 1982 1826 venire
1993 1786 2044 1826 ad
2063 1799 2145 1836 me,
2159 1790 2208 1828 ut
2222 1789 2356 1830 vitam

1331 1852 1534 1894 habeatis.
1557 1869 1576 1892 »
1603 1853 1660 1894 De
1678 1854 1744 1894 his
1764 1856 1907 1896 autem
1934 1856 2034 1897 dicit
2060 1857 2208 1899 beatus
2226 1858 2363 1900 Lucas

1332 1924 1570 1977 specialiter
1592 1928 1631 1966 et
1658 1926 1908 1968 discretive:
1937 1927 2062 1970 Vobis
2094 1929 2243 1971 datum
2273 1933 2334 1973 est
2348 1961 2364 1984 ,

1332 1996 1432 2048 quia
1448 1996 1526 2048 ipsi
1546 1996 1598 2036 ad
1623 1996 1704 2037 hoc
1731 1997 1849 2038 electi
1879 1999 2053 2041 suerunt
2074 2000 2102 2023 1¹⁹
2122 2015 2161 2041 :a
2181 2001 2263 2043 Vos
2285 2015 2362 2044 au-

1331 2069 1416 2107 tem
1438 2067 1524 2107 dixi
1553 2068 1730 2119 amicos,
1754 2070 1854 2122 quia
1885 2071 2030 2111 omnia
2052 2083 2150 2124 quae
2180 2073 2365 2115 audivia

1332 2138 1455 2179 Patre
1486 2151 1580 2180 meo
1612 2143 1712 2180 nota
1746 2141 1823 2181 feci
1851 2142 1985 2182 vobis.
2020 2156 2040 2180 n
2060 2143 2111 2184 Et
2142 2144 2365 2196 signanter

1331 2209 1429 2250 dicit
1449 2210 1615 2261 datum,
1640 2222 1726 2252 non
1746 2212 1990 2264 venditum,
2019 2216 2067 2254 ut
2088 2216 2271 2267 gratiam
2291 2229 2360 2258 co-

1330 2293 1588 2333 gnoscamus
1620 2282 1648 2304 ¹⁵
1681 2297 1690 2323 z
1730 2282 1905 2323 «Gratis
1938 2286 2152 2337 accepistis
2181 2319 2192 2338 ,
2228 2289 2363 2339 gratis

1329 2352 1437 2394 date.
1459 2367 1478 2390 »
1502 2353 1670 2403 Datum,
1690 2356 1731 2394 et
1756 2366 1843 2395 non
1864 2357 2106 2396 mutuatum
2125 2388 2135 2407 ,
2158 2357 2268 2398 infra
2297 2358 2326 2385 1⁶
2348 2373 2358 2401 :

1336 2438 1355 2461 «
1380 2423 1471 2475 Ego
1500 2424 1615 2464 enim
1652 2424 1759 2465 dabo
1787 2426 1906 2467 vobis
1937 2438 1984 2467 os
2016 2429 2058 2468 et
2084 2428 2359 2482 sapientiam,

1330 2494 1398 2535 cui
1425 2507 1509 2536 non
1541 2499 1741 2548 poterunt
1776 2498 2060 2539 contradicere
2097 2503 2138 2540 et
2166 2500 2362 2543 resistere

1329 2578 1477 2608 omnes
1506 2567 1736 2609 adversarii
1762 2570 1907 2610 vestri.
1938 2585 1958 2609 1)
1992 2571 2167 2623 Datum,
2202 2574 2243 2613 et
2272 2584 2361 2615 non

1329 2638 1583 2690 acquisitum
1603 2639 1630 2661 ¹⁷
1654 2652 1664 2680 :
1688 2654 1708 2678 α
1732 2639 1864 2682 Omne
1884 2642 2029 2683 datum
2059 2644 2268 2696 optimum
2285 2676 2296 2695 ‚
2318 2646 2361 2685 et

1328 2720 1454 2750 omne
1474 2709 1632 2750 donum
1652 2711 1885 2763 perfectum
1908 2712 2131 2755 desursum
2153 2716 2241 2766 est,
2263 2715 2360 2757 des-

1328 2780 1510 2821 cendens
1539 2794 1564 2821 a
1596 2781 1718 2823 Patre
1749 2782 1978 2825 luminum.
2009 2798 2028 2822 »
2064 2784 2112 2825 In
2142 2785 2224 2827 hoc
2253 2798 2360 2839 ergo

1329 2852 1443 2903 quod
1462 2852 1559 2892 dicit
1590 2865 1661 2893 eos
1686 2853 1949 2895 familiariter
1967 2855 2236 2908 praeelectos,
2259 2869 2362 2898 con-

1327 2921 1454 2962 fortat
1481 2934 1571 2972 eos,
1592 2935 1646 2964 ne
1677 2924 1873 2964 deficiant
1900 2925 1952 2965 ab
1991 2926 2269 2979 inquirendo⁷
2292 2928 2357 2968 in-

1318 2993 1391 3032 ·fra
1408 2994 1436 3018 ¹⁸
1460 3007 1469 3034 ε
1498 2994 1670 3036 «Nolite
1690 2995 1858 3047 timere,
1882 2996 2063 3049 pusillus
2091 3010 2222 3051 grex,
2257 3000 2360 3052 quia

1328 3064 1579 3117 complacuit
1590 3065 1703 3107 Patri
1717 3070 1856 3108 vestro
1876 3068 1975 3110 dare
1988 3070 2108 3111 vobis
2119 3083 2320 3123 regnum.
2330 3084 2352 3111 ι

1382 3133 1538 3184 Quarto
1557 3149 1680 3188 vero,
1701 3142 1910 3191 quantum
1938 3140 1990 3181 ad
2019 3141 2266 3193 judicialem
2296 3152 2359 3182 re-

1327 3206 1619 3258 probationem
1646 3209 1965 3263 humiliantem,
1986 3212 2212 3264 subjungit
2234 3225 2244 3253 t
2271 3212 2357 3253 Goe-

1329 3278 1432 3320 teris
1453 3283 1592 3322 autem
1617 3281 1666 3322 in
1682 3281 1898 3334 parabolis
1912 3314 1925 3334 ,
1947 3283 2104 3324 scilicet
2121 3283 2269 3324 datum
2296 3285 2360 3324 est

1331 3409 1355 3430 ¹²
1373 3409 1509 3451 Mami„
1528 3419 1609 3452 XXI,
1629 3413 1681 3444 43.
1701 3429 1742 3436 —
1763 3413 1785 3432 ¹³
1808 3413 1918 3455 Joan„
1943 3422 1977 3455 v,
1998 3415 2055 3454 39,
2079 3415 2131 3447 40.
2150 3431 2185 3437 ——-
2212 3414 2236 3435 1³
2259 3414 2359 3456 ibid„

1329 3464 1385 3496 XV,
1406 3459 1508 3489 15·-
1527 3460 1552 3481 ¹⁵
1571 3460 1708 3501 Mami„
1724 3471 1758 3501 x,
1777 3462 1808 3493 8.
1828 3479 1863 3485 —
1879 3463 1906 3484 1⁰
1924 3462 2001 3503 Ins„
2018 3469 2091 3503 XXI,
2111 3463 2163 3493 15.
2180 3479 2215 3484 -
2239 3462 2260 3481 ¹⁷
2273 3462 2357 3499 lac„

1334 3511 1368 3542 x,
1387 3505 1438 3537 17.
1454 3521 1495 3528 ·-
1514 3506 1541 3528 1⁸
1562 3506 1638 3547 inf„
1653 3515 1715 3548 ΧΗ,
1737 3509 1788 3540 32.
