2634 3853
68 999 157 1027 Deus.

57 2712 179 2748 sapien-

39 2753 76 2780 tis
107 2761 181 2788 opus

55 2795 163 2829 duplex

59 2836 87 2861 in
115 2835 164 2862 do-

58 2876 162 2904 cendo.

209 256 285 295 302

206 347 247 383 et
271 344 634 398 contemplationis
663 345 862 385 reformat
889 343 934 382 in
966 341 1086 382 nobis
1120 339 1232 377 ima-

205 414 349 465 ginem
390 415 482 466 Dei,
520 416 571 456 ad
612 427 742 468 quam
777 415 909 453 sactus
947 414 1008 452 est
1036 409 1188 450 homo¹
1221 422 1230 447 :

210 498 230 522 (ι
248 484 467 526 Faciamus
487 486 705 527 hominem
732 484 783 525 ad
805 483 1040 534 imaginem
1060 483 1100 520 et
1122 478 1233 519 simi-

202 554 422 597 litudinem
459 560 668 606 nostram,
703 570 722 592 n
762 556 837 594 etc.
881 552 999 593 Hanc
1033 551 1234 591 reformat

204 628 496 680 contemplatio
512 629 524 649 ³
551 642 559 667 2
584 642 604 665 «
632 625 714 666 Nos
737 636 839 665 vero
868 634 1018 664 omnes
1047 621 1233 663 revelata

202 697 307 737 facie
334 697 514 749 gloriam
543 695 708 737 Domini
736 694 1015 747 speculantes,
1043 692 1085 732 in
1113 704 1228 732 eam-

202 768 298 808 dem
319 768 550 820 imaginem
571 767 906 807 tranformamur
933 777 958 805 a
981 764 1167 804 claritate
1188 764 1233 802 in

202 839 478 879 claritatem.»
496 838 546 879 Et
565 838 838 891 postmodum
853 840 866 862 ⁸
889 851 932 876 z«
955 835 1068 876 Licet
1088 835 1135 885 is,
1160 834 1231 887 qui

200 909 301 949 foris
324 912 408 960 est,
437 913 578 950 noster
605 910 734 950 homo
767 910 1080 960 corrumpatur,
1106 919 1124 943 ›>
1151 908 1229 945 etc.

202 979 418 1021 Postremo
446 980 537 1022 loco
565 980 840 1033 subjungitur
870 979 992 1027 Deus,
1021 976 1070 1017 ad
1103 987 1231 1028 quem

199 1052 425 1102 tendimus,
450 1052 494 1092 in
515 1065 598 1105 quo
618 1054 680 1093 est
702 1051 820 1103 quies
851 1052 890 1089 et
915 1048 1012 1088 finis
1035 1046 1230 1087 omnium

199 1120 392 1161 laborum
408 1120 445 1160 ⁵:
474 1136 492 1159 «
514 1120 611 1161 Ilaec
633 1122 694 1160 est
715 1120 857 1159 autcm
878 1117 966 1157 vita
987 1117 1161 1164 aeterna,
1184 1117 1231 1154 ut

199 1194 456 1243 cognoscant
478 1195 517 1232 te
537 1191 676 1232 solum
698 1189 831 1230 Deum
853 1199 1020 1238 verum,
1043 1189 1083 1227 et
1103 1198 1230 1239 quem

200 1262 349 1302 misisti
370 1262 515 1304 Jesum
543 1261 773 1311 Christum,
797 1274 815 1297 >³
842 1261 920 1299 etc.
942 1258 992 1298 Et
1019 1258 1071 1298 ad
1093 1257 1232 1298 Corin-

199 1333 310 1374 thios
338 1337 378 1374 ⁵:
419 1350 437 1373 «
469 1333 623 1374 Deinde
649 1331 767 1381 finis,
796 1343 896 1371 cum
915 1329 1134 1370 tradiderit
1161 1342 1232 1369 re-

199 1417 336 1456 gnum
353 1404 434 1445 Deo
451 1408 492 1445 et
510 1404 640 1455 Patri,
664 1415 763 1444 cum
777 1401 1046 1443 evacuaverit
1059 1412 1230 1441 omnem

199 1476 497 1529 principatum,
528 1482 569 1517 et
597 1477 863 1528 potestatem,
893 1476 934 1513 et
959 1473 1176 1513 virtutem.
1206 1485 1225 1508 ›)

199 1546 250 1586 Et
273 1550 366 1599 post
389 1561 397 1587 :
426 1562 445 1585 α
464 1546 516 1587 Ut
539 1546 591 1586 sit
612 1546 720 1586 Deus
740 1545 884 1585 omnia
905 1544 949 1583 in
967 1543 1180 1583 omnibus.
1206 1556 1224 1580 >³

199 1617 322 1658 Nunc
347 1618 460 1658 enim
481 1621 543 1658 est
565 1629 718 1658 verum
744 1615 864 1666 illud,
887 1615 1000 1668 quod
1023 1613 1227 1654 dicitur⁴³2

205 1704 223 1726 «
255 1688 400 1729 Omnis
428 1689 510 1729 viri
546 1691 694 1741 caput,
729 1687 920 1728 Christus
958 1688 1020 1726 est
1060 1700 1068 1725 :
1107 1687 1231 1737 caput

199 1763 340 1801 autem
375 1760 580 1810 mulieris,
623 1760 690 1800 vir
725 1773 734 1799 ε
775 1760 900 1811 caput
928 1769 1030 1798 vero
1060 1757 1227 1806 Christi,

198 1831 322 1872 Deus.
348 1846 367 1868 ›)
392 1830 511 1871 Tunc
529 1833 674 1871 autem
698 1842 850 1871 verum
872 1829 951 1869 erit
971 1828 1090 1879 illud,
1117 1828 1231 1880 quod

199 1904 379 1944 dicitur⁷
403 1917 411 1944 :
448 1918 467 1941 α
493 1902 644 1943 Omnia
671 1904 814 1943 vestra
843 1903 956 1951 sunt,
984 1912 1061 1942 vos
1087 1902 1229 1943 autem

202 1974 370 2025 Christi,
403 1974 594 2015 Christus
616 1976 758 2014 autem
782 1972 868 2013 Dei.
890 1987 909 2010 ›>
936 1975 949 1997 ⁸
981 1987 1000 2010 «
1020 1971 1230 2020 Quoniam

199 2058 253 2086 ex
272 2046 378 2098 ipso,
405 2048 446 2086 et
472 2057 547 2098 per
570 2045 732 2098 ipsum,
759 2047 801 2085 et
825 2044 870 2083 in
894 2043 984 2096 ipso
1012 2046 1111 2084 sunt
1136 2054 1230 2084 om-

198 2118 270 2158 nia
292 2132 300 2157 :
326 2117 443 2170 ipsi»
483 2116 566 2157 Deo
588 2117 698 2157 trino
731 2119 771 2156 et
800 2116 890 2164 uni,
917 2115 1056 2155 omnis
1075 2114 1227 2163 honor,

199 2192 239 2230 et
264 2204 283 2226 (ι
310 2188 448 2241 gloria
477 2188 522 2229 in
549 2187 706 2229 saecula
732 2187 1003 2228 saeculorum.
1031 2185 1183 2226 Amen.
1205 2200 1224 2223 n

540 2349 751 2394 CAPUT
800 2348 883 2393 IV.

253 2482 289 2519 1.
313 2479 431 2519 Jesus
444 2479 585 2519 autem
596 2475 747 2528 plenus
764 2473 940 2526 Spiritu
959 2474 1104 2514 sancio
1119 2502 1130 2521 ,
1150 2473 1228 2511 etc.

199 2550 339 2602 Supra
358 2546 655 2589 determinavit
674 2544 949 2596 Evangelista
967 2543 1018 2584 de
1035 2543 1230 2583 incarna-

199 2621 327 2661 tionis
361 2618 587 2673 mysterio,
611 2617 701 2658 sive
729 2616 779 2657 de
807 2615 960 2656 Christi
986 2614 1226 2656 Nativitate.

199 2691 248 2731 In
268 2692 346 2731 hac
366 2694 485 2744 parte
505 2688 599 2740 agit
624 2688 676 2729 de
696 2685 1006 2740 praedicationis
1026 2685 1230 2737 magiste-

199 2764 284 2814 rio,
317 2763 406 2804 sive
435 2760 637 2802 doctrina.
670 2757 720 2798 Et
752 2757 956 2810 quoniam
986 2756 1145 2809 duplex
1172 2758 1234 2796 est

199 2845 308 2887 opus
327 2831 527 2885 sapientis
541 2830 586 2870 in
603 2828 793 2870 docendo
805 2860 817 2878 ,
837 2828 995 2868 scilicet
1014 2839 1099 2868 non
1120 2839 1235 2867 men-

199 2905 271 2946 tiri
289 2904 341 2945 de
360 2903 411 2943 iis
431 2913 526 2954 quae
557 2900 757 2950 novit,et
785 2899 1061 2940 mentientem
1093 2898 1231 2939 mani-

199 2976 351 3016 festare
370 2985 518 3027 posse3
541 2972 634 3013 ideo
654 2982 752 3025 pars
778 2971 858 3011 ista
887 2970 1015 3010 habet
1034 2970 1155 3010 duas.
1181 2970 1228 3009 ln

200 3047 341 3100 prima
369 3044 552 3097 explicat
572 3042 822 3092 veritatem3
846 3041 890 3081 in
909 3041 1095 3082 secunda
1124 3053 1230 3082 con-

200 3119 307 3159 futat
325 3116 562 3163 falsitatem,
579 3113 715 3153 infra⁹
737 3124 747 3152 :
769 3128 788 3151 «
804 3112 903 3153 Erat
916 3112 1039 3154 Jesus
1058 3112 1232 3165 ejiciens

201 3187 482 3236 daemonium,
503 3199 522 3223 ))
550 3187 627 3225 etc.
661 3183 804 3224 Prima
828 3196 947 3236 pars,
977 3184 1023 3224 in
1051 3195 1136 3236 qua
1155 3195 1230 3224 ex-

201 3259 328 3313 plicat
357 3256 579 3299 veritatem
609 3254 834 3303 doctrinae,
864 3254 993 3295 habet
1021 3256 1230 3307 quatuor,

202 3331 246 3371 in
266 3340 449 3383 quarum
476 3326 616 3380 prima
646 3325 833 3365 doctrina
860 3325 1014 3366 Christi
1042 3325 1234 3367 demons-

244 3415 253 3435 1
278 3414 372 3452 Gen„
394 3420 425 3452 1,
445 3411 495 3443 26.
512 3427 554 3435 -
572 3410 586 3431 ²
603 3409 629 3440 ΙΙ
652 3408 812 3448 Cor.,111,
836 3410 885 3440 18.
899 3425 940 3432 -
959 3408 972 3429 ³
992 3407 1092 3448 ibid„
1113 3416 1158 3448 ιν,
1182 3410 1233 3441 16.

203 3479 239 3484 —-
261 3461 395 3499 1-1οαη.1
416 3465 507 3498 xvn,
528 3458 560 3489 3.
578 3474 620 3480 —
639 3457 653 3478 ⁵
674 3456 685 3487 1
709 3455 799 3494 Cor„
822 3463 879 3495 XV,
900 3457 953 3495 24,
974 3457 1024 3488 28.
1043 3472 1083 3479 —
1103 3456 1114 3474 ‘³
1135 3455 1233 3496 inid„

201 3517 252 3549 xi,
270 3510 300 3540 3.
313 3525 354 3531 —-
374 3508 384 3527 ⁷
405 3508 415 3538 1
437 3506 534 3546 Corn,
552 3512 612 3545 111,
632 3504 685 3536 23.
701 3519 742 3526 —
760 3501 774 3523 ⁸
793 3501 893 3542 Rom„
918 3509 967 3538 x1.
989 3503 1039 3535 36.
1054 3519 1097 3526 -—-
1114 3503 1126 3520 ⁹
1142 3503 1230 3544 Luc„

203 3561 249 3598 ix,
273 3558 308 3588 ¹4
329 3558 363 3587 et
383 3564 454 3595 seq.
474 3570 515 3577 —
535 3553 563 3575 ¹⁰
581 3552 672 3592 Luc„
691 3559 723 3591 v,
750 3554 763 3583 1
786 3552 819 3582 et
838 3558 910 3591 seq.
931 3567 972 3575 -
988 3550 1013 3572 ¹¹
1031 3551 1121 3590 Luc„
1142 3558 1177 3582 vi
1200 3552 1234 3582 et

936 248 1218 293 EVANGELH
1249 246 1433 290 SANcri
1466 232 1614 291 LUGAE

1310 341 1446 379 tratur
1462 339 1726 388 authentica3
1746 339 1791 378 in
1809 341 2013 392 secunda,
2031 340 2337 383 determinatur

1311 408 1616 464 discipulorum
1636 409 1814 460 vocatio,
1828 410 1937 451 infra
1958 412 1984 437 ¹⁰
2003 426 2012 453 ε
2035 412 2241 453 «Factum
2261 412 2336 460 est,

1310 490 1408 520 cum
1438 481 1595 531 tui-lise,
1619 494 1638 518 ))
1663 483 1756 530 etc.;
1783 480 1827 520 in
1856 482 1977 522 tertia
1995 485 2244 523 vocatorum
2275 482 2337 521 in-

1310 550 1493 602 stitutio,
1517 552 1672 592 i11fra¹¹
1698 564 1708 592 z
1733 567 1750 589 α
1776 551 1954 592 Factum
1981 555 2043 593 est
2071 553 2116 593 in
2143 553 2224 592 illis
2256 552 2340 593 die-

1309 622 1412 672 hus,
1434 635 1454 662 i>
1480 626 1576 674 etc.;
1600 623 1645 663 in
1667 626 1817 676 quarta
1847 623 2138 664 institutorum
2165 623 2334 674 delega-

1309 692 1391 742 tio,
1413 693 1521 733 infra
1550 694 1683 736 ¹²:132
1710 694 1952 736 convocatis
1982 693 2204 736 duodecim
2235 702 2340 745 apo-

1309 764 1431 806 stolis
1448 796 1458 814 ‚
1481 764 1600 808 dedit
1625 766 1714 808 illis
1731 798 1741 816 ,
1764 764 1847 806 ete(
1879 764 1988 806 Ordo
2020 767 2060 806 et
2089 763 2341 805 sufficientia

1309 836 1495 887 partium
1516 847 1591 888 per
1610 848 1654 877 sc
1682 838 1868 889 apparet.
1891 835 2036 876 Prima
2054 835 2193 888 igitur
2213 846 2311 888 pars
2327 866 2338 885 ,

1308 917 1391 958 qua
1437 906 1580 957 agitur
1622 906 1673 947 de
1716 907 1917 948 doctrinae
1959 906 2109 947 Christi
2146 907 2339 946 auctora·-

1308 980 1451 1018 mento
1466 1010 1476 1028 ,
1500 977 1685 1018 continet
1705 989 1893 1030 praesens
1927 977 2182 1031 capitulum,
2203 979 2244 1016 et
2270 976 2344 1017 ha0

1307 1048 1378 1089 bet
1407 1051 1491 1089 tres
1524 1051 1663 1101 partes
1689 1063 1698 1098 ;
1732 1049 1936 1101 quoniam
1968 1049 2157 1090 doctrina
2190 1047 2343 1089 Christi

1310 1120 1530 1173 tripliciter
1548 1121 1780 1161 ostenditur
1800 1122 2066 1162 authentica:
2087 1123 2161 1162 aut
2180 1133 2233 1161 ex
2252 1120 2342 1173 ipso

1309 1191 1460 1232 merito
1480 1191 1599 1241 vitae,
1623 1193 1696 1232 aut
1727 1204 1780 1232 ex
1810 1192 2052 1233 testimonio
2080 1192 2313 1244 Scripturae
2329 1222 2340 1241 ,

1308 1265 1382 1303 aut
1409 1275 1462 1303 ex
1501 1263 1707 1304 miraculo
1741 1263 1957 1316 potentiae.
1994 1263 2091 1304 Ideo
2125 1263 2169 1302 in
2204 1262 2343 1315 prima

1309 1333 1429 1384 parte
1450 1332 1688 1373 ostenditur
1707 1332 1937 1373 auctoritas
1966 1331 2168 1373 doctrinae
2192 1330 2342 1370 Christi

1306 1414 1360 1442 ex
1384 1402 1485 1443 vitre
1515 1403 1692 1453 merit03
1719 1404 1763 1443 in
1791 1402 1998 1453 secunda,
2030 1414 2083 1443 ex
2113 1401 2341 1454 Scripturae

1305 1473 1566 1525 testimonio,
1595 1474 1653 1514 ibi
1674 1475 1701 1499 ¹³
1738 1489 1746 1515 :
1781 1475 2006 1528 Regressus
2040 1477 2099 1516 est
2131 1475 2254 1515 lesus
2293 1473 2342 1514 in

1305 1547 1463 1587 virtute
1487 1545 1675 1599 Spiritus
1689 1559 1706 1599 ,·
1725 1547 1769 1586 in
1791 1547 1911 1587 tertia
1945 1559 1999 1587 ex
2031 1546 2229 1599 potentiae
2261 1544 2340 1583 mi-

1306 1617 1473 1668 raculo,
1510 1617 1566 1657 ibi
1601 1619 1630 1642 ¹⁴
1663 1632 1671 1658 :
1713 1619 1766 1660 Ei
1802 1617 2016 1660 descendit
2060 1618 2109 1658 in
2150 1615 2339 1668 Gaphar-

1305 1700 1465 1740 mtum,
1499 1691 1595 1738 etc„
1642 1689 1717 1729 ubi
1749 1688 2089 1728 determinantur
2120 1684 2337 1726 miracula.

1306 1760 1502 1800 Meritum
1532 1762 1676 1799 autem
1707 1759 1899 1800 consistit
1928 1759 1974 1799 in
2005 1757 2182 1799 victoria
2213 1758 2342 1797 tenta-

1305 1830 1487 1879 tionum,
1504 1833 1551 1870 ut
1569 1830 1722 1871 dicitur
1736 1831 1765 1855 ¹5
1787 1844 1796 1870 ε
1817 1829 1998 1870 «Militia
2021 1831 2082 1870 est
2100 1829 2190 1871 vita
2207 1826 2344 1868 homi-

1304 1901 1370 1940 nis
1403 1913 1530 1954 super
1549 1902 1763 1941 terram.»
1789 1900 1840 1942 Et
1859 1900 1952 1941 ideo
1973 1899 2170 1941 describit
2198 1898 2339 1939 Evan-

1307 1971 1461 2024 gelista
1489 2004 1499 2023 ,
1542 1972 1723 2024 qualiter
1770 1972 2047 2013 tentationem
2090 1969 2342 2012 diabolicam

1305 2043 1538 2095 superavit.
1561 2044 1619 2085 Ad
1640 2045 1762 2096 cujus
1779 2044 1996 2096 integram
2017 2041 2342 2094 descriptionem

1304 2114 1386 2154 tria
1422 2117 1522 2154 sunt
1557 2117 1823 2167 opportuna,
1865 2114 2058 2154 scilicet:
2097 2110 2340 2153 tentationis

1304 2185 1486 2235 occasi03
1510 2185 1698 2226 tentandi
1717 2185 1886 2234 modus,
1905 2196 2033 2236 quem
2052 2182 2191 2234 tangit
2208 2181 2305 2221 ibi¹6
2328 2192 2339 2221 :

1305 2256 1433 2298 Dioeic
1458 2260 1596 2299 autem
1620 2256 1689 2298 illi
1715 2255 1939 2300 diabolum
1963 2257 2003 2294 et
2022 2253 2223 2302 tertium,
2246 2254 2339 2291 ten-

1304 2327 1474 2367 tationis
1523 2326 1853 2377 consummatio,
1911 2336 2042 2378 quam
2090 2323 2149 2364 ibi
2198 2321 2339 2375 expri-

1306 2397 1383 2438 mit
1397 2398 1424 2420 ¹⁷
1444 2412 1453 2438 ε
1472 2399 1525 2441 ΕΖ
1544 2401 1836 2441 consummata
1856 2395 2239 2444 commentatione,
2262 2395 2337 2434 etc.

1308 2467 1514 2509 Tentandi
1535 2470 1678 2509 autem
1704 2467 1918 2508 motivum
1939 2465 2122 2519 sumpsit
2149 2463 2342 2505 diabolus
2362 2480 2503 2508 mamus

1306 2550 1360 2579 ex
1380 2541 1564 2591 quatuor
1587 2538 1862 2580 consideratis
1880 2537 1924 2578 in
1942 2537 2106 2579 Christo
2127 2549 2136 2577 :
2154 2535 2342 2589 primum
2362 2521 2504 2590 angsga-

1306 2612 1368 2651 est
1403 2610 1554 2662 gratiae
1579 2609 1824 2662 plenitudo;
1856 2607 2116 2659 secundum,
2138 2606 2219 2648 loci
2247 2605 2343 2647 soli-
2363 2612 2494 2639 sumpse·

2362 2646 2400 2673 rit
2435 2649 2484 2673 ten
2491 2659 2498 2665 ·

1306 2681 1434 2730 tudo;
1457 2681 1632 2722 tertium
1652 2683 1715 2720 est
1734 2680 1918 2733 suspicio
1939 2678 2196 2729 divinitatis,
2219 2689 2342 2731 prop-
2392 2687 2472 2733 taufii

1306 2754 1371 2793 ter
1402 2751 1642 2792 mirabilem
1673 2751 2003 2800 abstinentiam3
2036 2752 2237 2803 quartum
2281 2750 2343 2789 est
2379 2728 2479 2796 sshff'

1308 2823 1511 2876 inspectio
1553 2821 1812 2862 infirmitatis
1851 2823 2021 2874 propter
2066 2821 2339 2873 apparentem

1307 2894 1605 2946 indigentiam.
1629 2891 1910 2934 Consideratio
1940 2890 2214 2944 plenitudinis
2236 2901 2338 2942 gra—

1306 2966 1377 3006 tiae
1396 2977 1470 3018 per
1497 2964 1703 3005 invidiam
1724 2964 1858 3005 movit
1891 2962 2048 3003 diaboli
2077 2961 2341 3002 voluntatem

1308 3038 1360 3079 ad
1379 3036 1653 3086 tentandum;
1678 3033 1954 3076 consideratio
1973 3032 2212 3074 solitudinis
2230 3043 2335 3085 prae-

1308 3110 1412 3150 stitit
1447 3109 1637 3150 tentandi
1664 3107 1999 3160 malignitatem3
2027 3104 2210 3158 suspicio
2237 3105 2341 3147 divi-

1307 3181 1449 3222 nitatis
1468 3180 1604 3221 movit
1622 3178 1811 3220 tentandi
1833 3176 2120 3218 curiositatem
2138 3191 2147 3226 ;
2173 3177 2337 3230 inspec-

1308 3252 1366 3293 tio
1402 3249 1660 3292 necessitatis
1695 3247 1880 3302 praebuit
1906 3247 2097 3288 tentandi
2132 3250 2335 3301 opportu-

1308 3324 1484 3364 nitatem
1492 3352 1502 3363 .

1307 3464 1381 3496 seq.
1404 3471 1444 3478 -—
1471 3454 1499 3475 1²
1521 3453 1610 3494 Luc.,
1639 3459 1693 3492 ix,
1722 3453 1736 3483 1
1766 3452 1799 3483 et
1822 3458 1894 3492 seq.
1916 3468 1956 3474 —
1983 3450 2012 3473 1³
2034 3451 2125 3492 Luc„
2151 3458 2198 3491 1v,
2226 3450 2276 3483 14.
2299 3466 2340 3474 -

1308 3503 1331 3525 ¹⁴
1354 3502 1451 3542 ibid„
1481 3502 1533 3533 31.
1562 3517 1598 3524 —
1627 3499 1655 3522 1⁸
1679 3497 1752 3538 Job,
1782 3504 1850 3538 vu,
1875 3500 1904 3529 1.
1932 3515 1973 3522 —
1998 3499 2025 3520 ¹⁶
2052 3499 2144 3538 Lae,
2170 3506 2216 3538 ιν,
2247 3499 2337 3543 3.,-

1308 3551 1333 3572 1⁷
1357 3549 1455 3590 ibid„
1477 3550 1527 3581 13.
