2634 3853
991 168 1265 213 EXPOSITIO
1295 170 1348 213 IN
1376 170 1491 213 CAP.
1520 170 1629 213 VIII.

253 267 358 317 rael,
379 262 626 306 ascendebat
649 261 816 303 Madian
845 262 886 303 et
912 259 1128 302 Amalech.
1157 273 1177 298 »
1205 259 1276 301 Se-

252 336 419 390 quitur:
438 349 457 373 c(
470 333 586 375 Sicut
604 336 724 374 erant
737 333 781 373 in
792 332 948 383 herbis,
970 333 1121 372 cuncta
1140 332 1275 373 vasta-

250 408 366 449 bant.
389 422 409 444 »
431 406 543 447 Unde
562 405 650 459 ipse
674 405 851 446 libenter
873 403 1049 444 destruit
1068 402 1274 455 principia

248 478 458 519 bonitatis.
480 477 531 518 Et
556 477 656 529 quia
686 477 843 516 nostrae
874 473 998 514 saluti
1027 473 1270 525 insidiatur,

248 550 444 603 adJungIt
474 565 482 591 :
515 549 574 591 Ne
606 548 817 591 credentes
850 547 962 589 salvi
991 547 1116 598 fiant.
1158 546 1274 588 Sicut

247 621 362 661 enim
391 620 594 674 scriptum
624 623 687 662 est
716 622 727 643 ¹
761 633 769 660 :
798 634 817 657 «
842 618 921 668 Qui
952 618 1198 669 crediderit,
1233 621 1274 659 et

246 693 480 746 baptizatus
501 693 646 744 fuerit,
668 692 811 733 salvus
839 690 941 741 erit3
962 691 1032 742 qui
1056 702 1158 732 vero
1186 702 1273 731 non

246 765 487 817 crediderit,
512 763 876 806 condemnabitur.
900 776 919 800 D
940 762 1032 815 Ipse
1051 765 1195 803 autem
1214 762 1274 802 ni-

244 836 305 878 hil
321 837 474 890 quaerit
492 837 575 878 nisi
600 835 917 877 damnationem
941 836 1130 875 nostram
1146 866 1157 885 ,
1178 836 1272 875 tan-

244 922 374 963 quam
394 911 483 960 jam
509 909 734 950 damnatus
753 908 767 929 ²
789 920 798 948 ;
825 921 844 944 α
872 905 1088 958 Proiectus
1118 908 1180 946 est
1210 918 1274 947 ac-

244 983 411 1023 cusator
440 981 620 1021 fratrum
648 981 912 1028 nostrorum,
945 977 1020 1030 qui
1051 978 1274 1018 accusabat

243 1052 336 1093 illos
347 1054 442 1093 ante
456 1053 725 1105 conspectum
736 1050 808 1091 Dei
820 1050 952 1091 nostri
968 1049 1036 1090 die
1048 1061 1096 1089 ac
1108 1054 1266 1090 nocte.»

297 1123 511 1175 Secundo,
543 1126 752 1176 quantum
781 1122 834 1163 ad
863 1121 1187 1175 explicationem
1211 1133 1273 1162 se-

243 1196 369 1237 minis
411 1195 580 1237 arefacti
619 1196 665 1236 in
703 1195 826 1236 corde
868 1194 1084 1244 desidiosi,
1124 1194 1272 1234 subdi-

242 1269 314 1308 tur
348 1267 403 1320 (v.
435 1267 496 1319 13)
531 1281 540 1307 :
577 1266 686 1321 Nam
721 1267 797 1318 qui
824 1275 956 1317 supra
983 1268 1163 1317 petram,
1197 1265 1274 1317 qui

242 1348 338 1379 cum
361 1337 596 1387 audierint,
619 1348 712 1378 cum
733 1336 893 1389 qaudio
913 1336 1156 1387 suscipiunt
1176 1345 1272 1377 vcr-

243 1408 353 1450 bum.
387 1408 438 1449 Et
468 1408 549 1449 hoc
576 1407 749 1460 quidem
780 1409 841 1446 est
872 1406 1096 1455 laudabile,
1128 1418 1274 1446 secun-

241 1480 344 1521 dum
382 1479 486 1521 illud
516 1480 530 1501 3
561 1491 613 1520 z«
633 1478 918 1531 Susceperunt
955 1477 1137 1519 verbum
1174 1488 1272 1517 cum

241 1551 358 1591 omni
396 1550 615 1601 aviditate,
647 1550 835 1603 quotidie
867 1550 1100 1590 scrutantes
1137 1548 1274 1601 Scrip-

241 1622 375 1661 turas.
409 1634 429 1658 1>
462 1619 546 1661 Sed
571 1623 715 1660 tamen
744 1619 790 1659 in
815 1619 897 1659 1100
921 1620 1020 1659 sunt
1048 1618 1274 1670 reprehen-

241 1691 396 1739 sibiles,
425 1691 526 1745 quia
555 1702 642 1732 non
672 1691 829 1740 fovent,
864 1701 942 1729 nec
975 1688 1126 1731 volunt
1153 1688 1271 1729 labo-

240 1774 349 1804 rare.
371 1762 467 1803 Ideo
487 1761 652 1803 subdit:
670 1762 726 1804 Et
744 1761 792 1803 hi
813 1760 978 1803 radices
999 1769 1085 1801 non
1103 1760 1267 1813 habent,

241 1835 282 1875 id
313 1837 376 1875 est
403 1834 646 1875 firmitatem
676 1832 915 1883 charitatiS,
941 1832 992 1872 de
1023 1844 1107 1885 qua
1139 1832 1272 1885 Apos-

239 1908 349 1949 lolus
371 1911 383 1933 Θ
411 1922 420 1949 :
448 1923 466 1946 (ι
486 1907 533 1948 111
559 1907 762 1948 charitate
781 1905 954 1947 radicati
974 1908 1015 1946 et
1032 1906 1223 1947 fundati:
1246 1920 1264 1944 n

241 1980 312 2021 sed
340 1979 478 2031 potius
502 1991 691 2020 amorem
717 1977 1007 2028 libidinosum,
1030 1977 1120 2019 sive
1150 1979 1271 2019 adul-

239 2051 449 2101 terinum;
477 2053 517 2091 et
545 2051 638 2091 ideo
666 2062 752 2090 non
784 2048 1009 2102 proficiunt
1031 2050 1072 2090 ἰ“’;
1102 2049 1268 2090 «Adul-

240 2123 388 2164 terinae
414 2122 692 2175 plantationes
727 2121 779 2173 (α)
812 2132 898 2161 11011
923 2120 1085 2160 dabunt
1112 2121 1271 2162 radices

207 2227 210 2231 .
238 2194 358 2245 altaS,
395 2206 473 2235 nec
514 2193 661 2234 stabile
706 2193 1051 2234 firmamenteum
1099 2193 1271 2236 colloca-

238 2266 358 2307 bunt.
379 2280 398 2304 »
425 2265 531 2315 Quia
544 2266 557 2287 ⁶
575 2277 585 2306 ε
608 2279 626 2303 <s
646 2263 780 2305 Radix
799 2275 947 2305 eorum
967 2265 1174 2305 exsiccata
1190 2268 1266 2317 est,

237 2337 424 2378 fructum
451 2347 725 2389 nequaquam
745 2334 912 2376 facient.
938 2350 957 2373 »
988 2334 1039 2375 Et
1068 2335 1180 2387 quod
1201 2336 1269 2376 isti

237 2419 325 2448 non
353 2407 566 2448 habebant
591 2406 752 2446 radices
782 2405 1064 2455 confirmatas,
1090 2406 1269 2447 ostendit

239 2491 336 2519 cum
355 2479 413 2520 ait
435 2492 444 2519 :
468 2478 549 2529 Qui
570 2478 626 2520 ad
647 2482 807 2529 tempus
826 2476 1018 2528 credunt,
1042 2480 1080 2519 et
1100 2478 1148 2519 in
1168 2481 1268 2520 tcm-

235 2560 335 2603 pcre
356 2550 604 2593 tentationis
621 2548 832 2599 recedant,
856 2548 1054 2588 sciliceta
1080 2548 1178 2598 Deo,
1201 2561 1265 2589 se-

238 2621 423 2663 cundum
455 2621 559 2662 illud
585 2621 598 2644 ⁷
627 2634 636 2662 t
674 2619 894 2661 «Recessit
927 2632 951 2659 a
982 2618 1068 2660 DEo
1095 2619 1268 2661 salutari

237 2705 331 2735 suo.
346 2708 365 2731 »
388 2692 468 2734 Sed
479 2693 558 2734 hoc
571 2691 770 2744 competit
779 2691 853 2743 huj
864 2691 1027 2731 usmodi
1043 2691 1264 2743 desidioso,

237 2765 472 2806 secundum
490 2763 594 2804 illud
609 2763 622 2786 ⁸
643 2777 679 2804 z«
691 2762 826 2812 Quam
846 2774 994 2815 aspera
1007 2765 1068 2802 est
1083 2763 1266 2804 nimium

237 2835 441 2889 sapientia
457 2833 633 2876 indoctis
651 2831 921 2874 hominibus!
940 2835 980 2874 et
998 2845 1085 2874 non
1104 2847 1268 2888 perma-

235 2907 351 2948 nebit
375 2907 422 2947 in
441 2906 513 2947 illa
534 2917 698 2947 excors.
727 2918 746 2942 ))
774 2903 855 2945 Sed
871 2935 880 2952 ‚
911 2903 1017 2945 sicut
1045 2905 1200 2947 dicitur
1216 2910 1230 2932 ⁹
1254 2921 1262 2949 :

240 2992 261 3016 c(
276 2976 349 3018 Vae
374 2977 448 3029 eiS,
479 2977 680 3030 quoniam
700 2978 962 3017 recesserunt
987 2988 1012 3016 a
1038 2989 1121 3018 me.
1142 2992 1161 3015 ))
1195 2978 1266 3018 Di—

236 3059 408 3089 versum
439 3048 537 3089 dicit
555 3047 632 3089 ι101)
653 3048 681 3070 ¹⁰
709 3061 718 3089 :
747 3061 766 3086 α
784 3047 922 3088 Donec
949 3048 1155 3100 deficiam,
1178 3061 1265 3091 non

235 3118 427 3159 recedam
445 3120 498 3161 ab
520 3119 762 3161 innocentia
782 3131 890 3160 mea.
911 3133 930 3157 n
955 3119 1007 3161 Et
1037 3120 1129 3162 ideo
1163 3121 1265 3162 hor-

236 3191 350 3231 tatur
368 3191 395 3213 11
415 3205 424 3231 :
451 3206 471 3231 «
489 3190 581 3242 Fili,
603 3191 802 3233 accedens
829 3191 882 3232 ad
906 3191 1154 3234 servitutem
1173 3192 1261 3247 Dei,

278 3296 290 3317 1
313 3296 430 3336 Marc„
450 3304 521 3336 xvi,
539 3299 590 3330 16.
608 3315 648 3321 -—
667 3299 680 3319 ²
695 3298 807 3339 Apotn,
830 3306 891 3339 xu,
915 3301 964 3331 10.
986 3315 1026 3322 -—
1044 3299 1054 3317 ³
1070 3300 1155 3341 Act„
1177 3308 1262 3342 xvii,

239 3345 290 3375 11.
311 3359 350 3366 -
370 3343 380 3362 ⁴
401 3343 535 3385 Effice„
562 3352 619 3385 111,
645 3346 697 3376 17.
723 3362 764 3368 -
792 3346 804 3367 ⁵
824 3346 918 3387 Sap„
945 3354 996 3386 1v,
1023 3348 1056 3379 3.
1080 3365 1120 3370 -
1140 3348 1151 3366 ⁶
1176 3348 1260 3386 Ose„

238 3397 286 3430 111,
306 3392 359 3421 16.
379 3407 420 3413 -
447 3390 459 3410 ⁷
485 3392 596 3430 Deut„
617 3399 733 3433 xxxu,
755 3395 805 3425 15.
826 3410 867 3416 —
892 3395 902 3412 ὅ
928 3394 1048 3435 ΕοοΖῖ.,
1072 3403 1123 3435 vi,
1150 3397 1202 3426 21.
1222 3413 1263 3419 -

237 3438 251 3458 ⁹
273 3437 357 3475 ose„
380 3445 448 3478 vu,
470 3439 520 3470 13.
540 3456 581 3461 -
601 3439 624 3456 ¹⁰
643 3438 714 3480 Job,
735 3447 850 3479 xxvu,
871 3443 901 3472 5.
922 3459 963 3464 —
983 3442 1006 3463 1¹
1031 3442 1150 3482 Ecclz‘„
1170 3450 1208 3483 11,
1232 3446 1260 3475 1.

237 3501 276 3507 —
300 3484 323 3505 ¹²
337 3484 441 3524 Rom„
458 3492 492 3525 x,
512 3486 560 3519 18.
580 3501 620 3508 —-
637 3485 662 3507 ¹³
682 3486 695 3516 1
715 3486 809 3527 Tim„
831 3495 878 3528 VI,
895 3490 926 3520 9.
943 3506 984 3513 —
1000 3490 1024 3511 1⁴
1042 3489 1163 3530 Eccle„
1180 3498 1212 3530 v,
1230 3492 1259 3523 9.

2296 174 2374 213 423

1347 262 1411 302 sta
1430 260 1651 314 iniustitia
1667 262 1708 301 et
1726 260 1893 312 timore,
1913 262 1955 301 et
1974 271 2167 313 praepara
2187 261 2374 302 animam

1347 334 1466 374 tuam
1484 333 1537 373 ad
1556 333 1843 374 tentationem.
1867 346 1885 369 ›>

1401 404 1540 446 Tertio
1568 407 1725 455 autem,
1754 407 1964 457 quantum
1989 403 2042 444 ad
2072 403 2376 456 expositionem

1347 477 1522 516 seminis
1554 476 1745 517 suffocati
1776 476 1821 516 in
1852 476 1976 517 corde
2012 475 2248 527 negotioso,
2282 477 2377 516 sub-

1346 548 1459 588 ditur
1478 548 1532 600 (v.
1558 549 1620 589 141
1638 563 1646 589 z
1667 548 1784 595 Quod
1803 554 1944 591 autem
1964 548 2014 590 in
2032 549 2182 600 spinas
2209 546 2373 598 cecidit,

1346 619 1394 661 Iti
1409 623 1509 662 stant
1528 622 1604 672 qui
1624 621 1871 670 audierunt,
1895 620 1938 661 id
1964 623 2038 671 est,
2061 620 2122 660 illi
2152 619 2377 671 signantur

1346 702 1421 743 per
1444 690 1564 732 illud.
1584 691 1634 731 Et
1665 694 1761 732 nota
1794 692 1907 745 quod
1939 691 2107 732 auditus
2134 689 2377 731 attribuitur

1346 761 1558 813 omnibus,
1591 764 1640 802 ut
1671 762 1816 802 nullus
1851 774 1894 803 se
1925 762 2053 815 possit
2082 772 2285 803 excusare
2312 765 2373 801 ¹²:

1352 849 1372 872 «
1400 833 1616 887 Numquid
1645 846 1733 875 non
1763 834 2016 875 audierunt?
2047 834 2097 875 Et
2128 833 2301 887 quidem
2333 833 2378 873 in

1346 918 1519 947 omnem
1551 908 1709 946 terram
1742 905 1874 947 exivit
1905 917 2036 946 sonus
2065 917 2229 955 eorum,
2261 907 2301 945 et
2333 905 2379 945 in

1346 978 1450 1018 fines
1471 978 1584 1018 orbis
1602 979 1726 1019 terrae
1747 977 1877 1019 verba
1902 988 2065 1018 eorum.
2087 991 2106 1014 ›)
2138 976 2218 1017 Sed
2237 979 2378 1017 tamen

1345 1061 1434 1090 non
1451 1062 1597 1091 omnes
1613 1050 1772 1091 faciunt
1784 1050 1968 1090 fructum
1985 1048 2261 1102 spiritualem,
2280 1048 2380 1101 quia

1345 1120 1634 1174 impediuntur
1654 1134 1679 1162 a
1698 1122 1809 1162 curis
1837 1121 2089 1163 carnalibus.
2112 1120 2208 1162 Ideo
2233 1121 2378 1162 subdi-

1346 1194 1417 1233 tur
1452 1193 1538 1235 :Et
1567 1204 1594 1234 ct
1630 1192 2012 1244 sollicitudinibus,
2046 1192 2202 1233 scilicet
2237 1192 2371 1242 intra3

1346 1268 1383 1306 et
1419 1264 1615 1315 divitiis,
1655 1264 1809 1305 scilicet
1840 1266 1979 1314 extra3
2017 1268 2054 1306 ei
2088 1264 2379 1317 voluptatibus

1346 1336 1461 1386 vttoe,
1491 1335 1646 1376 scilicet
1673 1335 1798 1376 infra.
1820 1335 1867 1376 In
1893 1348 1978 1388 quo
2004 1336 2196 1387 tangitur
2225 1335 2380 1388 triplex

1346 1407 1507 1447 bonum
1534 1406 1848 1457 commutabile,
1868 1406 2024 1447 scilicet
2041 1406 2238 1457 interius,
2261 1408 2377 1447 exte-

1346 1478 1451 1529 rius,
1471 1477 1660 1518 inferius.
1686 1478 1848 1520 Euntes
1869 1477 2150 1531 suffocantur,
2172 1477 2215 1518 id
2233 1480 2295 1518 est
2321 1478 2381 1520 vi-

1345 1552 1434 1590 tam
1466 1549 1728 1602 spiritualem
1759 1550 1962 1602 perdunt;
1993 1550 2114 1603 quia,
2145 1550 2381 1592 secundum

1347 1621 1460 1674 quod
1472 1621 1626 1661 dicitur
1640 1621 1669 1643 ²³
1683 1635 1691 1662 ε
1704 1635 1723 1659 ((
1738 1619 1845 1661 Nam
1860 1621 1933 1674 qui
1943 1621 2094 1663 volunt
2109 1621 2258 1663 divites
2270 1622 2378 1672 fieri,

1346 1690 1540 1732 incidunt
1559 1691 1604 1730 in
1626 1691 1900 1731 tentationem
1926 1694 1967 1731 et
1988 1691 2034 1731 in
2058 1691 2261 1744 laqueum
2290 1691 2379 1732 dia-

1346 1762 1447 1812 boli,
1469 1764 1509 1803 et
1535 1761 1740 1802 desideria
1781 1761 1915 1802 multa
1940 1761 2107 1802 inutilia
2139 1765 2179 1802 et
2204 1762 2375 1814 nociva,

1346 1845 1444 1886 quae
1469 1835 1672 1884 mergunt
1691 1832 1886 1873 homines
1906 1832 1950 1873 in
1969 1832 2189 1874 interitum
2216 1836 2256 1874 et
2282 1846 2378 1886 per—

1347 1906 1563 1946 ditionem.
1590 1920 1609 1943 »
1645 1905 1741 1946 Ideo
1762 1905 1912 1946 merito
1938 1906 2137 1947 suffocari
2163 1906 2376 1948 dicuntur.

1346 1978 1397 2019 Et
1433 1978 1525 2019 ideo
1558 1977 1770 2031 perdendo
1805 1977 1938 2019 vitam
1978 1977 2244 2028 interiorem,
2279 1990 2380 2031 per-

1347 2049 1455 2090 dunt
1479 2048 1527 2101 (b)
1553 2061 1628 2101 per
1656 2060 1915 2101 consequens
1945 2048 2175 2089 efficaciam
2203 2050 2381 2090 exterio-

1345 2131 1452 2161 rem.
1490 2119 1539 2160 Et
1567 2119 1660 2160 ideo
1700 2120 1894 2160 subditur
1934 2132 1944 2161 :
1978 2120 2034 2163 Et
2067 2131 2153 2163 non
2188 2122 2381 2172 referunt

1344 2193 1544 2243 fructum.
1567 2190 1772 2231 Scribitur
1791 2191 1906 2232 enim
1922 2191 1950 2214 Γ*
1972 2206 1980 2233 z
1999 2207 2017 2231 (ι
2037 2191 2117 2242 Qui
2138 2194 2252 2233 amat
2270 2192 2380 2233 divi-

1345 2263 1438 2314 tias,
1459 2263 1644 2304 fructum
1662 2275 1749 2304 non
1763 2264 1897 2317 capiet
1915 2276 1969 2304 ex
1989 2264 2068 2315 eis;
2091 2278 2109 2301 ›)
2136 2263 2251 2316 quia,
2275 2263 2382 2303 sicut

1347 2335 1500 2375 dicitur
1519 2335 1579 2375 ¹⁵:
1611 2334 1914 2375 «Dormierunt
1932 2346 2133 2375 somnum
2163 2347 2310 2384 suum,
2340 2337 2381 2375 et

1344 2405 1452 2445 nihil
1482 2406 1740 2447 invenerunt
1771 2417 1916 2446 omnes
1945 2405 2028 2447 viri
2056 2405 2303 2447 divitiarum
2334 2406 2379 2446 in

1344 2476 1542 2516 manibus
1567 2476 1707 2517 suis.»
1733 2476 1783 2517 Et
1802 2477 1854 2517 ad
1882 2477 2088 2519 Romanos
2109 2477 2136 2498 1⁸
2164 2488 2178 2518 .·
2201 2492 2221 2515 «
2244 2476 2378 2526 Quem

1344 2559 1449 2599 ergo
1478 2547 1662 2588 fructum
1681 2547 1886 2588 habuistis
1911 2550 2012 2589 tunc
2034 2548 2080 2588 in
2097 2548 2193 2599 illis,
2215 2548 2259 2588 in
2280 2548 2379 2601 qui-

1343 2619 1424 2660 bus
1445 2631 1559 2659 nunc
1573 2619 1817 2660 erubescitis
1829 2620 1848 2659 ἱ)
1861 2634 1880 2656 n
1900 2618 2024 2673 quasi
2037 2619 2145 2660 dicat
2163 2634 2171 2661 :
2191 2619 2375 2661 nullum.

1345 2690 1461 2732 Unde
1490 2690 1642 2732 merito
1675 2690 1835 2731 divitiae
1868 2693 1908 2731 et
1943 2690 2180 2744 voluptates
2208 2704 2377 2744 compa-

1342 2764 1493 2803 rantur
1519 2761 1673 2815 spinis,
1696 2764 1790 2802 tum
1820 2761 1921 2815 quia
1949 2763 2135 2803 fructum
2165 2775 2251 2804 non
2275 2764 2376 2804 affe—

1341 2836 1457 2884 runt,
1496 2835 1591 2874 tum
1628 2834 1727 2886 quia
1762 2833 1947 2874 fructum
1980 2833 2243 2886 impediunt,
2285 2838 2377 2875 tum

1341 2904 1469 2946 etiam
1507 2905 1607 2957 quia
1635 2904 1862 2945 habentem
1895 2904 2118 2957 affligunt,
2143 2906 2376 2947 secundum

1340 2975 1443 3017 illud
1464 2976 1491 2998 1⁷
1515 2991 1524 3017 z
1543 2991 1563 3015 (ι
1582 2975 1794 3017 Peccatori
1814 2977 1956 3016 autem
1975 2976 2088 3017 dedit
2107 2976 2374 3018 afflictionem

1341 3049 1382 3088 et
1400 3059 1548 3089 curam
1568 3047 1841 3100 superfluam,
1859 3051 1907 3088 ut
1920 3047 2045 3088 addat
2063 3050 2103 3088 et
2123 3052 2371 3101 congreget,

1341 3122 1381 3161 et
1405 3119 1542 3160 tradat
1562 3118 1600 3160 ei
1631 3118 1706 3171 qui
1729 3117 1884 3170 placuit
1903 3118 2001 3160 Deo.
2024 3118 2106 3160 Sed
2136 3122 2177 3160 et
2201 3120 2282 3160 hoc
2301 3132 2373 3161 va-

1339 3191 1448 3233 nitas
1465 3192 1583 3233 estet
1603 3201 1719 3231 cassa
1741 3188 1975 3250 sollicitudo
2000 3190 2167 3231 mentis.
2188 3190 2201 3212 ⁸
2230 3190 2371 3232 Dulcis

1339 3266 1402 3305 est
1419 3275 1593 3305 somnus
1621 3262 1826 3315 operanti,
1849 3261 1938 3305 sive
1956 3274 2122 3315 parum,
2144 3262 2233 3305 sive
2253 3263 2365 3305 mul-

1340 3393 1379 3400 -
1406 3377 1429 3399 ¹5
1449 3376 1536 3408 Psal.
1564 3383 1667 3416 Lxxv,
1692 3377 1722 3406 6.
1747 3391 1786 3398 ——
1816 3376 1842 3397 1⁶
1860 3375 1960 3415 Rom„
1985 3383 2037 3415 vi,
2060 3376 2112 3407 21.
2131 3392 2172 3398 -
2198 3376 2223 3397 ¹⁷
2242 3375 2366 3417 Eccle„

1338 3434 1378 3466 11,
1399 3427 1449 3457 26.
1470 3442 1510 3448 —
1531 3425 1558 3447 ¹⁸
1576 3423 1698 3462 Eccle„
1716 3430 1749 3463 v,
1771 3425 1822 3454 11.

1381 3491 1426 3532 (a)
1456 3489 1551 3530 Vuly.
1574 3488 1695 3530 spuria
1708 3487 1959 3520 vItulamina.—
1980 3487 2023 3528 (b)
2045 3489 2122 3520 Coel.
2142 3488 2219 3523 edit.
2241 3490 2361 3531 perdit.

2417 2492 2535 2520 Divitiae

2399 2535 2428 2560 et
2443 2534 2543 2569 volup-

2398 2576 2471 2601 tates
2490 2583 2542 2602 cur

2424 2616 2517 2650 spinis

2407 2664 2526 2691 compa-

2412 2699 2523 2726 rentur.
