2634 3853
232 273 308 312 :310

232 362 379 408 trasse,
411 355 660 404 surrexisse,
693 353 852 393 librum
875 349 1098 401 accepisse,
1119 347 1161 386 et
1191 357 1260 385 ac-

234 430 400 481 ceptum
421 425 665 466 revolvisse.
684 423 783 463 Haee
803 422 983 474 quatuor
1002 417 1264 458 inducuntur

235 499 288 539 ad
320 496 636 537 instructionem
672 491 1005 544 quadriformem
1038 487 1264 528 hominum

237 566 595 622 perscrutantium
608 563 847 610 veritatem,
865 560 1021 600 scilicet
1039 556 1266 598 vacationis

238 640 289 680 ad
317 636 622 684 meditandum,
652 630 997 685 promptitudinis
1035 629 1087 670 ad
1117 629 1264 679 legen-

241 710 358 758 dum,
384 704 722 747 mansuetudinis
745 703 797 743 ad
816 701 1076 751 discendum,
1101 699 1269 740 certitu-

240 779 349 821 dinis
362 775 716 829 adjudicandum.
732 771 1146 814 Adinstructionemi
1153 771 1270 822 gitur

244 846 470 890 vacationis
493 845 544 885 ad
569 843 874 892 meditandum,
903 841 1056 882 dicitur
1082 839 1270 880 Christus

242 928 512 972 synagogam
538 916 742 964 intrasse,
772 925 869 954 cum
890 913 948 953 ait
972 910 1267 963 Evangelista:

243 992 296 1032 Ec
327 990 442 1031 venit
477 986 717 1035 Nazareth,
761 985 835 1025 ubi
870 987 958 1026 erac
985 983 1210 1027 nutritus;
1237 985 1275 1023 et

244 1061 430 1104 intrar‘z‘t
463 1057 694 1099 seczmdum
713 1054 1059 1098 consuetudinem
1083 1063 1204 1095 suam
1225 1052 1273 1093 z’n

245 1132 314 1174 die
337 1130 503 1172 sabbati
533 1130 582 1170 in
612 1137 888 1180 Synaqoqam.
924 1125 1023 1165 Haee
1041 1124 1156 1165 enim
1186 1125 1276 1163 erat.

247 1197 505 1240 consuetudo
526 1195 756 1248 approbata
779 1193 942 1245 exlege
962 1192 1096 1245 Moysi
1115 1195 1155 1231 et
1174 1203 1272 1231 con-

246 1270 482 1312 versatione
503 1267 670 1309 Christi.
691 1266 797 1306 Hine
815 1265 968 1306 dicitur
988 1266 1015 1315 ¹,
1039 1264 1151 1316 quod
1173 1263 1278 1304 Pau-

246 1343 312 1383 lus
331 1356 349 1379 (ι
365 1339 599 1381 secundum
620 1337 1000 1378 consuetudinem»
1027 1334 1139 1388 apud
1155 1333 1280 1374 Thes-

250 1411 478 1453 salonicam
506 1409 722 1450 «intrabat
753 1408 797 1448 in
817 1418 1088 1460 synagogam
1103 1437 1115 1456 ,
1144 1407 1185 1446 et
1205 1416 1280 1458 per

251 1484 426 1525 sabbata
452 1481 531 1522 tria
563 1480 792 1521 disserebat
821 1479 881 1519 eis
917 1478 967 1518 de
996 1476 1239 1529 ScripturiS.
1260 1490 1279 1514 n

253 1554 360 1595 Illud
377 1553 489 1593 enim
503 1554 592 1592 erat
605 1554 787 1603 tempus,
807 1561 891 1601 quo
906 1548 1114 1590 debebant
1131 1558 1282 1588 vacare

251 1626 341 1677 legi
370 1624 464 1665 Dei:
495 1623 539 1662 in
573 1633 657 1675 quo
688 1620 931 1670 erudimur,
967 1618 1080 1672 quod
1112 1616 1283 1670 quando

252 1695 454 1738 volumus
471 1693 648 1734 Domino
667 1692 942 1741 sabbatizare,
967 1690 1168 1730 debemus
1184 1701 1282 1730 con-

256 1765 433 1820 gregari
453 1764 646 1814 interius,
667 1765 707 1804 et
721 1763 777 1803 ibi
795 1762 1034 1815 quiescere²
1051 1772 1061 1801 ε
1081 1775 1100 1798 (ι
1118 1760 1285 1800 Intrans

254 1839 298 1878 in
317 1838 492 1878 domum
512 1847 673 1884 meam,
701 1833 999 1887 conquiescam
1025 1843 1125 1872 cum
1155 1830 1240 1870 illa.
1262 1843 1281 1867 ›)

257 1910 302 1951 Si
321 1908 435 1950 enim
454 1907 676 1948 sabbatum
690 1905 878 1947 exterius
888 1906 1059 1956 agatur,
1073 1904 1136 1943 est
1148 1902 1288 1942 irrisio

258 1981 504 2022 daemonum
537 1977 770 2019 secundum
801 1976 905 2017 illud
939 1975 1197 2017 Threnorum
1226 1976 1240 1998 3
1277 1987 1286 2014 :

267 2051 506 2092 «Viderunt
525 2061 619 2091 eam
633 2049 790 2099 hostes,
804 2050 845 2088 et
861 2047 1098 2088 deriserunt
1117 2044 1292 2085 sabbata

262 2124 404 2175 erS.»
453 2120 504 2162 Et
538 2119 784 2172 hujusmodi
821 2117 1045 2158 sabbatum
1084 2115 1168 2156 Deo
1204 2126 1292 2155 non

968 256 1251 300 EvANcaLn
1281 230 1469 297 SANCTI
1498 255 1647 298 LucAE

1338 348 1541 399 tanquam
1579 342 1770 384 minister
1793 373 1805 392 ,
1841 345 1889 382 ut
1925 345 2138 383 exerceret
2173 341 2364 382 lectionis

1339 416 1541 456 officium.
1578 413 1692 455 Unde
1720 412 1833 452 Beda
1851 414 1897 451 ⁸:
1926 426 1945 450 α
1975 412 2055 461 Qui
2085 414 2258 453 venerat
2288 411 2364 451 mi-

1340 486 1543 536 nistrare,
1574 487 1615 525 et
1645 495 1732 524 non
1763 482 2016 531 ministrari,
2046 482 2236 523 lectionis
2269 483 2360 523 offi-

1342 555 1456 596 cium
1475 567 1562 595 non
1584 554 1840 605 dedignatur
1859 553 2083 604 suscipere.
2107 566 2126 590 n

1395 626 1459 665 Ad
1491 625 1815 666 instructionem
1854 624 1997 663 autem
2032 623 2370 663 mansuetudinis

1343 696 1396 736 ad
1417 696 1686 746 discendum,
1707 694 1875 735 additur
1898 707 1907 734 :
1927 693 1981 735 Ec
2001 691 2190 735 traditus
2219 696 2278 734 est
2305 693 2371 734 ilci

1346 767 1446 809 liber
1482 768 1611 808 lsaioe
1644 767 1874 820 prophetae,
1915 776 2043 817 quem
2085 764 2238 804 scilicet
2275 775 2372 804 cum

1346 838 1672 879 mansuetudine
1698 836 1902 889 suscepit,
1933 847 2020 875 non
2051 834 2285 886 dedignans
2311 834 2373 874 uti

1345 909 1587 950 testimonio
1607 908 1836 961 Scripturae
1867 908 1908 946 et
1939 905 2198 946 auctoritate.
2231 904 2300 945 Sic
2336 907 2377 945 et

1348 980 1529 1022 Joannes
1549 985 1562 1006 ⁹
1585 993 1595 1021 ε
1629 996 1647 1019 (ι
1678 980 1830 1032 Accepi
1859 978 2019 1018 librum
2048 977 2099 1018 de
2124 988 2257 1017 manu
2282 977 2374 1016 An-

1351 1051 1456 1102 geli,
1480 1053 1520 1091 et
1537 1051 1738 1091 devoravi
1760 1050 1901 1100 illum,
1925 1051 1966 1089 et
1994 1050 2084 1089 erat
2102 1048 2148 1087 in
2181 1059 2254 1088 ore
2283 1059 2377 1088 meo

1350 1123 1554 1173 tanquam
1590 1121 1675 1161 mel
1708 1120 1842 1160 dulce.
1873 1134 1893 1157 >³
1919 1119 2042 1159 Liber
2073 1121 2216 1158 autem
2249 1129 2378 1159 sacrae

1352 1192 1572 1244 scripturae
1603 1190 1749 1232 debuit
1779 1191 1817 1231 ei
1847 1190 1983 1241 tradi,
2010 1190 2245 1230 secundum
2277 1190 2380 1229 illud

1352 1263 1635 1315 Apocalypsis
1655 1262 1683 1284 ¹⁰
1706 1275 1714 1302 :
1743 1276 1762 1299 a
1781 1261 1946 1313 Dignus
1973 1273 2032 1311 es,
2056 1260 2250 1311 Domine,
2273 1260 2383 1300 acci-

1353 1346 1453 1388 pere
1486 1334 1666 1384 librum,
1696 1335 1737 1373 et
1764 1333 1927 1386 aperire
1958 1331 2190 1384 signaculav
2211 1333 2304 1384 ejus
2323 1364 2332 1382 ,
2357 1347 2376 1369 ))

1356 1406 1458 1459 quia
1491 1405 1636 1446 nullus
1670 1404 1778 1445 alius
1810 1406 1987 1456 poterat.
2018 1403 2069 1443 Et
2097 1403 2200 1444 liber
2228 1402 2380 1453 Isaioe,

1356 1479 1475 1532 quia,
1496 1479 1602 1519 sicut
1621 1477 1721 1517 dicit
1738 1476 1879 1518 Isaias
1897 1476 1923 1497 ¹¹
1947 1489 1956 1516 :
1986 1490 2005 1514 c(
2024 1474 2113 1515 Erit
2140 1474 2259 1517 vobis
2279 1474 2385 1515 visio

1357 1549 1551 1590 omnium
1586 1548 1696 1588 sicut
1723 1548 1854 1589 verba
1891 1546 1987 1586 libri
2027 1545 2199 1598 signati.
2237 1559 2257 1582 »
2290 1544 2386 1585 Ideo

1360 1621 1582 1673 signanter
1615 1619 1769 1660 dicitur
1797 1633 1806 1660 z
1845 1617 2050 1660 Traditus
2086 1620 2145 1659 est
2180 1615 2249 1658 illi
2288 1616 2387 1658 liber

1359 1693 1488 1734 Isaioe
1504 1691 1728 1744 prophetae.

1414 1762 1654 1811 Postremo,
1689 1760 1742 1800 ad
1773 1758 2096 1800 instructionem
2129 1759 2389 1800 certitudinis

1363 1833 1415 1874 ad
1442 1831 1720 1885 judicandum
1738 1861 1748 1880 ,
1781 1829 2038 1882 subjungit:
2062 1830 2117 1872 Et
2139 1833 2187 1872 ut
2217 1830 2393 1873 revolvit

1363 1904 1534 1946 librum.
1557 1902 1604 1943 In
1621 1914 1706 1955 quo
1724 1901 1992 1954 significatur
2009 1900 2190 1952 diligens
2208 1900 2394 1941 discendi

1367 1974 1611 2028 inquisitio,
1635 1985 1731 2026 quae
1762 1972 2000 2026 praevenire
2035 1971 2158 2012 debet
2187 1971 2396 2023 judicium

1365 2048 1527 2087 certum
1545 2060 1554 2095 ;
1577 2047 1748 2098 propter
1768 2044 1881 2098 quod
1901 2043 2055 2084 dieitur
2072 2044 2099 2065 1²
2118 2056 2127 2083 ε
2143 2042 2392 2095 «Interroga

1368 2116 1688 2170 generationem
1720 2101 1943 2168 pristinam
1963 2147 1974 2166 ,
2008 2117 2050 2155 et
2085 2115 2309 2167 diligenter
2336 2116 2397 2154 in-

263 2193 412 2246 placet,
425 2191 657 2232 secundum
666 2189 770 2230 illud
782 2189 932 2231 lsaioe²⁴
949 2200 987 2228 :a
1000 2186 1290 2237 Neomeniam,

266 2266 308 2305 et
331 2263 571 2312 sabbatum,
602 2264 642 2302 et
669 2260 955 2302 solemnitates
981 2259 1085 2300 alias
1115 2270 1202 2299 non
1230 2259 1295 2299 se-

268 2348 411 2377 ram.»
446 2334 498 2376 Et
523 2334 628 2374 ratio
647 2333 779 2385 hujus
808 2334 897 2383 est,
928 2331 1030 2384 quia
1057 2342 1142 2371 non
1170 2330 1297 2371 intra-

1367 2187 1537 2239 vestiga
1556 2189 1726 2239 patrum
1747 2187 2013 2227 memoriam.
2037 2201 2057 2224 ›>
2081 2187 2171 2228 Non
2194 2187 2311 2227 enim
2342 2200 2396 2227 ex
2442 2198 2526 2225 Μ-

1371 2259 1551 2310 abrupto
1572 2257 1889 2310 procedendum
1909 2260 1972 2298 est
1991 2257 2042 2298 ad
2069 2258 2300 2310 Judicium,
2326 2258 2395 2298 sed
2418 2247 2559 2308 ωἶζζᾟᾶ,

1370 2343 1468 2372 cum
1503 2330 1747 2371 maturitate
1775 2343 1785 2382 3
1816 2333 1987 2383 propter
2023 2330 2135 2382 quod
2165 2329 2394 2371 dieitur122
2418 2323 2544 2350 tumme,

266 2408 368 2448 bant
406 2406 607 2455 interius,
647 2405 719 2445 sed
757 2403 957 2453 exterius,
999 2404 1040 2443 et
1074 2401 1298 2442 carnaliter

269 2479 501 2533 sapiebant.

327 2551 391 2591 Ad
410 2548 732 2590 instructionem
757 2557 861 2587 vero
885 2543 1229 2599 promptitudinis
1248 2543 1300 2584 ad

272 2622 503 2675 legendum
525 2652 537 2670 ,
570 2619 766 2660 subditur
801 2631 811 2658 ι
844 2617 899 2660 Et
930 2617 1124 2659 surremit
1154 2617 1299 2669 leqere.

274 2692 488 2736 Surrectio
510 2692 602 2744 ipsa
629 2688 1032 2743 promptitudinem,
1056 2691 1097 2729 et
1118 2687 1301 2740 vigilan-

274 2765 379 2804 tiam
405 2763 628 2814 importat,
652 2771 749 2812 quae
768 2758 1004 2800 necessaria
1031 2761 1093 2798 est
1113 2769 1304 2811 perseru-

278 2834 385 2875 tanti
418 2832 549 2874 verba
579 2831 736 2872 divina.
768 2829 886 2870 Unde
916 2829 1070 2869 dicitur
1096 2829 1109 2850 ⁵
1139 2843 1148 2869 :
1178 2844 1196 2867 α
1227 2829 1306 2869 Fili

277 2904 487 2953 hominis,
512 2905 575 2942 sta
596 2913 723 2954 super
739 2901 865 2953 pedes
884 2902 1002 2951 tuos,
1026 2902 1067 2940 et
1083 2900 1233 2953 loquar
1251 2902 1308 2940 te-

280 2988 393 3017 cum.
420 2990 438 3012 n
460 2974 567 3015 Hinc
592 2976 672 3023 est,
699 2972 811 3025 quod
832 2972 986 3013 dicitur
1013 2971 1166 3012 animae
1187 2984 1306 3013 sanc-

280 3051 335 3089 tae
351 3048 364 3068 ⁶
388 3061 396 3086 ;
420 3062 438 3085 (ι
459 3046 619 3097 Surge,
641 3044 903 3095 illuminare,
925 3043 1174 3093 Jerusalem,
1189 3057 1208 3080 ›)
1228 3044 1304 3083 etc.

284 3119 335 3160 Et
353 3118 465 3171 apud
488 3116 736 3170 Apostolum
751 3118 765 3139 ⁷
789 3130 797 3156 :
827 3131 846 3154 α
865 3116 1006 3167 Surge
1026 3115 1099 3168 qui
1125 3114 1306 3164 dormis,

287 3193 329 3232 et
350 3200 514 3240 exurge
534 3200 559 3228 a
578 3188 779 3237 mortuis3
801 3190 841 3228 et
860 3186 1116 3228 illuminabit
1136 3188 1176 3226 te
1191 3185 1310 3227 Chri-

291 3264 395 3302 stus,
408 3274 428 3298 2>
454 3259 591 3300 Simul
609 3258 734 3298 etiam
751 3268 847 3299 cum
860 3257 1192 3310 promptitudine
1204 3257 1314 3298 desi-

288 3336 395 3386 gnat
428 3331 749 3380 humilitatem;
788 3330 889 3383 quia
925 3330 1119 3372 surrexit
1154 3329 1312 3382 leqere,

330 3459 439 3496 ¹Act.,
462 3458 635 3498 xvli,2.-
658 3455 672 3476 2
695 3455 789 3495 Sap„
808 3462 885 3495 vin,
906 3453 1024 3486 16.-3
1045 3453 1175 3494 Thr-en„
1198 3463 1220 3495 ι,
1241 3457 1316 3486 7.-

289 3508 299 3525 ⁴
326 3508 406 3546 Isa„
430 3513 453 3545 1,
480 3506 529 3537 13.
561 3521 601 3526 -
625 3504 638 3525 5
665 3500 795 3541 Ezeclz„
824 3509 860 3541 li,
892 3503 922 3532 1.
948 3517 986 3523 —
1008 3501 1021 3521 ⁶
1046 3501 1203 3541 lsa.‚1..¹<,
1232 3505 1258 3533 1.
1277 3520 1317 3526 -

291 3554 300 3572 ⁷
321 3552 456 3594 Ephes„
475 3559 510 3592 v,
534 3552 583 3584 14.
605 3567 647 3574 —
663 3549 676 3571 8
695 3549 792 3591 Bed.‚
810 3549 843 3580 ιή
861 3548 950 3589 Luc„
969 3546 1027 3579 lib.
1053 3549 1093 3580 ll.
1117 3565 1157 3571 —
1176 3548 1188 3567 ⁹
1203 3548 1316 3591 Apoc„

1377 2417 1396 2441 α
1423 2401 1599 2442 Causam
1626 2413 1756 2454 quam
1782 2400 2041 2451 nesciebam,
2073 2400 2398 2452 diligentissime

1373 2472 1707 2524 investigabam.
1730 2486 1750 2509 ›)
1775 2472 1826 2513 Et
1845 2472 2093 2525 praecipiens
2111 2471 2313 2524 „iosaphat
2327 2473 2398 2525 ju-

1374 2544 1558 2593 dicibus,
1581 2544 1640 2585 ait
1658 2542 1687 2565 1⁶
1711 2557 1720 2584 z
1745 2557 1765 2581 «
1796 2542 1901 2584 Cum
1921 2541 2144 2594 diligentia
2173 2544 2322 2582 cuncta
2340 2542 2401 2582 fa-

1376 2614 1469 2655 cite.
1500 2629 1519 2652 n
1544 2613 1596 2655 Et
1630 2613 1834 2666 quoniam
1864 2613 1938 2666 qui
1969 2613 2196 2665 diligenter
2224 2612 2402 2665 quaerit,

1376 2686 1568 2736 invenit,
1600 2685 1693 2726 ideo
1723 2684 1891 2726 additur
1914 2696 1924 2724 z
1946 2685 2119 2726 Invenit
2149 2684 2282 2726 locum
2299 2715 2309 2734 ‚
2331 2683 2407 2725 ubi

1376 2758 1583 2809 scriptum
1611 2759 1702 2797 erac
1720 2767 1734 2795 :
1758 2755 1948 2807 Spiritus
1976 2755 2172 2804 Domini,
2206 2756 2284 2794 etc.
2321 2752 2408 2793 lloc

1378 2827 1600 2871 invenitur
1619 2827 1646 2849 ¹⁵
1667 2827 1708 2867 in
1731 2827 1877 2877 lsaia,·
1896 2838 1974 2866 nec
1993 2826 2167 2875 mirum,
2198 2825 2314 2877 quia,
2338 2837 2406 2865 se—

1379 2900 1568 2940 cundum
1588 2898 1700 2951 quod
1720 2897 1872 2938 dicitur
1893 2897 1920 2919 ¹⁶
1942 2911 1951 2937 ε
1970 2911 1989 2935 α
2012 2896 2088 2936 Hic
2108 2898 2170 2936 est
2191 2895 2298 2936 Deus
2318 2907 2408 2936 nos-

1380 2973 1459 3022 ter,
1476 2973 1516 3010 et
1536 2981 1622 3010 non
1641 2967 1920 3010 aestimabitur
1937 2967 2045 3007 alius
2064 2967 2266 3007 adversus
2285 2978 2405 3015 eum;

1382 3043 1452 3083 hic
1489 3040 1706 3083 adinvenit
1741 3050 1913 3080 omnem
1946 3038 2062 3079 viam
2102 3036 2345 3090 disciplinae.
2388 3052 2407 3074 n

1384 3114 1492 3154 Ante
1521 3113 1661 3166 ipsum
1688 3110 1979 3164 quaerebatur,
2002 3108 2074 3149 sed
2103 3120 2188 3149 non
2216 3107 2408 3148 invenie-

1384 3184 1523 3225 batur.
1556 3182 1673 3223 Unde
1693 3182 1721 3206 ¹⁷
1746 3195 1754 3219 :
1784 3179 2035 3232 «Sapientia
2064 3178 2139 3219 ubi
2165 3178 2410 3219 invenitur?

1386 3258 1428 3296 et
1446 3255 1543 3308 quis
1571 3255 1632 3294 est
1649 3252 1766 3294 locus
1792 3249 2111 3302 intelligentiae?
2130 3263 2149 3287 >³
2176 3251 2255 3290 etc.
2280 3249 2412 3301 Spiri-

1388 3331 1455 3370 tus
1476 3325 1648 3369 Domini
1666 3331 1792 3376 super
1809 3331 1872 3363 me
1885 3351 1895 3371 ,
1917 3322 1998 3361 etc.
2025 3319 2103 3360 Hic
2121 3322 2292 3361 notatur
2310 3332 2410 3361 con-

1388 3460 1423 3492 X,
1445 3453 1494 3483 10.
1513 3449 1591 3472 ——10
1617 3447 1714 3487 ibid„
1734 3454 1768 3485 v,
1789 3448 1819 3478 9.
1841 3461 1880 3468 -
1901 3445 1925 3466 1¹
1946 3445 2026 3484 Isca,
2046 3452 2143 3485 xxix,
2167 3448 2216 3477 11.
2236 3462 2277 3467 -
2297 3444 2322 3465 ¹²
2338 3444 2411 3483 Joh,

1388 3506 1464 3538 viu,
1486 3498 1517 3528 8.
1538 3513 1578 3524 -ε
1600 3494 1626 3516 ¹³
1644 3494 1714 3533 Joh,
1736 3500 1832 3533 xxm,
1855 3494 1904 3524 16.
1929 3508 1969 3514 -
1988 3492 2015 3513 1*
2031 3491 2056 3522 ll
2079 3491 2207 3531 Paral„
2228 3499 2300 3531 xix,
2318 3493 2348 3523 7.
2372 3508 2413 3514 -

1390 3547 1416 3568 1⁵
1431 3546 1597 3586 lsa.,Lx1,
1614 3545 1641 3574 1.
1656 3559 1696 3566 -
1707 3542 1734 3563 ¹⁶
1753 3541 1847 3581 Bata,
1864 3547 1916 3581 111,
1928 3540 1980 3580 36,
1993 3540 2026 3571 5.
2051 3556 2087 3562 —
2102 3539 2127 3561 1⁷
2141 3538 2214 3577 Job,
2227 3539 2414 3579 xxv111,12.
