2634 3853
945 179 1219 223 EXPOSITIO
1248 180 1301 222 IN
1332 179 1446 222 CAP.
1474 177 1581 219 VIII.

206 279 319 333 quod
343 274 563 323 Dominus,
585 270 819 312 secundum
847 269 959 323 quod
984 269 1230 320 evangelica

207 346 381 390 historia
410 343 575 391 narrat,
607 341 831 394 aliquando
857 339 1049 393 praecipit
1077 340 1230 380 curatis

206 416 320 471 quod
352 412 512 455 nemini
538 412 742 462 dicerent,
764 411 872 452 sicut
899 412 1011 463 patet
1038 410 1082 449 in
1113 422 1231 451 cura-

207 486 321 528 tione
350 482 531 535 leprosi¹
557 497 565 522 ι
601 496 620 520 (ι
650 480 781 531 Vide,
807 479 967 521 nemini
999 479 1156 520 dixeris
1176 494 1186 530 3
1207 495 1226 518 »

206 557 247 597 et
263 555 308 595 in
327 552 594 594 suscitatione
613 551 765 604 puellae
784 552 812 601 ²,
838 565 857 588 «
867 551 1067 602 praecepit
1085 550 1135 602 (α)
1159 562 1230 602 pa-

205 623 395 666 rentibus
415 624 506 674 ejus
524 654 535 673 ‚
557 634 611 663 ne
642 621 765 662 alicui
795 620 978 661 dicerent
1009 620 1123 672 quod
1143 621 1227 660 fac-

205 698 297 736 tum
317 696 420 735 erat.
436 708 455 731 ›)
472 693 549 734 Hic
566 695 709 734 autem
729 690 918 744 praecipit
938 692 1098 739 sanato,
1117 691 1230 742 quod

206 765 400 816 divulget
417 779 427 813 ;
449 764 521 805 sed
537 764 616 804 hoc
635 763 838 803 Dominus
856 761 954 801 facit
972 763 1020 800 ut
1040 761 1230 801 ostendat

205 835 425 877 veritatem
445 834 672 874 salutarem
704 844 792 873 non
817 843 905 872 esse
924 831 1143 871 tacendam
1158 862 1168 881 ‚
1191 834 1232 871 et

207 905 390 957 gloriam
431 903 646 957 proprIam
682 914 770 943 non
812 913 902 942 esse
939 902 1228 954 quaerendam.

206 975 302 1016 Ideo
322 974 437 1015 enim
456 972 681 1026 aliquando
700 971 890 1025 praecipit
909 972 1022 1024 quod
1043 972 1228 1021 dicatur,

206 1048 247 1086 et
265 1044 492 1098 aliquando
511 1044 623 1096 quod
653 1044 854 1083 taceatur.
876 1041 992 1082 Unde
1018 1042 1063 1082 in
1093 1042 1231 1094 primo

207 1116 277 1157 dat
302 1115 604 1156 documentum
630 1113 742 1166 quod
763 1113 918 1154 veritas
950 1113 1228 1165 praedicetur3

206 1187 251 1228 in
273 1186 455 1227 secundo
481 1197 606 1235 vero,
638 1185 751 1238 quod
782 1184 919 1236 gloria
947 1184 1117 1236 propria
1144 1195 1231 1224 non

206 1258 437 1309 quaeratur.
457 1256 605 1296 Inhoc
623 1256 751 1296 etiam
776 1257 950 1307 apparet
977 1255 1089 1306 quod
1120 1266 1232 1306 prae-

205 1327 421 1368 dicationis
458 1339 565 1379 opus
601 1316 689 1367 non
730 1327 897 1366 tantum
942 1327 1005 1365 est
1039 1324 1232 1365 virorum

203 1396 556 1450 apostolicorum,
585 1407 736 1437 verum
767 1395 893 1435 etiam
924 1406 1232 1447 quorumcum-

203 1479 286 1520 que
321 1467 531 1509 bonorum
573 1467 648 1520 qui
682 1478 707 1506 a
744 1466 908 1506 Christo
946 1465 1081 1506 edocti
1114 1466 1229 1505 sunt.

203 1536 322 1579 Unde
349 1537 478 1578 etiam
512 1536 702 1578 Christus
722 1535 940 1589 discipulis
966 1534 1232 1588 prohibenti-

205 1609 286 1649 bus
324 1608 554 1661 quemdam
591 1608 637 1648 in
669 1607 842 1648 nomine
889 1605 1041 1647 Christi
1080 1606 1232 1658 ejicere

203 1678 413 1720 daemonia
438 1710 449 1729 ,
481 1678 555 1731 qui
583 1677 796 1719 Christum
826 1688 914 1717 non
944 1676 1227 1729 sequebatur,

202 1748 310 1789 dixit
325 1748 379 1789 ad
397 1748 491 1789 illos
508 1748 521 1771 ⁸
538 1762 547 1789 z
568 1748 733 1789 «Nolite
750 1747 1001 1800 prohibere:
1024 1747 1097 1800 qui
1116 1747 1230 1788 enim

202 1830 287 1860 non
307 1821 369 1860 est
386 1819 616 1860 adversum
632 1829 727 1867 VOS,
750 1830 827 1871 pro
846 1818 968 1859 vobis
987 1820 1063 1868 est,
1086 1832 1106 1856 »
1124 1819 1231 1858 sicut

202 1890 355 1931 dicitur
381 1889 506 1930 infra.
536 1888 678 1932 Bonus
706 1889 820 1930 enim
848 1889 915 1929 vir
944 1887 1065 1928 debet
1095 1888 1231 1929 dicere

203 1960 314 2014 quod
330 1959 437 2002 dixit
457 1959 619 2012 Moyses
638 1959 653 1981 ¹·
674 1972 683 1999 :
712 1973 731 1998 (ι
751 1958 851 2007 Quis
878 1958 1037 1998 tribuat
1065 1960 1113 1999 ut
1138 1971 1231 1999 om-

201 2031 267 2071 nis
294 2030 477 2084 populus
509 2029 753 2082 prophetet,
776 2031 818 2068 et
845 2029 913 2069 det
945 2028 1004 2069 eis
1025 2028 1230 2069 Dominus

199 2100 395 2153 spiritum
416 2111 544 2141 suum
558 2100 577 2138 ‘?
597 2112 616 2136 >³
635 2098 877 2139 Secundum
892 2098 996 2139 illud
1014 2099 1053 2139 ⁵:
1083 2114 1102 2138 «
1121 2099 1230 2139 Dum

199 2171 317 2212 omni
335 2171 481 2221 modo,
503 2170 589 2210 sive
608 2181 683 2222 per
706 2169 969 2210 occasionem
989 2200 1001 2220 ,
1037 2170 1126 2211 sive
1154 2182 1229 2223 per

198 2242 420 2284 veritatem
447 2240 638 2282 Christus
667 2239 971 2289 annuntietur;
1007 2242 1048 2280 et
1077 2240 1122 2280 in
1148 2241 1229 2282 hoc

199 2311 388 2364 gaudeo,
410 2311 482 2352 sed
500 2313 541 2351 et
559 2310 769 2362 gaudebo.
791 2323 809 2346 »

251 2381 391 2423 Tertio
402 2413 412 2431 ‚
431 2383 641 2434 quantum
658 2379 710 2419 ad
729 2380 1068 2422 commissionem
1083 2381 1225 2432 officii,

199 2453 354 2494 dicitur
374 2465 387 2491 .·
414 2452 471 2496 Ec
495 2461 628 2493 narra
656 2453 821 2503 quanta
852 2451 931 2493 tibi
961 2453 1063 2503 fecit
1092 2453 1221 2494 Deus.

200 2525 248 2565 In
268 2536 353 2577 quo
381 2523 509 2564 mittit
539 2533 639 2562 eum
667 2522 719 2562 ad
750 2522 1067 2574 praedicandum
1097 2526 1138 2564 et
1164 2524 1226 2564 di-

199 2595 470 2647 vulgandum
500 2593 694 2635 divinum
724 2593 977 2634 beneficium
997 2594 1010 2616 ⁶
1032 2609 1041 2634 :
1076 2609 1095 2633 (ι
1121 2595 1225 2636 Nar-

199 2665 302 2707 rabo
321 2677 478 2706 nomen
497 2666 620 2704 tuum
638 2662 839 2704 fratribus
869 2664 975 2704 meis
991 2696 1002 2715 ,
1034 2679 1053 2703 »
1079 2668 1156 2706 etc.
1178 2666 1228 2707 Et

200 2735 246 2775 in
264 2735 390 2777 Tobia
406 2734 454 2787 (b)
467 2734 480 2756 ⁷
495 2745 505 2773 ε
521 2732 686 2786 «Opera
703 2734 845 2774 autem
859 2733 930 2774 Dei
944 2734 1132 2776 revelare
1152 2737 1228 2778 ho-

198 2806 422 2848 norificum
436 2807 510 2845 est.
527 2818 546 2842 »
566 2804 653 2845 Hoc
668 2805 839 2845 mandat
858 2805 1062 2848 Dominus
1080 2809 1172 2849 fieri
1185 2810 1222 2850 ⁸:

205 2892 224 2916 (ι
256 2876 421 2926 Quanta
451 2874 670 2916 mandavit
710 2875 900 2927 patribus
934 2877 1088 2918 nostris
1126 2881 1227 2919 nota

198 2947 333 2987 facere
351 2957 401 2987 ea
428 2945 522 2986 [iliis
553 2945 661 2994 suis,
683 2947 732 2986 ut
762 2948 988 2997 cognoscat
1007 2949 1225 2999 generatio

200 3015 344 3057 altera.
366 3029 386 3054 »
404 3016 456 3057 Et
470 3015 575 3057 illud
593 3017 653 3057 est
674 3015 861 3057 officium
880 3018 1226 3069 praedicatoribus

200 3085 456 3138 injuncium.

253 3154 431 3207 QuartO,
460 3162 668 3209 quantum
700 3158 752 3198 ad
780 3158 1118 3210 divulgationem
1150 3161 1224 3203 he-

199 3225 362 3275 neficii‚
390 3226 613 3269 subditur:
646 3228 700 3270 Ει
728 3228 837 3270 abiit
868 3239 945 3280 per
979 3231 1224 3275 universam

242 3307 251 3327 ¹
273 3306 409 3347 Matth„
428 3315 509 3347 v111,
531 3310 560 3339 4.
582 3326 618 3332 -
644 3310 658 3331 ²
676 3310 751 3350 tuf„
771 3311 824 3342 56.
850 3326 885 3332 —
907 3310 1017 3350 3111ἲ.,
1038 3319 1092 3352 lx,
1113 3314 1165 3346 50.
1184 3332 1224 3339 —

203 3351 217 3373 δ
233 3351 348 3392 Num„
367 3361 415 3392 xl,
435 3356 486 3385 29.
505 3371 540 3376 —
561 3356 575 3377 ⁵
596 3355 733 3396 Philip„
760 3364 782 3396 1,
806 3358 856 3388 18.
872 3374 912 3380 —
931 3357 945 3378 ⁶
962 3357 1054 3390 Psal.
1075 3366 1149 3400 xxr,
1171 3363 1222 3393 23.

202 3414 241 3421 -
263 3398 278 3420 ⁷
302 3399 388 3438 Tob„
419 3407 487 3439 xxx,
510 3402 541 3431 7.
565 3418 606 3424 —
631 3403 642 3420 ⁸
667 3402 759 3434 Psal.
791 3411 927 3442 Lxxvn,
967 3405 998 3434 5.
1029 3420 1069 3428 —-
1100 3408 1110 3424 ³
1134 3408 1208 3440 Jon.

201 3451 262 3484 111,
296 3448 326 3476 2.
353 3464 392 3469 -
418 3447 442 3467 ¹⁰
462 3446 551 3477 Psal.
582 3455 660 3488 va,
693 3451 741 3481 16.
762 3466 802 3473 —
827 3450 854 3472 1¹
883 3449 972 3490 Tob„
998 3459 1071 3492 xn,
1102 3455 1153 3486 20.
1185 3434 1221 3478 -’

2250 181 2326 218 439

1307 268 1523 311 civitatem
1555 265 1823 318 praedicans,
1853 266 1965 317 quod
1997 265 2060 304 illi
2090 266 2330 317 injunctum

1304 341 1378 380 est.
1396 339 1408 361 ⁸
1433 353 1453 378 «
1477 338 1630 389 Surge,
1652 338 1694 377 et
1721 336 1828 378 vade
1843 335 1887 375 in
1906 334 2100 376 Ninivem
2117 335 2328 376 civitatem

1304 421 1534 462 magnam3
1557 410 1598 449 et
1626 407 1807 460 praedica
1835 406 1880 446 in
1909 418 1958 446 ea
1987 405 2328 458 praedicationem

1304 493 1434 534 quam
1452 492 1533 531 ego
1557 479 1709 532 loquor
1728 479 1780 519 ad
1798 480 1852 518 te.
1875 491 1894 514 ))
1930 476 2011 517 Sed
2031 477 2155 517 Jonas
2174 478 2327 529 przedi-

1304 553 1424 593 cahat
1457 550 1725 603 periculum;
1764 549 1842 588 iste
1879 559 1980 588 vero
2014 547 2262 599 divulgabat
2293 552 2332 589 et

1304 621 1558 674 praedicabat
1579 618 1833 659 beneficium
1856 631 1865 658 z
1888 617 1980 658 ideo
1997 616 2111 657 addit
2133 631 2141 657 ε
2168 618 2334 663 Quanta

1304 693 1372 734 ille·
1394 691 1562 742 fecisset
1593 691 1735 738 ,Ie-sus,
1764 691 1811 729 ut
1841 700 1940 730 vere
1969 688 2123 728 diceret
2142 687 2247 728 illud
2268 689 2296 712 ¹0
2320 701 2330 729 :

1311 763 1522 811 «Venite,
1555 760 1723 810 audite3
1752 761 1793 800 et
1821 760 2004 800 narrabo
2026 790 2039 809 ,
2075 771 2223 800 omnes
2258 759 2332 811 qui

1304 833 1461 874 timetis
1483 832 1634 880 Deum,
1663 832 1820 883 quanta
1850 830 1946 869 fecit
1977 829 2131 870 animae
2162 841 2284 870 meae.
2307 843 2326 867 n

1306 905 1369 945 Ad
1397 904 1476 944 hoc
1496 902 1646 943 invitat
1662 901 1853 953 Angelus
1871 899 2011 940 Tobiae
2032 901 2056 922 ¹¹
2082 914 2091 940 :
2114 915 2132 938 ε(
2156 900 2331 941 Benedi-

1306 976 1383 1016 cite
1398 975 1545 1023 Deum,
1562 975 1603 1023 et
1615 974 1784 1012 narrate
1801 971 1945 1011 omnia
1959 971 2169 1011 mirabilia
2185 973 2292 1023 eJus.
2308 984 2327 1008 >³

1305 1047 1392 1087 Hoc
1411 1046 1556 1086 autem
1575 1055 1662 1083 non
1693 1042 1810 1092 dicit,
1833 1042 1934 1095 quia
1960 1042 2006 1082 in
2026 1044 2169 1082 nostra
2190 1042 2244 1081 sit
2262 1053 2333 1093 po-

1304 1118 1451 1158 testate
1472 1115 1616 1156 omnia
1647 1115 1739 1167 ejus
1759 1117 1888 1166 opera
1916 1114 1958 1153 et
1987 1112 2189 1153 beneficia
2215 1123 2333 1151 enar—

1305 1200 1418 1238 rare,
1441 1199 1540 1228 cum
1561 1186 1722 1226 dicatur
1735 1186 1785 1225 ¹2:
1808 1200 1827 1223 ε(
1847 1184 1946 1234 Quis
1965 1183 2119 1224 sufficit
2137 1194 2335 1223 enarrare

1305 1270 1432 1311 opera
1463 1257 1606 1298 illius?
1634 1270 1652 1293 n
1679 1256 1751 1296 sed
1777 1255 1878 1308 quia
1908 1255 1989 1295 hoc
2019 1254 2142 1294 debet
2173 1264 2262 1293 esse
2292 1254 2336 1293 in

1305 1332 1450 1371 nostro
1474 1328 1676 1369 desiderio
1696 1330 1736 1368 et
1756 1327 1993 1377 voluntate,
2017 1327 2142 1378 Juxta
2160 1324 2265 1366 illud
2279 1325 2331 1364 1²³:

1312 1415 1331 1439 α
1362 1399 1600 1440 Confitebor
1627 1397 1703 1437 tibi
1726 1429 1740 1447 ,
1779 1396 1952 1437 Domine
1973 1427 1986 1446 ,
2018 1396 2063 1435 in
2093 1396 2180 1435 toto
2213 1395 2336 1435 corde

1306 1482 1400 1512 meo
1421 1469 1632 1511 :narrabo
1659 1468 1803 1509 omnia
1833 1466 2044 1508 mirabilia
2076 1469 2152 1507 tua
2172 1480 2182 1506 :
2205 1480 2224 1504 ι)
2249 1477 2337 1506 11011

1306 1542 1408 1596 quia
1438 1542 1590 1594 lingua
1619 1540 1799 1582 sufficiat
1831 1540 2069 1593 exprimere
2094 1551 2104 1589 ;
2137 1537 2208 1578 sed
2237 1538 2337 1589 quia

1305 1613 1519 1667 gratitudo
1555 1611 1692 1653 cordis
1723 1612 1774 1652 de
1809 1610 2006 1652 omnibus
2041 1609 2156 1662 cupit
2191 1608 2338 1650 laudes

1305 1684 1503 1726 exolvere
1521 1685 1562 1724 et
1579 1682 1823 1735 praedicare.

1357 1752 1422 1793 Ex
1453 1751 1665 1804 praedIctis
1685 1750 1859 1803 possunt
1886 1748 1979 1789 elici
2004 1749 2186 1801 quatuor
2210 1748 2337 1788 nota—

1304 1823 1405 1865 bilia
1434 1822 1667 1864 secundum
1685 1821 1868 1861 litteram
1895 1833 1905 1861 ε
1927 1820 2115 1873 primum
2141 1821 2204 1859 est
2222 1818 2337 1872 quod

1304 1894 1507 1936 Dominus
1525 1905 1599 1946 per
1612 1893 1717 1935 viles
1733 1894 1774 1932 et
1792 1891 1975 1932 humiles
1990 1901 2188 1943 personas
2201 1889 2337 1931 voluit

1305 1966 1396 2006 aliis
1415 1963 1640 2014 notificari,
1662 1963 1769 2004 sicut
1798 1974 1873 2015 per
1894 1962 2108 2015 porcarios
2139 1965 2179 2002 et
2210 1972 2333 2014 peco-

1304 2036 1456 2086 rarios;
1476 2035 1724 2084 secundum,
1739 2034 1852 2087 quod
1862 2045 1950 2074 non
1959 2044 2105 2074 omnes
2117 2033 2169 2073 ad
2180 2035 2337 2073 statum

1303 2106 1567 2161 perfectionis
1614 2108 1714 2146 sunt
1755 2104 2025 2154 admittendi,
2058 2103 2131 2143 sed
2167 2105 2335 2143 tantum

1303 2178 1363 2219 illi
1384 2179 1457 2232 qui
1485 2180 1583 2218 sunt
1603 2176 1741 2217 idonei
1759 2190 1768 2225 ;
1790 2174 1980 2224 tertium,
2003 2174 2115 2226 quod
2136 2186 2161 2213 a
2183 2174 2333 2226 praedi-

1304 2249 1466 2290 catione
1500 2247 1686 2288 nominis
1715 2247 1866 2288 Christi
1896 2258 1984 2287 non
2019 2248 2118 2286 sunt
2148 2244 2333 2294 arcendi,

1303 2331 1412 2372 quos
1449 2319 1639 2360 Christus
1678 2320 1795 2359 curat
1832 2330 1857 2357 a
1892 2318 2118 2359 vexatione
2159 2315 2332 2365 diaboli;

1303 2392 1518 2442 quartum,
1539 2389 1653 2442 quod
1673 2389 1724 2430 ad
1755 2388 1991 2441 gratiarum
2020 2387 2224 2428 actionem
2257 2398 2335 2439 pro

1302 2460 1517 2501 beneficiis
1548 2460 1726 2512 acceptis
1756 2460 1957 2500 debemus
1988 2470 2077 2499 esse
2106 2457 2334 2512 promptis-

1303 2531 1414 2581 simi,
1436 2530 1631 2583 exemplo
1658 2531 1789 2583 hujus
1818 2529 2081 2580 daemoniaci,
2103 2529 2177 2582 qui
2204 2528 2331 2570 bene-

1301 2601 1447 2650 ficium
1465 2601 1538 2642 Dei
1557 2601 1756 2642 omnibus
1775 2600 2059 2642 annuntiavit.

1355 2676 1423 2714 40.
1468 2672 1644 2715 Factum
1689 2676 1751 2714 est
1798 2675 1962 2722 autem,
2010 2681 2103 2713 cum
2140 2670 2336 2713 rediisset

1301 2744 1437 2795 Jesus,
1458 2745 1535 2784 etc.
1559 2743 1696 2797 Supra
1712 2743 1892 2784 ostendit
1910 2742 2025 2784 Evan
2032 2742 2182 2794 gelista
2200 2741 2334 2782 domi-

1301 2815 1423 2855 nium
1434 2816 1474 2855 et
1486 2815 1776 2855 auctoritatem
1789 2814 1940 2855 Christi
1953 2825 2082 2867 super
2095 2815 2332 2854 creaturam

1302 2885 1561 2938 corporalem
1579 2886 1626 2926 in
1642 2885 1855 2927 sedatione
1875 2884 2151 2938 tempestatis,
2172 2886 2212 2924 et
2231 2895 2331 2925 con-

1300 2957 1364 2996 tra
1392 2956 1654 3009 spiritualem
1673 2956 1718 2997 in
1747 2955 1993 3009 expulsione
2013 2954 2217 2996 daemonis
2226 2966 2239 3008 3
2262 2954 2331 2996 hic

1301 3026 1482 3067 ostendit
1497 3026 1639 3079 ipsum
1655 3026 1893 3068 dominium
1907 3026 2065 3068 habere
2080 3037 2207 3079 super
2219 3037 2330 3067 crea-

1298 3098 1441 3137 turam
1477 3097 1752 3151 compositam
1781 3109 1834 3138 ex
1864 3099 2046 3151 utraque
2075 3097 2121 3138 in
2154 3097 2328 3138 sanitate

1299 3166 1653 3218 haemorrhoissae,
1683 3169 1724 3207 et
1745 3167 2014 3209 suscitatione
2039 3166 2205 3220 puellae.
2238 3165 2328 3206 Ha-

1299 3237 1368 3278 bet
1392 3239 1534 3278 autem
1551 3237 1643 3279 haec
1661 3247 1758 3290 pars
1777 3237 1880 3279 duas
1898 3240 2052 3291 partes,
2074 3238 2119 3278 in
2142 3247 2326 3290 quarum
2363 3246 2485 3278 Divisio.

1299 3307 1451 3360 prima,
1474 3309 1707 3350 secundum
1731 3309 1844 3361 quod
1873 3309 2063 3358 humana
2094 3309 2246 3349 natura
2273 3318 2327 3348 ex

1301 3413 1323 3432 ¹²
1341 3413 1458 3450 Eccli..
1479 3423 1577 3455 M'lll,
1596 3417 1626 3446 2.
1645 3432 1684 3439 —
1703 3415 1731 3438 1³
1749 3415 1836 3448 Psal.
1857 3423 1905 3456 lx,
1924 3417 1955 3448 2.
1977 3413 2064 3454 -(α)
2084 3412 2138 3445 Al.
2160 3411 2324 3453 praecipit.

1303 3477 1338 3481 —
1361 3459 1407 3501 (b)
1423 3461 1501 3492 Item
1517 3463 1650 3494 Tobias.
