2634 3853
986 156 1260 200 EXPOSITIO
1288 158 1341 200 IN
1370 159 1484 200 CAP.
1516 159 1565 200 V.

219 250 303 289 tres
334 246 514 288 decimas
548 244 698 286 similae
732 256 976 299 conspersas
1012 245 1118 296 oleo,
1158 249 1235 287 etc.

218 318 315 359 Haec
339 317 482 355 autem
513 316 823 357 caeremonialia
852 318 994 365 erant3
1026 318 1066 356 et
1097 318 1239 356 tamen

215 385 348 428 voluit
369 384 560 426 Salvator
579 398 628 425 ea
644 387 807 438 offerri,
839 390 887 427 ut
911 386 1147 427 ostenderet
1179 386 1237 426 le-

215 467 315 506 gem
334 467 423 496 esse
439 455 612 506 bonam,
634 459 673 496 et
689 457 891 498 divinitus
908 457 1036 497 latam
1050 488 1062 506 ,
1094 458 1239 497 contra

213 525 540 566 Manichaeorum
573 527 793 579 perfidiam
822 528 832 548 1
862 539 873 567 ε
913 527 1038 568 «Lex
1067 528 1238 580 quidem

212 599 373 646 sancta,
409 599 449 636 et
481 597 730 637 mandatum
761 599 975 647 sanctum,
1001 599 1168 649 Justum
1198 601 1238 639 et

211 666 387 707 bonum.
408 681 426 704 »
461 666 512 707 Et
543 667 638 718 hoc,
678 667 778 719 quia
814 667 952 708 adhuc
991 669 1235 719 manebant,

211 749 310 777 cum
328 750 414 779 non
432 741 541 779 esset
562 738 718 779 veritas
732 738 930 780 revelata.
955 738 1071 779 Unde
1092 738 1236 779 Glossa

210 807 489 849 interlinearis
526 809 654 857 dicit,
695 809 808 861 quod
840 821 924 849 non
962 809 1115 849 debent
1156 822 1236 850 au-

210 878 310 919 ferri
338 879 482 931 signa,
511 879 593 919 nisi
623 879 741 931 prius
761 880 956 921 venerint
975 879 1146 931 signata
1164 882 1234 931 (a).

213 948 288 989 llla
315 952 456 990 autem
493 948 616 1001 signa
643 948 752 1000 legis
782 949 1004 990 sanitatem
1041 961 1127 990 non
1162 950 1237 990 da-

210 1019 331 1070 bant,
366 1019 438 1060 sed
469 1019 761 1069 ostendebant,
796 1023 836 1060 et
864 1020 1102 1060 testimonio
1136 1032 1237 1060 con-

210 1090 453 1130 firmabant.
485 1090 535 1130 Et
567 1090 658 1130 ideo
694 1090 838 1130 addit:
873 1091 925 1131 Ιη
949 1091 1236 1132 testimonium

212 1161 319 1212 illis,
351 1160 464 1213 quod
501 1162 636 1212 potest
674 1160 763 1211 legi
794 1160 1046 1213 dupliciter:
1080 1161 1237 1202 Offeres

209 1232 290 1272 illis
329 1232 374 1272 in
421 1231 738 1281 testimonium,
779 1232 934 1272 scilicet
980 1235 1066 1273 tuae
1111 1244 1233 1273 curan

208 1302 355 1352 tionis;
377 1301 444 1343 vel
463 1296 628 1351 offeres,
644 1304 697 1341 ut
715 1302 796 1343 hoc
815 1302 868 1341 sit
885 1302 968 1342 illis
991 1303 1032 1342 in
1052 1303 1236 1343 testimo-

207 1371 343 1421 nium,
360 1371 473 1423 quod
487 1373 533 1411 tu
549 1374 720 1411 curatus
734 1383 798 1421 es;
818 1373 859 1410 et
874 1374 922 1412 ut
937 1372 1014 1411 tibi
1027 1372 1136 1412 ultra
1149 1383 1236 1413 non

206 1441 367 1494 possint
385 1452 556 1491 nocere,
580 1453 677 1481 cum
698 1453 722 1481 a
741 1444 781 1481 te
799 1442 1034 1493 acceperint
1056 1455 1235 1483 munera

206 1511 514 1553 testimonialia.
537 1511 588 1552 Et
605 1514 705 1552 nota
725 1512 840 1564 quod
859 1512 959 1563 hoc,
982 1513 1096 1565 quod
1117 1513 1231 1564 dicit,

208 1581 255 1622 in
276 1582 569 1624 testimonium
589 1581 699 1631 illis,
727 1594 812 1622 non
841 1583 1020 1623 refertur
1049 1583 1101 1623 ad
1120 1596 1234 1636 prae-

207 1655 375 1705 ceptum
393 1651 548 1705 Moysi,
569 1653 640 1694 sed
671 1653 851 1694 Domini.
886 1654 1002 1695 Unde
1033 1654 1234 1708 Chrysos-

207 1725 347 1764 tomus
367 1727 381 1748 ²
404 1737 412 1763 :
442 1721 572 1763 «Non
592 1722 651 1762 sic
677 1723 908 1776 intelligas,
941 1725 1042 1776 quia
1069 1723 1234 1777 Moyses

206 1793 406 1846 praecepit
422 1794 470 1833 in
487 1793 779 1834 testimonium
805 1794 907 1844 illis,
939 1795 1009 1835 sed
1036 1798 1083 1835 tu
1109 1795 1230 1847 vade,

205 1866 248 1904 et
266 1863 372 1904 offer
395 1863 442 1904 in
461 1863 751 1904 testimonium
771 1864 852 1904 illis
876 1879 884 1905 ε
907 1867 955 1906 ut
982 1865 1136 1906 scilicet
1161 1878 1232 1906 as-

206 1936 392 1975 sumeret
410 1933 463 1974 ab
484 1934 544 1974 eis
565 1934 856 1975 testimonium
876 1935 988 1987 apud
1009 1935 1188 1988 plebem.
1208 1950 1227 1973 »

204 2004 311 2046 Nam
330 2003 438 2044 sicut
457 2003 610 2044 dicitur
628 2003 641 2025 ³
667 2018 676 2045 ε
704 2019 723 2042 «
744 2004 913 2057 Oportet
942 2007 1086 2045 autem
1112 2006 1232 2048 illum

204 2076 245 2114 et
263 2074 552 2114 testimonium
585 2074 738 2115 habere
770 2074 929 2114 bonum
964 2075 1017 2114 ab
1049 2075 1121 2125 iis,
1157 2076 1232 2128 qui

204 2144 303 2185 foris
322 2146 466 2185 sunt.»
490 2143 608 2184 Unde
628 2146 668 2184 et
687 2155 792 2196 opus
813 2143 964 2185 Christi
983 2145 1232 2188 mirabiliter

203 2215 379 2256 debebat
392 2213 631 2255 testimonio
646 2213 936 2255 insidiantium
947 2216 1229 2269 comprobari,

203 2286 255 2326 ad
273 2285 500 2339 perfectam
525 2284 817 2325 solidationem
836 2285 957 2336 fidei,
982 2288 1023 2326 et
1041 2287 1230 2339 eiusdem

203 2356 531 2397 roborationem.

258 2429 322 2467 15.
345 2425 665 2468 Perambulabat
685 2428 825 2468 autem
838 2426 967 2468 multo
982 2428 1133 2479 mayz's,
1149 2430 1227 2469 etc.

203 2496 432 2549 Postquam
451 2495 667 2548 descripsit
679 2494 953 2547 Evangelista
967 2497 1229 2538 curationem

202 2566 354 2614 morbi,
377 2567 418 2607 et
436 2565 716 2606 eruditionem
736 2567 885 2614 curati,
903 2567 972 2607 hic
990 2568 1112 2608 tertio
1133 2569 1230 2609 sub—

196 2636 344 2688 Jungit
364 2635 745 2676 manifestationem
770 2636 956 2677 nominis
985 2637 1160 2688 Christi,
1182 2641 1229 2680 ut

201 2718 255 2747 ex
290 2706 356 2747 his
392 2706 590 2747 omnibus
622 2706 815 2759 discipuli
844 2708 1150 2748 confirmentur
1182 2708 1228 2750 in

200 2777 282 2818 fide
319 2779 360 2818 et
399 2788 544 2818 amore
581 2777 747 2818 Christi.
794 2777 1051 2819 Describitur
1094 2778 1228 2831 igitur

200 2849 484 2901 magnificatio
503 2849 689 2890 nominis
709 2848 882 2899 Christi,
905 2851 951 2890 ut
976 2850 1158 2902 famosa,
1179 2855 1227 2892 ut

201 2921 434 2971 fructuosa,
456 2922 505 2961 ut
528 2920 728 2962 virtuosa.
753 2920 896 2962 Primo
915 2921 1049 2973 igitur
1069 2922 1227 2963 descri-

202 2990 314 3031 bitur
343 2991 412 3031 hic
441 2991 730 3043 magnificatio
755 2991 941 3032 nominis
970 2992 1143 3044 Christi,
1178 2996 1226 3035 ut

203 3061 378 3112 famosa,
399 3074 497 3103 cum
529 3062 683 3103 dicitur
704 3076 713 3104 :
737 3062 1064 3106 Perambulabat
1089 3068 1225 3106 autem

203 3133 340 3185 maqz‘s
355 3143 485 3176 sermo
504 3133 555 3176 de
575 3134 670 3184 illo,
697 3133 853 3174 scilicet
880 3133 1064 3184 Christo,
1086 3146 1225 3176 sermo

202 3201 340 3244 laudis
356 3215 444 3245 suae
462 3207 670 3258 quantum
689 3205 743 3246 ad
769 3204 989 3246 scientiam
1016 3208 1058 3246 et
1085 3205 1222 3248 virtu-

248 3286 562 3326 ¹Rom.‚V11‚¹l2.—
579 3288 590 3306 2
610 3288 797 3330 Cbrysost„
817 3289 851 3320 in
871 3289 1012 3329 Mattlz„
1031 3289 1126 3321 hom.
1143 3297 1223 3330 XXV,

204 3332 246 3364 al.
264 3341 360 3373 xxvi,
386 3342 422 3364 11.
438 3335 469 3364 3.
488 3350 530 3357 ·—
548 3334 559 3352 ³
580 3335 590 3365 Ι
613 3335 776 3376 Tz'm.,n1‚
797 3337 828 3367 7.
858 3354 898 3359 —
917 3336 930 3358 ὓ
953 3337 1043 3369 Psal.
1063 3344 1164 3375 xvni,
1188 3339 1222 3377 53

205 3380 308 3420 Rom„
331 3388 363 3419 x,
387 3381 437 3411 18.
457 3397 496 3402 -
513 3381 526 3402 ⁵
548 3381 556 3410 Ι
584 3381 704 3420 Maeli„
730 3390 782 3422 111,
805 3384 836 3414 4.
852 3401 890 3407 -—
914 3384 925 3402 ⁶
942 3384 1053 3419 Pron..
1079 3392 1150 3423 xix,
1172 3386 1222 3416 520.

205 3443 245 3449 —
264 3427 273 3446 7
292 3427 376 3464 Jac„
394 3427 490 3465 1,19.
507 3443 547 3449 -
565 3425 579 3448 ⁸
597 3428 675 3468 1sa.,
695 3436 779 3468 Lm,
797 3431 829 3460 4.
851 3447 886 3452 —
906 3430 920 3452 ⁹
939 3431 1058 3472 Ecclz'„
1076 3438 1222 3471 xxxviii,

387 3496 486 3526 TOM.
515 3496 559 3524 X.

2260 169 2335 211 337

1312 250 1387 288 tes.
1410 246 1494 289 Nec
1514 247 1695 299 mirum,
1719 248 1754 288 si
1774 249 1884 290 fama
1904 249 2095 302 Magistri
2120 254 2335 297 diffunde-

1311 318 1448 368 batur,
1465 330 1564 358 cum
1583 317 1633 358 de
1653 318 1867 371 discipulis
1887 321 1980 372 ejus
1999 321 2163 363 dicatur
2183 324 2196 345 ⁶
2221 340 2229 365 z
2259 327 2335 367 «ln

1312 400 1481 429 omnem
1501 392 1658 430 terram
1681 390 1814 432 exivit
1846 402 1975 431 sonus
2004 403 2176 443 eorum,
2199 410 2218 432 ›>
2256 399 2335 438 etc.

1312 458 1347 497 H
1354 461 1448 511 uJus
1461 460 1600 511 figura
1609 461 1820 512 praecessit
1834 462 1878 501 in
1890 461 1911 502 J
1919 462 2000 502 uda
2013 462 2269 516 Machabaeo,
2287 467 2337 508 de

1311 540 1396 580 quo
1410 530 1609 570 scribitur
1624 531 1637 552 ⁵
1656 532 1769 583 quod
1794 546 1812 569 α
1831 532 1979 572 similis
1999 534 2133 574 factus
2151 538 2213 575 est
2226 536 2338 577 leoni

1310 598 1355 638 in
1375 599 1572 650 operibus
1593 601 1722 641 suis.»
1743 601 1793 642 Et
1806 605 1896 655 post
1917 604 2111 645 subditur
2135 619 2143 645 :
2161 620 2180 644 «
2194 605 2245 646 Et
2261 619 2337 647 no-

1311 668 1498 709 minatus
1525 672 1587 710 est
1610 682 1746 723 usque
1772 672 1822 712 ad
1848 673 2131 715 novissimum
2152 678 2291 717 terrae.
2314 692 2333 715 ›)

1363 739 1520 781 Deinde
1540 742 1773 783 ostenditur
1793 745 1978 785 nominis
1999 745 2151 787 Christi
2168 751 2336 800 magni-

1310 810 1418 850 catio
1443 810 1676 863 fructuosa,
1701 825 1798 853 cum
1819 814 1988 855 additur
2009 829 2018 855 z
2042 817 2096 859 Ec
2116 821 2338 862 convenie-

1310 880 1410 923 bam·
1441 882 1572 923 turboe
1602 882 1744 925 mallee
1768 915 1780 934 ‚
1814 887 1862 926 ut
1895 886 2124 937 audirent,
2158 891 2199 928 et
2228 890 2337 941 hoc,

1309 951 1465 993 scilicet
1493 956 1663 1006 propter
1688 955 2009 997 instructionem
2041 960 2216 1010 mentis,
2240 961 2341 1013 quia

1310 1022 1518 1074 scriptum
1539 1026 1601 1064 est
1621 1024 1634 1045 ⁶
1655 1038 1662 1064 :
1693 1039 1712 1063 «
1730 1025 1837 1066 Audi
1856 1027 2094 1079 consilium,
2118 1032 2158 1069 et
2177 1031 2340 1084 suscipe

1309 1094 1572 1147 disciplinam
1589 1127 1602 1146 ,
1620 1100 1668 1137 ut
1697 1098 1754 1137 sis
1773 1099 1952 1151 sapiens.
1981 1115 1999 1137 »
2021 1100 2071 1141 Et
2092 1101 2112 1142 J
2117 1102 2273 1142 acobus
2289 1106 2302 1127 ⁷
2329 1117 2337 1143 :

1314 1179 1333 1202 α
1355 1164 1498 1216 Scitis,
1521 1167 1670 1208 fratres
1689 1168 1946 1209 dilectissimi
1971 1184 1979 1211 :
2003 1171 2057 1211 sit
2084 1175 2226 1213 autem
2246 1185 2338 1214 om-

1309 1234 1375 1274 nis
1394 1236 1521 1277 homo
1542 1238 1668 1279 velox
1695 1239 1748 1279 ad
1775 1240 2051 1282 audiendum.
2075 1256 2094 1280 ›)
2119 1242 2170 1283 Et
2187 1256 2338 1286 conve-

1309 1305 1483 1347 niebant
1502 1308 1629 1348 etiam
1649 1312 1820 1362 propter
1849 1312 2108 1353 curationem
2140 1325 2193 1354 ex
2222 1317 2340 1366 parte

1309 1377 1519 1427 corporiS,
1551 1380 1592 1417 et
1623 1378 1716 1419 ideo
1747 1380 1859 1420 addit
1888 1394 1896 1420 :
1925 1381 1981 1423 Et
2010 1387 2262 1426 curarentur
2290 1385 2341 1426 ab

1308 1446 1638 1496 infirmitatibus
1671 1450 1778 1491 suis.
1811 1449 1986 1503 Propter
2012 1454 2125 1504 quod
2144 1455 2342 1506 praedica·

1309 1517 1379 1557 bat
1399 1517 1541 1560 Isaias
1558 1522 1572 1544 ⁸
1597 1533 1606 1560 :
1636 1519 1780 1561 «Vere
1806 1521 2038 1573 languores
2068 1527 2234 1566 nostros
2253 1526 2342 1578 ipse

1309 1588 1431 1638 tulit,
1453 1592 1495 1630 et
1525 1589 1690 1632 dolores
1719 1595 1886 1634 nostros
1914 1594 2003 1647 ipse
2029 1598 2226 1648 portavit.
2250 1612 2270 1636 »
2292 1598 2343 1639 Et

1308 1659 1402 1700 ideo
1447 1664 1558 1701 recte
1594 1662 1801 1703 faciebant
1845 1666 2081 1706 secundum
2117 1668 2340 1710 consilium

1309 1730 1509 1782 sapientis
1528 1732 1541 1753 ⁹
1566 1746 1575 1773 ι
1611 1747 1632 1771 α
1661 1732 1772 1784 Fili,
1804 1734 1850 1774 in
1881 1737 1954 1775 tua
1981 1735 2225 1778 infirmitate
2253 1751 2341 1779 non

1308 1799 1513 1852 despicias
1540 1803 1580 1842 te
1617 1803 1785 1855 ipsum3
1808 1805 1880 1845 sed
1911 1817 1985 1846 ora
2019 1806 2272 1859 Dominum,
2299 1812 2341 1849 et

1307 1869 1397 1921 ipse
1429 1872 1593 1912 curabit
1621 1876 1676 1914 te.
1703 1888 1722 1912 ›>
1763 1874 1862 1916 Haec
1894 1888 2000 1928 ergo
2035 1881 2124 1919 erat
2159 1880 2340 1931 perfecta

1306 1940 1465 1981 utilitas
1493 1954 1547 1983 ex
1579 1946 1697 1995 parte
1727 1945 1882 1986 animae
1921 1950 1962 1987 et
2000 1949 2209 2000 corporis,
2243 1962 2339 2002 quae

1306 2011 1502 2052 veniebat
1522 2025 1575 2053 ex
1594 2014 1708 2055 fama
1727 2016 1911 2056 nominis
1925 2016 2091 2059 Christi.
2114 2019 2205 2071 Ipse
2225 2021 2339 2061 enim

1308 2080 1496 2122 Christus
1524 2086 1586 2124 est
1607 2085 1634 2110 ¹0
1661 2085 1772 2126 «Dei
1804 2086 1943 2128 virtus
1962 2119 1974 2138 ,
2005 2091 2046 2129 et
2073 2088 2145 2129 Dei
2173 2091 2337 2143 sapien-

1305 2150 1383 2201 tia;
1406 2166 1425 2189 ))
1449 2155 1488 2192 et
1507 2153 1600 2194 ideo
1617 2155 1690 2207 qui
1709 2156 1760 2197 ad
1780 2156 1923 2209 ipsum
1940 2160 2199 2201 conveniunt
2207 2192 2220 2212 ,.
2241 2161 2340 2203 illu-

1306 2220 1522 2263 minantur
1547 2236 1622 2276 per
1653 2226 1902 2278 sapientiam
1922 2259 1932 2278 ,
1960 2231 2001 2269 et
2028 2233 2232 2272 curantur
2263 2244 2339 2285 per

1305 2291 1522 2333 virtutem.
1544 2293 1595 2334 Et
1611 2295 1704 2336 ideo
1724 2296 1877 2338 dicitur
1897 2299 1942 2338 in
1960 2299 2127 2343 Psalmo
2148 2302 2174 2323 ¹¹
2199 2314 2240 2343 ια
2258 2303 2336 2344 Ac-

1306 2362 1438 2403 cedite
1451 2363 1503 2403 ad
1518 2376 1631 2415 eum,
1649 2368 1691 2406 et
1706 2366 2010 2409 illuminamini
2028 2382 2039 2410 :
2056 2373 2097 2411 et
2108 2372 2235 2413 facies
2249 2386 2338 2415 ves-

1305 2434 1382 2471 trae
1396 2444 1481 2473 non
1491 2434 1844 2477 confundentur.»
1859 2437 1911 2478 Et
1923 2438 2016 2480 ideo
2028 2440 2072 2480 in
2084 2441 2203 2484 Isaia
2216 2443 2267 2495 (b)
2282 2445 2308 2466 ¹²
2323 2459 2333 2486 ι

1311 2515 1330 2539 «
1349 2501 1449 2543 Dedi
1464 2505 1504 2544 te
1518 2503 1562 2543 in
1575 2504 1717 2545 lucem
1735 2507 1946 2560 gentium,
1964 2512 2012 2550 ut
2030 2510 2086 2551 sis
2104 2512 2218 2554 salus
2240 2526 2335 2556 mea

1303 2584 1438 2626 usque
1461 2573 1510 2614 ad
1533 2577 1774 2617 extremum
1790 2580 1929 2619 terrae.
1952 2594 1972 2617 υ

1356 2642 1574 2686 Postremo
1598 2647 1835 2688 ostenditur
1856 2649 2067 2703 virtuosa,
2104 2665 2202 2694 cum
2233 2656 2333 2696 sub-

1303 2713 1416 2755 ditur
1445 2714 1518 2767 (v.
1544 2717 1620 2767 16)
1646 2730 1654 2757 :
1678 2718 1774 2770 Ipse
1795 2722 1934 2762 autem
1961 2721 2173 2767 secedebat
2191 2726 2239 2767 z‘n
2259 2726 2333 2768 de-

1301 2788 1484 2835 sertum,
1503 2790 1543 2829 et
1565 2786 1742 2833 orabat:
1759 2789 1859 2841 quia
1879 2790 2116 2833 humanam
2149 2795 2332 2846 gloriam

1302 2856 1342 2894 et
1365 2854 1523 2897 famam
1547 2868 1633 2897 non
1665 2859 1911 2910 quaerebat,
1933 2862 2004 2902 sed
2025 2862 2242 2916 fugiebat,
2265 2879 2330 2908 se-

1301 2924 1489 2966 cundum
1508 2926 1613 2968 illud
1630 2928 1659 2952 ¹³
1683 2942 1692 2968 :
1721 2943 1741 2967 ε(
1761 2927 1813 2969 Et
1830 2929 2000 2972 dimissa
2019 2934 2157 2985 turba,
2180 2948 2331 2978 ascen-

1300 2993 1361 3034 dit
1379 2994 1426 3035 iu
1451 3000 1639 3038 montem
1670 2998 1782 3039 solus
1806 3011 1941 3041 orare.
1969 3015 1989 3039 »
2013 3001 2061 3043 In
2092 3016 2175 3056 quo
2207 3006 2332 3049 dabat

1300 3067 1422 3107 nobis
1443 3067 1623 3109 formam
1641 3069 1861 3111 recedendi
1877 3084 1900 3111 a
1917 3074 2093 3126 mundo,
2116 3079 2155 3116 et
2174 3089 2326 3130 appro-

1299 3137 1533 3190 pinquandi
1560 3140 1612 3181 ad
1638 3140 1771 3181 Deum
1795 3155 1803 3182 ι
1825 3145 1996 3195 propter
2023 3146 2136 3198 quod
2167 3148 2329 3189 dicebat

1299 3207 1524 3261 Apostolus
1551 3210 1608 3252 ¹⁶:
1643 3211 1725 3252 «Si
1745 3212 1884 3254 adhuc
1909 3213 2157 3259 hominibus
2184 3219 2327 3270 place-

1300 3321 1330 3351 9.
1353 3337 1393 3343 —
1419 3321 1443 3343 ¹⁰
1463 3323 1474 3353 Ι
1497 3322 1588 3359 Cor„
1609 3330 1634 3364 1,
1655 3325 1705 3357 24.
1725 3342 1766 3347 —
1789 3325 1813 3347 ¹¹
1838 3325 1918 3357 Psal
1938 3334 2063 3369 xxxm,
2087 3330 2118 3360 6.
2143 3347 2184 3353 —-
2203 3330 2228 3351 1²
2249 3332 2327 3373 Isa„

1299 3375 1401 3407 ηυξ,
1422 3371 1452 3401 6.
1471 3388 1506 3393 —
1531 3370 1558 3392 1³
1580 3371 1714 3412 Matth„
1734 3379 1804 3413 xiv,
1826 3374 1877 3405 23.
1893 3392 1928 3396 -
1951 3375 1978 3396 ¹⁴
1997 3375 2086 3417 Gal„
2108 3384 2133 3417 1,
2153 3379 2202 3411 10.

1343 3433 1386 3473 (α)
1411 3434 1489 3466 Coet.
1508 3435 1590 3467 edit.
1610 3435 1716 3476 signa.
1738 3452 1778 3459 -
1799 3436 1844 3478 (b)
1864 3439 1945 3469 Item
1964 3439 2074 3472 isaias.

2119 3504 2170 3541 22
