2634 3853
930 167 1203 211 EXPOSITIO
1233 169 1287 211 IN
1316 171 1429 213 CAP.
1459 172 1565 213 XllI.
2230 177 2305 215 597

192 262 254 303 mi
274 261 285 282 ¹
306 271 316 300 :
344 273 362 297 α
382 259 535 301 Omnes
557 257 704 309 gentes
719 288 730 308 ,
754 267 1042 310 quascumque
1062 256 1207 308 fecisti,

191 330 375 381 venient,
398 332 440 371 et
461 330 695 370 adorabunt
715 340 856 369 coram
872 331 926 379 te,
952 328 1124 368 Domine
1141 358 1150 378 ‚
1173 330 1213 368 et

193 401 493 453 glorificabunt
503 411 658 441 nomen
669 404 808 439 tuum.
822 412 840 435 ›>
848 398 899 439 Et
908 398 951 438 in
965 399 1085 440 [saia
1099 399 1150 449 (a)
1169 399 1183 420 2
1200 411 1209 438 :

196 487 216 511 «
231 470 296 511 Ab
323 469 489 511 Oriente
521 469 724 510 adducam
759 480 903 509 semeu
932 470 1080 519 tuum,
1102 468 1213 508 etab

192 541 410 582 Occidente
435 540 709 591 congregabo
727 541 790 589 te3
815 539 949 580 dicam
980 540 1178 592 Aquiloni
1201 553 1210 579 :

189 611 271 661 Da3
295 613 336 652 et
365 611 518 652 Austro
544 623 553 650 :
585 609 679 650 Noli
708 609 946 662 prohibere.
972 624 991 647 ))
1023 609 1117 650 Ideo
1149 610 1212 650 di-

190 684 344 723 cuntur
357 681 413 722 vde
431 683 518 722 tam
549 679 799 720 distantibus
832 679 1022 731 partibus
1056 691 1213 720 convo-

191 752 276 792 cari
294 753 463 804 propter
484 751 768 791 diversitatem
787 762 958 790 morum
975 782 984 800 ‚
1015 763 1040 790 a
1061 750 1214 802 quibus

191 822 398 862 vocantur
416 819 469 860 ad
491 819 697 860 unitatem
729 818 945 858 charitatis
976 821 1017 858 et
1047 818 1215 859 felicita-

190 890 259 930 tis.
281 889 454 941 Propter
489 889 601 941 quod
631 888 798 929 subdit:
826 889 879 930 Et
900 888 1137 931 accumbent
1167 890 1215 930 in

191 970 314 1013 reqno
337 960 425 1001 Dei.
453 959 466 981 ³
489 974 509 996 α
538 959 677 999 Faciet
720 958 921 999 Dominus
953 960 1216 1000 exercituum

191 1029 389 1071 omnibus
412 1028 577 1082 populis
604 1029 648 1068 in
682 1031 826 1069 monte
856 1030 937 1069 hoe
971 1030 1216 1071 convivium

191 1100 436 1153 pinguium,
455 1099 702 1140 convivium
718 1098 965 1149 vindemiae,
986 1100 1217 1151 pinguium

191 1171 518 1212 medullatorum
534 1201 545 1220 ,
586 1171 811 1212 vindemiae
857 1172 1065 1213 defecatae.
1110 1186 1128 1209 >³
1169 1172 1219 1212 Et

191 1241 294 1294 quia
310 1241 390 1282 hoc
416 1241 497 1291 erit,
526 1241 578 1280 ad
610 1240 901 1281 confusionem
924 1241 1218 1293 improborum

192 1314 233 1352 et
252 1312 303 1352 ad
322 1311 504 1363 gloriam
524 1311 767 1361 electorum,
781 1311 874 1351 idco
889 1312 1030 1351 subdit
1046 1315 1100 1363 (v.
1124 1313 1185 1365 30)
1208 1327 1216 1353 ε

192 1381 245 1424 Et
263 1392 349 1423 ecce
370 1387 472 1423 sunt
489 1381 728 1430 novissimi,
753 1382 829 1432 qm·
853 1385 971 1423 eram
988 1383 1150 1433 primz‘;
1180 1387 1218 1425 et

191 1456 293 1496 sunt
307 1453 458 1506 primi,
480 1453 556 1504 qui
577 1453 697 1492 erant
715 1452 957 1493 novissimi.
973 1438 1103 1491 Primi
1119 1455 1218 1493 sunt

191 1523 412 1564 novissimi
431 1524 600 1575 propter
630 1521 895 1574 superbiam,
931 1525 970 1561 et
999 1522 1221 1562 novissimi

191 1593 319 1647 primi
349 1595 520 1645 propter
546 1591 857 1640 humilitatem,
892 1591 994 1643 quia
1022 1591 1171 1631 dicitur
1190 1594 1218 1631 1.

197 1680 217 1703 «
238 1663 382 1706 Omnis
399 1663 476 1716 qui
495 1674 539 1702 se
560 1662 731 1711 exaltat,
747 1661 1061 1711 humiliabitur;
1085 1664 1125 1701 et
1145 1662 1219 1713 qui

193 1746 237 1775 se
261 1733 471 1783 humiliat,
493 1732 759 1773 exaltabitur.
784 1745 803 1769 ›>
826 1731 961 1779 Quare
981 1732 1089 1771 hoc?
1112 1732 1218 1781 Quia

192 1808 237 1847 in
255 1805 420 1846 Psalmo
449 1804 600 1845 dicitur
635 1805 648 1826 r,
679 1818 686 1843 :
718 1818 736 1841 (ι
764 1803 963 1844 Excelsus
1001 1803 1216 1852 Dominus,

192 1880 233 1918 et
250 1876 430 1917 humilia
448 1875 636 1926 respicit,
672 1876 712 1914 et
746 1874 828 1914 alta
848 1886 871 1913 a
889 1873 1020 1924 longe
1042 1885 1221 1925 cognos-

192 1948 260 1989 c'rt.
279 1961 298 1985 »
323 1945 577 1998 Exemplum
603 1945 734 1996 hujUs
767 1944 953 1984 maxime
985 1947 1157 1996 apparet
1177 1946 1221 1984 in

191 2017 348 2071 duplici
368 2016 538 2070 populo,
561 2015 716 2055 scilicet
733 2014 753 2055 J
758 2015 977 2055 udaeorum
993 2046 1002 2064 ,
1025 2015 1097 2066 qui
1123 2018 1222 2055 sunt

192 2087 334 2137 electi3
378 2086 435 2128 ad
468 2087 676 2127 Romanos
714 2084 727 2106 ⁶
770 2098 778 2124 :
811 2083 956 2123 «Nolo
996 2083 1108 2123 enim
1144 2095 1220 2125 vos

192 2157 407 2210 ignorare,
428 2157 598 2203 fratres,
633 2153 882 2206 mysterium
916 2154 1020 2203 boc,
1058 2155 1105 2192 ut
1134 2165 1221 2193 non

193 2228 282 2269 sitis
308 2227 428 2269 vobis
457 2226 557 2278 ipsis
589 2225 822 2278 sapientes,
856 2225 955 2276 quia
987 2224 1149 2264 caecitas
1168 2236 1221 2263 ex

163 2336 165 2339 .
195 2300 313 2352 parte
347 2296 527 2347 contigit
563 2295 606 2335 in
645 2294 793 2343 Israel,
835 2294 966 2334 donec
1004 2293 1221 2345 plenitudo

197 2367 392 2421 gentium
409 2367 598 2415 intraret,
617 2367 658 2406 et
679 2365 737 2404 sic
756 2363 893 2404 omnis
922 2363 1048 2403 Israel
1081 2363 1221 2404 salvus

197 2439 331 2479 fieret.
356 2451 376 2475 n
392 2435 647 2488 Exemplum
666 2434 793 2475 etiam
813 2433 943 2485 hujus
975 2435 1147 2485 apparet
1178 2433 1223 2473 in

198 2507 305 2549 Juda
323 2506 397 2560 qui
416 2506 494 2547 fuit
515 2505 762 2558 Apostolus,
783 2506 824 2543 et
842 2503 1066 2543 damnatus
1083 2518 1092 2553 ;
1116 2505 1157 2543 et
1177 2503 1222 2543 in

198 2579 374 2626 latrone,
397 2575 471 2629 qui
498 2575 576 2616 fuit
600 2575 800 2616 salvatus.
837 2572 888 2612 Et
914 2572 1108 2625 exemplo
1138 2574 1222 2613 hu-

194 2651 268 2703 jUs
285 2658 431 2689 omnes
450 2646 687 2687 excitantur
716 2645 768 2684 ad
790 2643 986 2684 timorem
1008 2643 1219 2693 divinum,

201 2719 434 2760 secundum
455 2717 559 2757 illud
577 2717 591 2740 ⁷
617 2731 626 2757 :
655 2731 674 2753 (‹
691 2715 770 2764 Qui
797 2726 841 2754 se
861 2714 1075 2755 existimat
1094 2716 1218 2764 stare,

60 2809 183 2836 eonem.
200 2790 340 2832 videat
363 2800 417 2828 ne
443 2787 611 2828 cadat.»
642 2785 706 2826 Ex
735 2785 813 2824 hac
845 2796 949 2836 ergo
986 2784 1220 2839 consideras

45 2849 98 2877 sio.

199 2861 314 2902 tione
336 2859 469 2900 futuri
493 2857 644 2911 judicii
675 2855 917 2896 inducimur
948 2855 1000 2895 ad
1027 2855 1221 2896 insisten-

201 2932 304 2973 dum
334 2929 532 2971 continue
566 2926 764 2980 operibus
791 2925 912 2965 bonis
943 2928 1111 2978 propter
1141 2926 1221 2965 tri-

202 3001 352 3054 plicem
379 2999 587 3040 rationem
618 2996 896 3050 praemissam.
934 2995 1088 3045 Primo,
1125 2995 1224 3048 quia

202 3070 369 3112 difficile
395 3071 456 3109 est
481 3069 527 3108 in
553 3069 777 3119 conspectu
803 3065 970 3106 Domini
985 3066 1221 3117 justificari,

202 3144 373 3193 propter
394 3138 681 3179 difficultatem
710 3137 754 3176 in
773 3135 938 3176 merito.
961 3135 1078 3176 Unde
1104 3136 1225 3178 Psal-

203 3213 324 3252 musf3
347 3223 357 3249 ε
382 3223 402 3248 α
419 3207 513 3249 Non
530 3208 661 3249 intres
686 3207 729 3247 in
746 3206 953 3259 judicium
985 3218 1082 3246 cum
1102 3218 1223 3248 servo

247 3293 258 3314 1
282 3291 375 3323 Psal.
402 3297 528 3330 Lxxxv,
552 3292 582 3321 9.
612 3307 653 3312 —
683 3290 696 3311 2
724 3290 802 3327 Isca„
830 3296 938 3328 xmu,
964 3289 994 3319 5.
1022 3305 1062 3311 —
1088 3288 1101 3309 3
1126 3289 1225 3329 ibid„

205 3346 286 3377 xxV,
307 3339 338 3369 6.
361 3354 402 3361 -
421 3337 434 3359 ¹·
452 3335 529 3376 lnf.,
548 3343 654 3376 xvm,
675 3338 725 3368 14.
749 3352 788 3359 —
810 3337 821 3354 ⁵
843 3334 934 3367 Psal.
955 3341 1114 3373 cxxxvn,
1135 3337 1164 3366 6.
1185 3353 1224 3359 —

209 3386 220 3404 ⁰
238 3386 342 3418 Rom..
367 3391 424 3424 xl,
450 3384 508 3422 25,
539 3384 591 3414 26.
613 3399 649 3405 ——
680 3383 689 3401 ⁷
719 3384 729 3413 1
757 3382 848 3422 Cor„
872 3390 912 3422 x,
940 3383 990 3412 12.
1021 3398 1062 3403 —
1089 3381 1103 3402 ⁸
1133 3383 1223 3414 Psal.

209 3437 316 3470 chn,
335 3431 366 3462 2.
383 3445 423 3453 -
440 3429 454 3451 ⁹
471 3429 482 3459 1
505 3429 606 3467 Petr„
627 3436 674 3468 iv,
695 3430 745 3460 18.
765 3444 805 3451 —-
822 3429 845 3447 ¹·
861 3428 970 3466 Prov„
992 3434 1114 3468 xxviii,
1139 3430 1170 3461 9.
1187 3447 1226 3453 —

1287 260 1376 309 tuo,
1399 260 1498 312 quia
1513 272 1599 301 non
1613 261 1914 313 Justificabitur
1930 262 1975 302 in
1994 264 2215 315 conspectu
2234 264 2308 303 tuo

1290 330 1428 370 omnis
1447 331 1608 372 vivens.
1635 344 1654 368 n
1679 331 1729 371 Et
1748 331 1895 372 Petrus
1915 332 1929 353 ⁹
1951 344 1961 371 :
1989 332 2060 372 «Si
2077 335 2216 385 justus
2235 333 2309 375 vix

1290 399 1545 450 salvabitur,
1576 400 1735 453 impius
1774 403 1813 441 et
1854 404 2045 454 peccator
2075 402 2150 442 ubi
2186 415 2307 454 pare-

1290 469 1427 509 bunt?
1446 484 1464 507 »
1497 470 1714 521 Secundo,
1735 471 1834 523 quia
1861 472 2119 525 impossibile
2145 474 2207 512 est
2236 485 2308 513 ex-

1291 542 1450 591 cusari,
1484 545 1654 595 propter
1682 543 1942 595 rigiditatem
1976 545 2021 584 in
2053 544 2210 596 judicio
2241 546 2268 569 ¹⁰
2298 559 2307 584 :

1298 627 1316 650 <‹
1337 612 1414 660 Qui
1442 613 1620 652 declinat
1647 625 1771 653 aures
1796 626 1893 654 suas
1921 627 1974 655 ne
1993 614 2135 654 audiat
2153 614 2311 665 legem,

1291 682 1424 722 oratio
1444 684 1478 734 ej
1486 695 1534 723 us
1553 683 1632 723 erit
1651 684 1942 724 execrabilis.»
1960 685 2009 724 Et
2021 685 2094 727 Job
2112 685 2139 706 11
2163 699 2203 724 :«
2222 683 2315 724 Non

1291 764 1462 804 parcam
1492 753 1530 792 ei
1566 754 1706 794 verbis
1738 755 2000 806 potentibus,
2033 757 2074 795 et
2091 755 2144 795 ad
2163 755 2315 806 depre-

1293 822 1473 862 candum
1494 823 1747 875 compositis.
1778 838 1797 862 1>
1819 824 1983 875 Tertio,
2018 825 2117 876 quia
2150 836 2316 865 necesse

1293 891 1420 931 habet
1466 892 1682 944 tribulari,
1722 896 1892 946 propter
1942 894 2223 934 calamitatem
2272 894 2317 933 in

1294 962 1497 1014 supplicio
1518 963 1547 987 ¹²
1570 976 1578 1002 :
1597 977 1615 1000 (ι
1638 963 1717 1011 Qui
1733 975 1818 1004 non
1836 964 2036 1005 inventus
2063 966 2125 1003 est
2143 963 2187 1002 in
2207 963 2317 1003 libro

1294 1032 1392 1073 vitae
1414 1032 1604 1084 scriptus,
1626 1033 1779 1073 missus
1798 1035 1859 1073 est
1878 1034 1923 1073 in
1943 1035 2144 1084 stagnum
2158 1033 2311 1083 ignis.»

1295 1102 1346 1143 Et
1359 1103 1402 1142 in
1417 1102 1610 1144 Macchaeo
1630 1103 1783 1144 dicitur
1807 1104 1855 1155 (b)
1872 1104 1921 1144 de
1938 1116 2002 1154 eo,
2016 1103 2185 1155 quinon
2195 1103 2315 1143 habe-

1295 1173 1366 1213 bat
1387 1176 1547 1214 vestem
1567 1173 1800 1225 nuptialem
1820 1174 1848 1196 ¹³
1870 1189 1878 1215 :
1905 1189 1923 1211 α
1943 1173 2102 1225 Ligatis
2121 1173 2319 1213 manibus

1296 1247 1336 1284 et
1356 1244 1531 1296 pedibus
1551 1245 1658 1295 ejus,
1680 1244 1832 1284 mittite
1852 1244 2010 1284 eumin
2030 1244 2223 1284 tenebras
2242 1256 2315 1284 ex-

1296 1314 1471 1354 teriores
1493 1326 1503 1354 :
1526 1314 1582 1353 ibi
1604 1314 1681 1353 erit
1706 1314 1828 1353 fletus
1845 1316 1885 1353 et
1905 1313 2054 1353 stridor
2071 1314 2276 1353 dentium.
2293 1327 2312 1350 ι)

1296 1384 1347 1424 Et
1366 1386 1586 1436 propterea
1614 1384 1776 1424 bonum
1806 1386 1869 1423 est
1896 1383 2120 1424 consilium
2146 1383 2320 1435 Sapien-

1297 1456 1349 1494 tis
1374 1454 1401 1476 11
1432 1466 1442 1493 :
1481 1468 1499 1491 (ι
1520 1453 1820 1505 Quodcumque
1842 1455 1976 1494 facere
2006 1455 2141 1506 potest
2166 1465 2319 1493 manus

1297 1526 1383 1574 tua,
1403 1524 1607 1563 instanter
1633 1535 1828 1575 operare3
1852 1525 1952 1575 quia
1979 1536 2056 1564 nec
2082 1535 2208 1575 opuS‚
2243 1535 2320 1563 nec

1297 1595 1418 1644 ratio⁷
1442 1606 1518 1634 nec
1538 1594 1762 1646 sapientia,
1781 1606 1858 1634 nec
1878 1594 2049 1635 scientia
2068 1596 2191 1634 erunt
2210 1593 2320 1646 apud

1297 1665 1465 1714 inferos,
1488 1676 1570 1716 quo
1588 1667 1635 1704 tu
1652 1675 1865 1716 properas.
1887 1678 1906 1701 ›)

1352 1738 1417 1774 31.
1439 1735 1490 1774 In
1511 1735 1605 1785 ipsa
1623 1738 1765 1776 autem
1784 1733 1870 1784 die,
1891 1735 1969 1774 etc.
1992 1733 2221 1785 Postquam
2242 1745 2316 1773 ex-

1298 1805 1440 1846 citavit
1462 1805 1514 1845 ad
1533 1805 1771 1844 faciendum
1790 1805 2047 1844 incessanter
2066 1816 2192 1856 opera
2210 1804 2322 1844 bona

1298 1879 1467 1929 propter
1504 1876 1769 1915 severitatem
1813 1874 2083 1914 districtionis
2127 1873 2172 1913 in
2203 1873 2321 1925 judi-

1298 1947 1443 1997 cando,
1462 1946 1531 1986 hic
1551 1946 1733 1986 secundo
1765 1945 1918 2003 excitat
1955 1944 2008 1984 ad
2037 1944 2150 1984 idem
2180 1943 2321 1995 ipsum

1297 2021 1468 2070 propter
1500 2017 1801 2057 sublimitatem
1830 2014 2113 2068 dispositionis
2138 2013 2183 2053 in
2210 2013 2322 2053 redi-

1298 2089 1467 2128 mendo.
1489 2088 1622 2127 Habet
1638 2089 1778 2127 autem
1808 2098 1904 2138 pars
1936 2086 2016 2125 ista
2035 2085 2174 2136 partes
2200 2083 2320 2133 duas,

1297 2158 1343 2198 in
1363 2170 1545 2211 quarum
1564 2158 1702 2210 prima
1719 2155 1972 2209 exprimitur
1984 2153 2219 2194 sublimitas
2238 2152 2320 2192 dis-

1298 2226 1513 2277 positionis
1550 2226 1705 2266 divinae
1736 2225 1781 2264 in
1820 2222 2106 2274 redemptione
2146 2220 2323 2260 humani

1300 2295 1491 2347 generis3
1516 2296 1558 2334 in
1585 2294 1768 2334 secunda
1793 2305 1915 2342 vero,
1949 2292 1992 2330 in
2029 2289 2323 2342 reprobatione

1298 2366 1430 2418 plebis
1466 2365 1654 2414 rebelliS,
1677 2365 1735 2405 ibi
1766 2365 1794 2389 ¹⁵
1824 2379 1833 2403 :
1866 2361 2115 2411 Jerusalem,
2149 2359 2319 2401 Jerusa-

1299 2436 1393 2486 lem,
1419 2438 1496 2476 etc.
1528 2434 1773 2475 Sublimitas
1799 2435 1940 2474 autem
1968 2431 2124 2472 divinae
2145 2429 2322 2482 disposi-

1298 2507 1422 2547 tionis
1458 2507 1501 2546 in
1541 2505 1786 2546 redimendo
1827 2503 2058 2544 ostenditur
2090 2500 2318 2553 tripliciter,

1298 2578 1451 2618 scilicet
1471 2576 1571 2629 quia
1594 2575 1730 2628 passio
1750 2573 1900 2615 Christi
1928 2574 2024 2612 ante
2049 2573 2215 2622 tempus
2241 2569 2323 2609 fuit

1299 2649 1454 2688 frustra
1480 2647 1712 2694 intentata,
1732 2644 1777 2683 in
1806 2648 1995 2694 tempore
2029 2640 2168 2680 debito
2199 2639 2278 2679 fuit
2297 2651 2321 2678 a

1301 2718 1464 2758 Christo
1482 2714 1720 2758 voluntarie
1739 2713 1951 2764 suscepta,
1974 2711 2026 2751 ab
2045 2712 2201 2750 aeterno
2220 2720 2320 2750 vero

1298 2789 1376 2828 fuit
1394 2786 1664 2827 infallibiliter
1679 2784 1974 2837 praeordinata.

1352 2859 1494 2900 Primo
1514 2858 1646 2910 igitur
1672 2856 1913 2896 insinuatur
1938 2852 2077 2906 passio
2101 2849 2250 2891 Christi
2268 2848 2320 2889 ab

1299 2930 1472 2970 homine
1491 2930 1586 2968 ante
1599 2930 1766 2979 tempus
1784 2926 1942 2966 frustra
1962 2923 2166 2962 intentata
2178 2951 2188 2970 ,
2223 2930 2321 2959 cum

1299 3001 1453 3041 dicitur
1486 3009 1496 3038 ε
1524 2999 1575 3039 In
1611 2998 1708 3049 ipsa
1745 2996 1815 3038 (lie
1851 2996 2112 3036 accesserunt
2144 2989 2321 3043 quidam

1300 3072 1608 3114 Pharisaeorum
1636 3069 1822 3111 dicentes
1856 3067 1925 3109 illi
1960 3066 2106 3114 :Eoei‚
2142 3066 2180 3104 et
2213 3060 2320 3103 vade

1302 3141 1417 3190 hinc,
1439 3142 1543 3192 quia
1566 3138 1745 3181 Herodes
1763 3138 1853 3180 vult
1872 3141 1911 3180 te
1932 3134 2127 3178 occidere.
2148 3131 2225 3172 Hic
2244 3130 2321 3170 He-

1300 3212 1422 3252 rodes
1448 3214 1537 3252 erat
1555 3211 1668 3251 [ilius
1688 3210 1827 3259 illius,
1860 3209 1934 3261 qui
1961 3206 2107 3247 volens
2134 3202 2318 3242 infantu-

1303 3333 1327 3354 11
1348 3331 1434 3372 Job.,
1456 3339 1526 3372 xm,
1547 3334 1579 3363 3.
1596 3348 1631 3354 -
1654 3331 1680 3352 ¹²
1698 3331 1808 3372 Apoe„
1829 3336 1889 3369 XX,
1911 3329 1961 3359 15.
1975 3341 2015 3349 —·
2035 3324 2060 3346 ¹³
2079 3322 2213 3359 Mami„
2232 3327 2321 3360 xxu,

1304 3380 1354 3410 13.
1376 3396 1410 3401 -—
1433 3378 1461 3399 ¹⁸
1478 3378 1599 3419 Eccle.,
1621 3379 1740 3418 1x‚10.
1763 3395 1798 3399 —
1822 3374 1941 3413 ¹51nf„
1963 3374 2012 3404 34.

1305 3464 1309 3466 .
1348 3433 1395 3475 (α)
1416 3435 1495 3466 Coet.
1512 3434 1589 3465 edit.
1612 3433 1725 3465 lsaias.
1747 3449 1784 3455 -—-
1805 3431 1845 3472 (b)
1866 3428 2041 3462 Matthaeus
2060 3424 2150 3458 dicit,
