2587 3845
284 208 336 247 98

284 292 449 333 artifex.
473 290 552 332 Sed
571 289 734 330 idolum
761 298 858 328 cum
889 285 940 325 sit
969 295 1035 324 res
1055 281 1307 330 inanimata,

139 373 267 421 ¹nubali—
285 376 370 417 quo
390 362 515 403 modo
539 358 831 401 maledicitur?
849 355 948 408 quia
964 355 1042 393 ista
1059 351 1310 401 maledictio,

123 418 176 444 ω’
287 437 360 475 aut
389 432 639 483 intelligitur
664 429 826 469 ratione
852 424 1010 476 culpae,
1039 434 1135 475 qua}
1156 423 1200 461 in
1221 422 1310 462 ido-

285 505 375 544 lum
396 515 481 543 non
509 501 637 549 cadit,
670 501 742 538 aut
764 497 922 536 ratione
943 505 1078 546 poenae
1092 525 1101 543 ,
1127 504 1223 545 quae
1244 504 1310 531 ra-

286 574 399 614 tione
432 571 567 623 culpae
594 568 731 619 inssigi
751 566 892 606 habet.
922 563 1173 613 Dicendum,
1203 561 1317 613 quod

146 657 268 685 solutio.
288 644 332 683 in
347 642 455 683 idolo
472 644 532 682 est
546 639 811 680 considerare
825 636 923 684 duo,
945 633 1100 673 scilicet
1119 632 1317 685 spiritum

288 713 608 767 praesidentem,
640 711 679 749 et
700 709 894 760 figuram
920 704 1043 756 ligni.
1076 704 1165 756 Ipse
1195 703 1319 742 mali—

290 796 402 836 gnus
439 781 611 834 spiritus
642 778 890 819 maledictus
929 779 990 816 est
1028 774 1319 815 maledictione

290 865 428 907 pcenae
459 855 499 893 et
527 851 685 904 culpae3
714 849 784 889 sed
813 848 1004 899 lignum,
1032 844 1321 885 maledictione

291 924 576 966 detestationis
610 925 650 963 et
685 920 895 970 infamiae,
940 918 1060 971 quasi
1100 916 1321 969 cujusdam

292 1008 445 1049 poenae,
461 1007 546 1036 non
567 994 665 1046 quia
681 994 733 1033 sit
751 992 989 1043 subjectum
1004 988 1139 1040 culpae
1159 987 1323 1027 ratione

292 1069 414 1119 cujus
437 1066 562 1106 habet
582 1063 717 1114 infligi
739 1074 884 1114 poena,
909 1060 979 1100 sed
1000 1060 1101 1111 quia
1121 1057 1320 1107 materia,

292 1137 359 1178 vel
385 1136 547 1176 occasio
573 1134 724 1186 culpae.
747 1132 862 1172 Unde
891 1131 1059 1171 Glossa:
1090 1144 1108 1166 α
1128 1128 1325 1168 Diabolus

293 1207 406 1247 enim
427 1206 643 1258 punietur,
671 1203 772 1256 quia
798 1202 877 1242 sibi
898 1202 1106 1241 honorem
1127 1198 1323 1239 divinum

294 1279 489 1330 usurpat3
513 1279 552 1316 et
570 1276 723 1324 homo,
756 1274 831 1326 qui
850 1284 927 1325 pro
948 1271 1140 1312 Creatore
1159 1271 1323 1309 creatu-

295 1359 389 1388 ram
413 1347 607 1387 honorat.
634 1361 652 1383 »
682 1345 792 1391 Quia
823 1343 892 1385 ille
924 1341 1099 1395 quidem
1132 1342 1328 1392 operatus

297 1422 373 1468 est,
396 1417 552 1457 scilicet
572 1415 748 1456 idolum.
772 1414 889 1454 Unde
909 1412 1061 1453 merito
1083 1410 1329 1450 maledictus

298 1493 359 1532 est
385 1495 395 1516 ¹
414 1503 424 1530 ε
445 1505 463 1528 (ι
486 1489 590 1531 Ecce
611 1500 758 1529 omnes
783 1486 1005 1540 participes
1038 1485 1129 1536 ejus
1150 1482 1331 1523 confun-

300 1561 469 1602 dentur.
490 1574 508 1597 »
535 1559 646 1601 Illud
671 1563 831 1607 autem,
860 1556 1016 1595 scilicet
1034 1554 1217 1603 idolum,
1239 1563 1333 1593 cum

173 1646 254 1672 neus
303 1636 405 1674 esset
434 1630 611 1683 fraqile,
636 1630 738 1681 quia
757 1629 808 1668 de
827 1626 968 1678 fragili
991 1624 1190 1674 materia,
1219 1624 1334 1664 Deus

160 1694 271 1762 2222*ss
303 1703 625 1755 cogynominatus
639 1703 711 1749 esi,
732 1699 884 1739 scilicet
901 1697 989 1737 sola
1005 1694 1333 1746 nuncupatione,

142 1768 279 1837 xlmam
304 1787 391 1816 non
410 1773 471 1814 rei
491 1772 668 1814 veritate
685 1785 693 1811 :
717 1771 887 1822 propter
908 1767 1021 1820 quod
1041 1765 1190 1807 merito
1212 1763 1338 1805 male-

305 1846 473 1887 dicitur.

360 1920 401 1957 9.
426 1914 633 1956 Similiter
655 1916 814 1962 autem,
837 1914 914 1951 etc.
935 1924 944 1949 :
979 1909 1053 1949 hic
1069 1906 1210 1959 tangit
1238 1917 1337 1946 cau-

310 2000 401 2029 sam
412 1984 694 2027 detestationis
706 1983 916 2024 idolorum
931 1982 1145 2032 sumptam
1158 1990 1212 2018 ex
1224 1979 1342 2030 parte

311 2059 483 2100 offensae
511 2056 716 2097 Creatoris
738 2066 747 2094 :
783 2056 823 2093 et
850 2052 988 2104 primo
1008 2049 1146 2100 tangit
1169 2048 1344 2099 signum

312 2128 506 2178 offensae,
536 2127 692 2167 scilicet
718 2124 838 2173 idoli,
867 2125 905 2162 et
928 2119 1235 2162 idololatrantis
1254 2130 1344 2170 poe-

313 2212 438 2249 nam3
479 2197 684 2247 secundo,
727 2206 865 2248 poenae
901 2190 1310 2233 irremissibilitatem
1334 2201 1343 2228 ε

315 2272 489 2323 Propter
517 2271 613 2318 hoc,
655 2271 731 2308 ete.
750 2281 760 2316 3
801 2265 924 2306 tertio
965 2275 1135 2303 causam
1171 2274 1196 2301 a
1231 2263 1348 2313 parte

316 2342 417 2383 idoli
440 2356 449 2382 ε
476 2341 686 2391 Quoniam
707 2341 932 2386 oreaturoe;
958 2335 1108 2387 quarto
1135 2344 1306 2373 causam
1326 2344 1350 2370 a

319 2415 437 2465 parte
455 2409 778 2452 idololatrantis:
800 2408 984 2449 Initium
1000 2406 1127 2455 enim,
1145 2407 1222 2444 etc.
1240 2402 1351 2443 Bene

195 2495 301 2539 Aulefn
321 2483 424 2533 dixi,
445 2482 558 2535 quod
583 2483 816 2531 utrumque
841 2476 1135 2525 maledictum,
1158 2476 1235 2514 etc.
1259 2474 1351 2514 Au-

158 2544 210 2571 Ῥω
227 2536 302 2567 Qum
323 2558 418 2604 tem,
441 2565 518 2605 pro
537 2552 655 2604 quia,
679 2549 880 2591 similiter
907 2547 1005 2589 odio
1035 2548 1134 2587 sunt
1162 2546 1247 2585 Deo
1273 2546 1354 2585 im-

321 2625 438 2676 pius,
457 2622 610 2662 scilieet
621 2620 854 2668 idololatra,
871 2618 942 2670 qui
958 2617 1145 2667 abnegat
1158 2615 1355 2667 pietatem

325 2694 461 2735 divini
485 2692 639 2732 cultus.
672 2694 712 2733 et
736 2690 938 2741 impietas
959 2687 1068 2740 eJ'us',
1094 2685 1135 2725 id
1162 2686 1245 2732 est,
1269 2695 1359 2724 ma-

325 2766 432 2806 teria
450 2763 676 2817 impietatis
695 2763 808 2814 eJus,
831 2760 984 2801 scilicet
1003 2758 1163 2798 idolum
1178 2788 1188 2807 ‚
1211 2755 1253 2795 id
1273 2757 1356 2804 est,

328 2837 497 2877 daemon
515 2833 745 2887 praesidens
765 2831 890 2872 idolo.
904 2831 917 2852 ²
934 2846 952 2867 α
968 2828 1211 2870 Altissi'mus
1232 2826 1360 2866 habet

209 2919 263 2965 nei
330 2908 424 2948 odio
443 2908 729 2959 peccatores.»
747 2903 797 2944 Et
810 2901 1058 2951 notandum,
1078 2899 1191 2952 quod
1212 2898 1359 2938 odium

169 2961 312 3036 qfflmsso.
330 2977 402 3018 Dei
421 2990 507 3018 non
528 2978 645 3017 notat
663 2975 732 3016 vel
750 2976 871 3014 sonat
883 2973 1081 3013 affectum
1101 2970 1147 3010 in
1166 2970 1272 3022 ipso,
1289 2968 1361 3009 sed

167 3042 311 3110 ffi'juma‘
331 3049 526 3090 effectum
546 3047 590 3086 in
610 3058 658 3086 eo
676 3057 804 3097 quem
823 3044 926 3085 odit.

386 3123 450 3160 10.
473 3119 639 3160 Etenim
669 3115 781 3169 quod
812 3117 970 3166 factum
996 3116 1073 3162 est,
1099 3110 1253 3151 scilicet
1274 3110 1361 3149 ido-

330 3192 437 3242 lum,
460 3201 555 3231 cum
572 3188 644 3231 illo
670 3189 745 3240 qui
765 3188 881 3238 fecit,
911 3186 951 3226 id
971 3187 1056 3233 est,
1083 3195 1178 3223 cum
1202 3182 1362 3222 artifice

329 3263 570 3311 idololatra,
598 3263 802 3302 tormenta
827 3258 1029 3309 patietur.
1055 3254 1112 3294 De
1145 3252 1364 3292 idololatra

184 3317 310 3347 Dubita—
330 3334 506 3388 plauum
532 3333 612 3380 est3
645 3330 717 3371 sed
743 3330 793 3370 de
822 3328 933 3369 idolo
953 3338 1038 3379 quo
1066 3324 1191 3366 modo
1213 3334 1364 3364 verum

165 3358 214 3386 tio.

374 3442 386 3463 ¹
404 3441 486 3478 Isa„
506 3445 598 3479 xmv,
619 3439 670 3469 11.
685 3453 726 3460 —-
746 3436 760 3457 2
777 3434 894 3470 Ecca„
915 3441 979 3473 ΧΠ,
997 3434 1081 3463 3,-
1102 3431 1113 3449 ³
1130 3428 1365 3467 Psal.xx>;111,

332 3491 361 3520 lo.
380 3504 419 3512 —-
438 3486 451 3507 ¹·
473 3485 590 3526 Eccli.,
616 3490 687 3525 XIV,
707 3485 757 3515 20.
777 3501 813 3509 ›-
836 3482 845 3500 ⁵
870 3480 989 3517 Eccli„
1007 3485 1116 3517 xxvll,
1137 3478 1167 3507 3.
1186 3492 1226 3500 -
1246 3476 1257 3493 ‘³
1283 3474 1363 3506 Psat

886 193 1157 237 EXPOSlTlo
1189 192 1239 232 lN
1272 165 1473 233 LlssRUM
1502 192 1816 235 SAPIENTlAE.

1386 293 1476 322 esse
1505 284 1659 334 potest,
1688 282 1843 323 scilicet
1871 281 1985 334 quod
2006 283 2266 322 tormentum
2285 279 2415 333 patia-

1387 354 1472 402 tur,
1489 365 1586 393 cum
1607 354 1659 393 sit
1678 365 1744 393 res
1761 353 2020 393 inanimata?
2043 352 2286 401 Dicendum,
2304 350 2416 403 quod

1389 422 1440 462 de
1459 422 1568 463 idolo
1588 423 1776 475 loquitur
1792 423 1954 464 ratione
1977 422 2158 474 maligni
2181 421 2353 474 spiritus
2372 420 2417 460 in

1391 504 1439 532 eo
1471 495 1749 545 praesidentis,
1788 507 1874 534 non
1903 506 1957 533 ex
1988 496 2105 546 parte
2138 493 2316 545 figurae,
2352 490 2420 531 vel

1393 563 1580 603 materiae
1604 564 1736 616 ipsius
1762 564 1875 604 idoli.
1901 563 1982 604 Sed
2003 566 2175 604 contra:
2202 560 2423 602 Idololatra

1392 644 1478 672 non
1498 634 1593 673 facit
1618 634 1813 687 spiritum
1840 634 2080 685 malignum
2109 632 2421 685 praesidentem.

1394 702 1632 756 Dicendum,
1651 705 1762 758 quod
1780 705 1875 745 licet
1891 716 1977 744 non
1999 703 2122 744 faciat
2137 703 2276 755 ipsum
2297 701 2340 741 in
2363 712 2421 750 se,

1393 774 1490 815 facit
1519 777 1660 815 tamen
1692 775 1805 828 quod
1833 776 1877 815 in
1908 774 2017 815 idolo
2049 773 2294 827 praesideat3
2320 771 2427 812 sicut

1395 846 1528 886 Deum
1549 847 1729 887 dicimur
1749 847 1949 897 exaltare,
1974 849 2014 886 et
2034 844 2324 896 magnificare,
2339 854 2427 882 non

1396 917 1441 956 in
1455 929 1513 967 se,
1536 918 1606 958 sed
1627 919 1672 958 in
1691 919 1812 959 nobis
1826 922 1855 958 ³:
1881 932 1900 956 c(
1917 916 2184 969 Magnificate
2202 913 2428 957 Dominum

1398 999 1589 1038 mecum,
1613 1002 1631 1025 ι)
1659 991 1736 1029 etc.
1762 988 2000 1040 Utrumque
2027 987 2140 1028 enim
2171 986 2371 1039 punietur
2387 984 2427 1023 ⁶:

1405 1072 1424 1095 ε(
1446 1057 1578 1098 Omne
1597 1070 1705 1110 opus
1727 1057 2061 1110 corruptibilem
2082 1057 2166 1096 fine
2191 1056 2370 1105 deliciet,
2391 1057 2432 1095 et

1399 1128 1474 1180 qui
1506 1131 1704 1180 operatur
1734 1128 1862 1178 illud,
1899 1128 1977 1168 ibit
2009 1140 2107 1168 cum
2143 1127 2237 1176 illo;
2269 1140 2288 1164 »
2314 1125 2364 1167 Et
2385 1126 2429 1165 ⁶:

1403 1212 1423 1236 α
1455 1197 1701 1239 Conteretur
1733 1211 1831 1239 cum
1859 1198 2127 1250 delinquente
2159 1196 2373 1237 delictum.
2410 1209 2429 1233 ι)

1458 1272 1522 1309 11.
1556 1269 1729 1322 Propter
1759 1270 1858 1321 hoc,
1894 1269 2050 1309 seilicet
2073 1268 2191 1321 quia,
2230 1268 2311 1309 Deo
2337 1270 2437 1308 sunt

1404 1340 1516 1391 odia,
1537 1344 1587 1391 et,
1609 1341 1651 1381 id
1668 1344 1729 1381 est
1749 1341 1887 1392 etiam,
1912 1342 1960 1382 in
1984 1339 2114 1382 idolis
2132 1340 2370 1388 nationum,
2394 1338 2437 1378 id

1405 1415 1482 1463 est,
1515 1413 1558 1452 in
1590 1413 1854 1453 daemonibus
1887 1411 2211 1465 praesidentibus
2240 1411 2284 1450 in
2318 1409 2440 1450 idolis

1408 1483 1657 1535 gentilium,
1680 1484 1730 1524 de
1751 1483 1909 1536 quibus
1929 1483 1973 1523 in
1991 1482 2156 1524 Psalmo
2177 1481 2217 1521 ⁶:
2247 1495 2265 1518 «
2286 1480 2440 1521 Omnes

1409 1554 1465 1594 dii
1487 1554 1682 1605 gentium
1712 1553 1939 1604 daemonia,
1969 1566 1988 1590 n
2015 1555 2093 1592 etc.
2123 1552 2217 1593 Non
2248 1551 2326 1592 eric
2353 1559 2441 1592 ies·

1405 1630 1574 1677 pectus,
1610 1625 1764 1665 scilicet
1791 1623 2039 1665 clementiae..
2071 1622 2189 1672 Quod
2210 1624 2272 1662 est
2297 1624 2444 1662 contra

1411 1695 1659 1747 Origenem,
1682 1695 1755 1747 qui
1773 1694 1881 1735 dixit
1905 1695 2044 1747 ipsum
2072 1706 2148 1747 pro
2175 1693 2442 1734 daemonibus

1411 1767 1456 1806 in
1476 1778 1573 1807 aere
1592 1766 1636 1805 in
1656 1766 1740 1806 fine
1760 1778 2002 1818 passurum,
2024 1768 2064 1806 et
2082 1765 2139 1805 sic
2160 1777 2231 1806 eos
2251 1765 2339 1805 fore
2359 1763 2440 1805 sal-

1412 1838 1588 1880 vandos,
1610 1836 1762 1878 Contra
1789 1838 1903 1890 quod
1922 1837 2075 1878 dicitur
2094 1837 2186 1888 hic,
2208 1839 2248 1877 et
2266 1836 2445 1877 inEccle·

1414 1910 1590 1951 siastico
1611 1909 1624 1930 ⁷
1639 1922 1654 1950 .·
1677 1923 1695 1946 a
1712 1908 1821 1949 Sunt
1841 1908 2028 1959 spiritus,
2051 1907 2123 1960 qui
2143 1907 2196 1947 ad
2216 1906 2446 1948 vindictam

1416 1980 1543 2021 creati
1562 1974 1679 2031 sunt,
1705 1982 1746 2020 et
1766 1980 1810 2019 in
1831 1980 1973 2020 furore
1993 1991 2069 2019 suo
2087 1979 2449 2019 confirmaverunt

1415 2053 1626 2092 tormenta
1654 2064 1743 2091 sua.
1765 2065 1785 2089 n
1810 2051 2042 2100 Quoniam,
2065 2052 2142 2090 etc.
2170 2064 2179 2091 ε
2203 2049 2254 2090 Et
2273 2048 2446 2098 merito,

1418 2123 1619 2174 quoniam
1637 2124 1841 2163 creaturae
1862 2122 1942 2162 Dei
1954 2153 1963 2171 ,
1992 2120 2034 2160 id
2053 2122 2135 2171 est,
2156 2132 2181 2160 a
2205 2119 2289 2161 Deo
2311 2119 2445 2168 factae,

1420 2192 1526 2232 sicut
1556 2204 1711 2232 aurum
1746 2194 1787 2233 et
1817 2194 2069 2243 argentum,
2102 2191 2216 2231 unde
2248 2190 2374 2232 Oseas
2398 2192 2412 2214 ⁹
2438 2201 2448 2229 τ

1429 2277 1447 2300 (ι
1460 2263 1719 2314 Argentum,
1736 2265 1776 2302 et
1786 2274 1942 2301 aurum
1958 2261 2234 2313 multiplicavi
2249 2260 2324 2301 eis.
2338 2274 2359 2298 υ
2371 2262 2449 2301 eto.

1423 2335 1561 2375 Facta}
1584 2338 1683 2374 sunt
1703 2334 1751 2374 in
1771 2332 1940 2382 odium,
1966 2331 2120 2372 scilicet
2139 2330 2382 2381 irascibilis,
2406 2333 2454 2370 ut

1425 2404 1558 2445 Deum
1585 2403 1740 2443 scilicet
1763 2403 1904 2443 odiant
1922 2402 2140 2452 homines,
2169 2401 2276 2442 sicut
2295 2401 2455 2442 daemo-

1426 2487 1501 2515 nes
1525 2488 1533 2513 :
1556 2475 1606 2515 de
1624 2474 1780 2527 quibus
1800 2474 1845 2513 in
1872 2473 2038 2515 Psalmo
2058 2473 2098 2513 ⁹:
2126 2488 2145 2511 c(
2167 2472 2373 2525 Superbia
2391 2483 2457 2512 eo-

1427 2559 1547 2596 rum,
1573 2546 1647 2598 qui
1666 2549 1706 2585 te
1726 2545 1925 2595 oderunt,
1949 2544 2133 2585 ascendit
2152 2555 2332 2596 semper.
2354 2557 2373 2581 »
2399 2543 2439 2584 E
2441 2546 2458 2584 t

1429 2618 1477 2658 in
1497 2617 1774 2657 tentationem
1800 2615 2026 2657 animabus
2042 2615 2280 2664 hominum
2307 2625 2460 2654 concu-

1429 2687 1647 2739 piscibilis,
1678 2689 1728 2727 ut
1755 2686 1909 2726 scilicet
1937 2686 2164 2726 subderent
2193 2697 2236 2725 se
2266 2683 2461 2724 homines

1431 2757 1771 2811 quibuscumque
1803 2756 2079 2809 potestatibus
2115 2756 2269 2807 libere,
2311 2767 2460 2796 secun-

1431 2830 1535 2870 dum
1555 2829 1835 2878 voluntatem,
1857 2827 1926 2868 vel
1945 2827 2267 2879 suggestionem
2287 2827 2463 2867 deorum

1433 2912 1609 2941 suorum
1628 2914 1636 2939 :
1670 2899 1723 2940 Et
1746 2899 1795 2940 in
1822 2897 2125 2950 muscipulam,
2146 2897 2189 2938 id
2210 2901 2292 2948 est,
2315 2897 2462 2950 decep-

1432 2973 1593 3012 tionem
1612 2969 1850 3010 rationalis:
1880 2971 1920 3010 et
1940 2969 2093 3009 dicitur
2118 2968 2354 3021 muscipula
2373 2968 2464 3008 ins-

1434 3043 1712 3091 trumentum,
1736 3052 1820 3093 quo
1840 3051 1984 3080 mures
2004 3039 2249 3092 capiuntur:
2269 3038 2464 3091 pedibus,

1435 3112 1588 3152 scilicet
1605 3111 1875 3150 interioribus
1889 3110 2060 3160 animae,
2074 3122 2161 3150 non
2172 3109 2466 3160 exterioribuS,

1435 3183 1590 3223 scilicet
1621 3181 1828 3233 corporis;
1858 3181 2182 3233 insipientium,
2203 3180 2245 3220 id
2266 3182 2348 3231 est,
2371 3180 2470 3219 infi-

1436 3255 1610 3296 delium.
1638 3253 1710 3294 Job
1740 3253 1768 3277 ¹⁰
1789 3267 1797 3292 ε
1817 3252 2098 3292 «Abscondita
2117 3255 2177 3292 est
2196 3252 2241 3292 in
2260 3255 2372 3293 terra
2397 3263 2469 3304 pe·

1437 3326 1529 3367 dica
1559 3326 1666 3377 eJus.
1688 3339 1707 3361 ›>
1735 3323 1838 3364 item
1856 3323 2060 3365 Jeremias
2081 3323 2110 3345 ¹¹
2128 3338 2168 3365 :(‹
2188 3322 2354 3366 Inventi
2371 3324 2471 3364 sunt

1438 3440 1516 3473 xcv,
1548 3433 1580 3464 5.
1605 3448 1646 3454 —
1671 3431 1685 3453 7
1705 3430 1827 3471 Ecclz'„
1852 3437 1984 3470 xxxix,
2009 3431 2060 3462 33.
2085 3446 2121 3452 --
2148 3430 2159 3448 ¹³
2179 3429 2282 3468 Osee„
2307 3436 2351 3468 11,
2378 3429 2409 3461 8.
2431 3444 2471 3453 -

1439 3482 1450 3499 ⁹
1465 3478 1556 3513 Psal.
1574 3486 1697 3519 Lxxnr,
1717 3479 1772 3510 23.
1785 3495 1826 3503 -
1843 3478 1866 3498 ¹⁰
1882 3477 1954 3515 λοῦ,
1973 3484 2070 3517 xvm,
2090 3479 2138 3509 lo.
2155 3475 2353 3515 -11Hz'er.,
2369 3483 2403 3516 v,
2417 3476 2469 3507 26·

2455 350 2572 378 solutio.

2513 2973 2586 3000 Mus«

2486 3013 2565 3050 pula.
2585 3032 2587 3036 .
