2634 3853
959 170 1234 214 EXPOSITIO
1262 171 1316 214 IN
1342 171 1455 214 CAP.
1485 172 1588 215 XIV.

215 268 320 310 quos
338 258 592 310 comederaS,
611 271 781 303 evomes
792 275 807 302 ι
822 263 862 302 et
878 260 1026 314 perdes
1041 259 1240 313 pulchros

216 338 431 369 sermones
455 330 566 370 tuos.
588 343 608 368 n

268 401 307 438 2.
329 398 384 440 Et
402 409 488 441 ecce
506 399 622 442 homo
648 399 824 452 quidam
850 400 1130 453 hydropicus,
1159 401 1236 440 etc.

215 468 316 510 Post
350 468 599 521 descriptam
628 470 966 511 observationem
1002 469 1237 510 Pharisaeo-

214 550 336 588 rum,
357 538 427 579 hic
445 539 629 580 secundo
651 539 848 579 describit
866 539 1143 580 detectionem
1163 540 1239 580 ob-

215 609 493 650 servatorum.
516 609 634 649 Circa
650 620 778 661 quam
800 608 1126 649 introducuntur
1141 608 1236 658 tria,

215 678 368 720 scilicet
386 679 600 731 aegritudo
619 679 671 720 ad
691 679 968 720 detectionem
987 679 1236 732 disponens,

214 750 392 802 quaestio
411 749 613 801 detegens
625 780 636 800 ,
655 749 868 790 simulatio
886 751 1050 801 tegens

267 818 411 859 Primo
424 830 530 870 ergo
544 821 752 871 quantum
772 819 823 859 ad
840 819 1142 871 aegritudinem
1160 818 1240 859 dis-

214 891 455 942 ponentem,
478 892 519 929 et
537 889 591 929 ad
603 889 925 931 observatorum
945 889 1238 940 detectionem,

213 957 341 999 dicit:
372 958 479 999 Ecce
508 958 628 1000 homo
658 958 835 1010 quidam
859 959 1119 1011 hydropicus
1152 962 1241 1000 erat

215 1031 313 1070 ante
345 1028 481 1070 illum.
520 1027 585 1068 Ad
616 1027 819 1078 litteram,
857 1028 927 1068 hic
958 1028 1238 1080 hydropicus,

215 1109 293 1139 sua
327 1097 577 1140 infirmitate,
607 1098 828 1138 manifesta
864 1101 905 1138 et
939 1098 1084 1149 gravi,
1126 1099 1238 1139 viam

213 1168 429 1222 praebebat
467 1168 519 1209 ad
553 1168 851 1209 confutandam
883 1171 923 1208 et
958 1169 1240 1220 detegendam

212 1239 234 1281 J
238 1240 459 1281 udaeorum
478 1239 716 1293 perfidiam.
736 1240 787 1280 Et
803 1239 1005 1292 quoniam
1018 1242 1187 1292 tempus
1200 1243 1241 1280 et

212 1311 328 1352 100115
366 1323 410 1352 50
439 1310 692 1362 offerebant,
726 1311 819 1352 ideo
856 1311 953 1352 dicit
981 1326 989 1350 ε
1032 1313 1092 1353 Ec
1129 1322 1237 1360 ecce,

213 1382 336 1435 quasi
353 1381 557 1422 Dominus
576 1383 677 1421 tunc
699 1381 941 1421 adduxisset
961 1392 1060 1421 eum
1079 1381 1124 1420 iu
1148 1393 1238 1421 me-

213 1452 346 1493 dium.
369 1450 487 1492 Unde
514 1451 844 1494 Ecclesiasticus
865 1453 875 1473 ¹
902 1465 909 1490 :
950 1466 969 1489 <‹
995 1451 1129 1503 Opera
1148 1463 1239 1492 om-

213 1522 281 1562 nis
299 1521 436 1562 carnis
456 1533 597 1562 coram
615 1521 708 1572 illo,
731 1523 771 1561 et
801 1532 889 1561 non
917 1523 978 1561 est
1008 1520 1242 1573 quidquam

215 1591 507 1633 absconditum
527 1592 579 1632 ab
593 1591 724 1632 oculis
748 1592 855 1644 ejus.
878 1592 914 1631 A
934 1591 1089 1632 saeculo
1108 1604 1243 1644 usque

215 1662 260 1702 in
279 1662 483 1703 saeculum
503 1662 692 1714 respicit,
720 1664 760 1702 et
780 1662 887 1701 nihil
910 1664 970 1702 est
987 1662 1179 1703 mirabile
1199 1663 1243 1702 in

216 1736 441 1787 conspectu
455 1735 560 1787 ejus.
583 1734 745 1787 Septies
763 1734 878 1774 enim
898 1734 1014 1774 cadet
1030 1735 1186 1786 justus,
1204 1737 1243 1774 et

215 1807 410 1857 resurget
431 1819 441 1845 z
464 1805 584 1857 impii
606 1807 750 1844 autem
783 1807 979 1845 corruent
998 1804 1042 1844 in
1063 1804 1241 1845 malum.

217 1875 310 1915 Non
332 1878 394 1915 est
424 1875 562 1915 dicere
586 1889 594 1916 :
617 1875 719 1927 quid
745 1877 807 1915 est
828 1875 929 1921 1100,
952 1877 1026 1915 aut
1051 1875 1153 1927 quid
1184 1877 1245 1915 est

217 1946 351 1987 illud?
374 1945 525 1987 Omnia
545 1945 658 1986 enim
679 1946 723 1986 in
741 1948 932 1997 tempore
950 1957 1027 1985 suo
1047 1958 1241 1998 quaeren-

218 2018 305 2057 tur.
339 2030 358 2054 1)
411 2015 462 2056 Ε1
495 2017 589 2068 post
633 2029 641 2056 ε
688 2030 707 2054 «
738 2015 886 2057 Omnia
918 2027 1044 2068 opera
1078 2016 1244 2056 Domini

217 2086 349 2137 hona,
371 2088 413 2126 et
431 2097 557 2126 omne
588 2097 695 2137 opus
716 2086 822 2125 hora
852 2098 928 2125 sua
948 2085 1245 2126 subministra-

217 2155 293 2197 vit.
314 2169 334 2193 »
352 2154 471 2196 Unde
489 2155 582 2195 haec
601 2155 812 2207 aegritudo
831 2155 1060 2207 corporalis
1079 2156 1247 2196 valebat

216 2225 269 2267 ad
289 2225 628 2278 impugnandam
651 2227 692 2265 et
721 2225 1047 2277 expurgandam
1067 2226 1243 2277 aegritu-

159 2326 163 2329 >
217 2295 360 2337 dinem
374 2295 650 2348 spiritualem,
663 2294 763 2347 quia
783 2294 940 2334 directe
962 2297 1050 2334 erat
1070 2295 1130 2334 illi
1150 2307 1246 2335 con-

217 2365 361 2406 traria.
383 2364 489 2406 Nam
508 2365 578 2405 hic
595 2365 724 2405 homo
742 2364 999 2418 hydropicus
1029 2367 1117 2405 erat
1150 2368 1246 2406 ante

217 2436 238 2477 J
241 2448 362 2477 esum
375 2435 428 2476 ad
441 2435 772 2476 misericordiam
784 2434 1105 2487 implorandam,
1117 2448 1245 2488 quam

218 2504 423 2547 Pharisaei
439 2505 763 2559 impugnabant.
786 2505 1042 2558 Implorabat
1060 2517 1245 2558 namque

219 2577 552 2618 misericordiam
580 2577 675 2628 Dei,
706 2577 806 2629 quia
835 2579 923 2617 erat
961 2576 1110 2626 homo,
1144 2588 1245 2616 nam

219 2647 372 2688 dicitur
390 2648 435 2687 ²:
467 2647 790 2688 «Misericordia
818 2646 890 2687 Dei
917 2658 1043 2699 super
1075 2658 1246 2687 omnem

219 2731 454 2770 carnem31>
488 2721 529 2759 et
557 2720 658 2771 quia
682 2719 811 2759 homo
843 2718 1040 2758 infirmus
1057 2749 1068 2769 ,
1096 2729 1246 2758 secun-

219 2789 322 2830 dum
340 2789 445 2830 illud
465 2788 760 2830 Ecclesiastici
776 2789 789 2810 ³
811 2803 820 2829 t
852 2803 871 2827 (ι
889 2787 962 2827 Est
980 2787 1110 2827 homo
1131 2799 1243 2828 mar-

220 2859 340 2901 cidus
370 2871 502 2912 egens
538 2859 876 2912 recuperatione,
911 2858 1007 2910 plus
1051 2857 1247 2898 deficiens

219 2930 378 2972 virtute
392 2961 404 2981 ,
431 2931 473 2970 et
501 2929 722 2970 abundans
740 2931 1009 2981 paupertate,
1040 2930 1081 2967 et
1099 2927 1247 2968 oculus

221 2998 294 3040 Dei
313 2999 499 3052 respexit
517 2999 640 3039 illum
659 3000 702 3038 in
720 2999 846 3038 hono.
869 3011 888 3035 »
920 2997 971 3038 Et
998 2998 1099 3050 quia
1116 2998 1244 3038 etiam

222 3071 320 3109 ante
343 3068 466 3109 illum
510 3072 624 3119 erat,
666 3068 766 3120 quia
800 3067 904 3108 tales
936 3069 1163 3108 recurrunt
1195 3067 1247 3108 ad

223 3138 379 3188 Deum,
395 3140 436 3178 et
450 3138 603 3180 talibus
619 3138 909 3179 condescendit
929 3137 1061 3178 Deus2
1078 3151 1086 3178 :
1113 3137 1248 3187 «Quia

223 3207 439 3259 prospexit
471 3208 522 3249 de
549 3208 713 3249 excelso
740 3210 882 3248 sancto
912 3219 1010 3258 suo,
1044 3207 1248 3248 Dominus

223 3276 275 3318 de
295 3277 399 3318 coelo
416 3277 460 3318 in
477 3279 636 3320 terram
654 3278 832 3332 aspexit,
855 3279 906 3319 ut
925 3277 1089 3319 audiret
1110 3277 1247 3330 gemi-

265 3383 277 3404 1
296 3381 414 3422 Ecclz‘.‚
432 3390 558 3423 xxxm,
579 3384 690 3424 24-26,
710 3385 761 3416 39.
780 3401 821 3407 —
848 3384 861 3404 ²
884 3383 980 3423 ibid„
1004 3390 1110 3422 xvin,
1137 3384 1187 3414 12.
1208 3401 1248 3407 —

225 3430 237 3447 ³
259 3427 356 3471 thid„
374 3438 422 3470 xl,
444 3432 493 3462 12.
510 3448 548 3454 —
567 3431 580 3452 ¹·
594 3430 683 3463 Psal.
700 3439 745 3471 01,
766 3433 819 3472 20,
835 3434 888 3463 21.
903 3448 943 3454 -
962 3431 973 3450 ⁵
993 3430 1128 3469 Mattlz„
1146 3437 1193 3470 ix,
1217 3434 1244 3463 1.

2254 181 2332 221 603

1313 262 1383 302 tus
1414 262 1766 315 compeditorum,
1799 266 1848 306 ut
1873 266 2052 308 solveret
2084 268 2192 310 filios
2225 269 2335 310 inte—

1313 333 1596 384 remptorum,
1622 348 1641 371 »
1663 336 1741 375 etc.

1366 400 1578 454 Secundo,
1606 406 1814 456 quantum
1840 406 1893 447 ad
1914 407 2192 459 quaestionem
2215 409 2328 450 dete-

1314 473 1501 522 gentem,
1524 473 1664 513 subdit
1685 476 1740 524 (v.
1767 475 1802 527 3)
1823 489 1831 516 ε
1854 477 1914 518 Et
1937 476 2192 528 respondens
2211 478 2332 520 Jesus

1314 540 1434 582 dimit
1452 541 1510 582 acl
1538 543 1808 595 Leyisperiios
1828 548 1865 587 ec
1882 545 2134 590 Pharisaeos.
2160 546 2336 598 Signan-

1313 613 1376 651 ter
1395 611 1493 652 dicit
1514 626 1522 653 :
1543 613 1830 667 Respondeas,
1849 628 1947 656 cum
1966 617 2108 658 nullus
2126 617 2244 670 prius
2262 616 2336 656 ali·

1314 681 1409 734 quis
1429 686 1656 734 quaereret,
1692 684 1792 736 quia
1817 687 2092 738 respondebat
2115 687 2169 727 ad
2188 697 2335 727 eorum

1314 752 1607 803 cogitationes,
1638 766 1742 807 quas
1764 755 1932 797 videbat
1960 760 2000 797 et
2021 757 2234 807 audiebat,
2269 768 2334 797 se-

1314 821 1501 862 cundum
1536 823 1641 864 illud
1672 825 1895 868 itlatthoeiss
1931 840 1939 865 :
1986 841 2006 864 <‹
2037 827 2140 867 Cum
2166 826 2337 868 vidisset

1313 886 1432 928 Jesus
1468 891 1740 942 cogitationes
1776 905 1945 944 eorum,
1976 894 2114 934 dixit:
2152 893 2204 934 Ut
2237 894 2338 946 quid

1315 959 1509 1009 cogitatis
1537 961 1648 1001 mala
1674 961 1719 1001 in
1748 963 1942 1003 cordibus
1978 964 2158 1005 vestris?
2180 978 2200 1001 »
2221 962 2338 1004 Unde

1315 1027 1458 1070 Glossa
1474 1031 1487 1052 ⁶
1506 1046 1515 1071 2
1545 1032 1812 1086 «Respondet
1829 1035 1950 1076 ι105115
1969 1035 2177 1075 insidiosis
2199 1035 2338 1076 obser-

1313 1102 1556 1153 vatoribus,
1591 1104 1691 1156 quia
1720 1105 1826 1145 dixit
1858 1106 2044 1158 Sapiens
2072 1105 2085 1126 ⁷
2122 1117 2132 1145 :
2171 1105 2338 1146 «Auris

1314 1171 1390 1210 zeli
1412 1172 1530 1212 audit
1554 1174 1716 1224 omnia,
1747 1177 1788 1214 et
1812 1175 2021 1215 tumultus
2040 1175 2339 1215 murmuratio-

1314 1254 1419 1282 num
1447 1255 1530 1284 nou
1562 1245 1878 1286 absconditur.»
1914 1247 1964 1285 Et
1993 1245 2085 1286 ideo
2115 1246 2339 1298 respondet

1316 1313 1661 1365 cogitationibus,
1694 1315 1905 1356 movendo
1923 1315 2039 1355 illam
2058 1315 2339 1368 quaestionem

1315 1395 1443 1435 quam
1464 1386 1504 1424 et
1534 1384 1615 1435 ipsi
1644 1385 1908 1436 cogitabant,
1943 1397 2041 1426 cum
2069 1385 2238 1426 subdit:
2263 1387 2336 1428 Di-

1316 1465 1444 1496 cens:
1475 1455 1522 1496 Si
1552 1454 1648 1497 licei
1678 1455 1846 1497 sabbato
1865 1456 2043 1497 curare?
2062 1456 2176 1497 Hanc
2195 1468 2336 1508 quaes-

1315 1526 1473 1565 tionem
1503 1525 1703 1576 leguntur
1732 1524 1936 1566 Pharisaei
1963 1525 2139 1566 Domino
2171 1526 2337 1577 fecisse,

1317 1596 1423 1636 sicut
1442 1595 1599 1648 legitur
1621 1595 1633 1616 ⁸
1669 1611 1678 1636 :
1722 1611 1740 1634 «
1774 1597 2097 1649 Interrogabant
2125 1609 2246 1648 eum,
2274 1597 2337 1638 di-

1317 1668 1457 1706 centes
1478 1679 1486 1705 ε
1513 1665 1559 1706 Si
1578 1666 1672 1707 licet
1693 1667 1875 1707 sabbatis
1900 1671 2070 1708 curare?
2092 1681 2111 1705 n
2141 1670 2188 1708 ut
2214 1679 2340 1708 accu-

1317 1739 1459 1777 sarent
1479 1749 1588 1777 eum.
1610 1736 1691 1778 Sed
1707 1737 1932 1778 Matthaeus
1947 1737 2151 1790 expressit
2170 1737 2340 1779 illorum

1318 1807 1527 1859 cogitatus
1546 1808 1699 1857 verbo;
1722 1807 1854 1848 Lucas
1872 1819 1959 1847 non
1977 1807 2175 1859 exprimit
2193 1808 2336 1848 verbo.

1317 1877 1404 1917 Hoc
1439 1878 1656 1930 quaerebat
1690 1877 1892 1917 Dominus
1923 1877 1976 1917 ab
2014 1876 2095 1926 eis,
2133 1876 2232 1928 quia
2261 1877 2341 1929 ipsi

1317 1947 1555 1987 fatebantur
1587 1959 1630 1988 se
1658 1947 1767 1999 legis
1800 1947 1969 1999 peritos.
2008 1945 2125 1986 Unde
2156 1945 2300 1986 Glossa
2327 1961 2336 1986 :

1324 2016 1386 2058 «A
1403 2016 1654 2070 legisperitis
1671 2016 1880 2069 Judicium
1900 2016 2008 2067 legis
2027 2015 2223 2068 quaerit.»
2237 2015 2338 2056 Pro-

1318 2090 1380 2128 ter
1401 2088 1512 2140 quod
1537 2087 1688 2128 dicitur
1705 2091 1718 2112 ⁹
1736 2102 1744 2127 :
1770 2102 1789 2125 (ι
1808 2086 1937 2127 Labia
1955 2085 2177 2126 sacerdotis
2197 2088 2340 2126 custo-

1318 2154 1432 2194 dient
1450 2154 1690 2203 scientiam,
1726 2156 1766 2194 et
1789 2154 1931 2204 legem
1959 2152 2176 2205 requirent
2194 2152 2246 2192 de
2269 2164 2341 2193 ore

1318 2226 1425 2275 ejus.
1447 2238 1466 2261 >³
1496 2223 1545 2264 Et
1577 2223 1721 2264 Glossa
1740 2224 1896 2264 ibidem
1920 2237 1929 2263 :
1964 2237 1983 2261 (ι
2011 2222 2056 2263 Si
2081 2221 2270 2263 sacerdos
2290 2221 2342 2262 de

1317 2295 1412 2345 lege
1443 2294 1742 2345 interrogatur,
1773 2293 1937 2343 doceat3
1970 2291 2158 2343 alioquin
2187 2291 2342 2331 frustra

1312 2365 1443 2416 jactat
1471 2363 1743 2415 dignitatem,
1768 2364 1890 2415 quus
1905 2373 1992 2402 non
2011 2361 2179 2402 exhibet
2200 2372 2342 2413 opera-

1317 2434 1491 2474 tionem.
1514 2448 1533 2471 1)

1343 2499 1347 2502 ’
1371 2503 1529 2553 Tertio,
1559 2507 1766 2556 quantum
1787 2503 1839 2544 ad
1861 2502 2170 2543 simulationem
2190 2504 2342 2553 tegen-

1317 2577 1426 2623 tem,
1448 2574 1589 2615 subdit
1611 2574 1675 2626 (v.
1703 2576 1753 2624 4)
1777 2588 1786 2614 :
1819 2574 1876 2616 At
1897 2573 1966 2615 illi
1985 2576 2224 2616 tacuerunt.
2246 2572 2342 2613 Ideo

1316 2647 1561 2694 tacuerunt,
1593 2645 1694 2697 quia
1713 2644 1901 2686 videntes
1926 2655 1968 2684 se
1998 2643 2280 2696 deprehensos
2301 2644 2342 2682 et

1318 2717 1517 2765 detectos,
1538 2716 1745 2756 timebant
1764 2728 1885 2757 suam
1905 2716 2221 2768 responsionem
2241 2725 2340 2754 con-

1317 2787 1450 2829 fundi.
1470 2786 1587 2828 Unde
1608 2785 1751 2827 Glossa
1771 2785 1893 2827 Bedae
1907 2786 1935 2812 ¹⁰
1958 2800 1998 2826 :(‹
2016 2785 2162 2826 Merito
2181 2786 2337 2835 tacent,

1318 2857 1391 2911 qui
1405 2859 1550 2906 contra
1569 2869 1612 2897 se
1632 2856 1805 2906 dictum,
1828 2855 2034 2909 quidquid
2056 2854 2252 2905 dixerint,
2275 2853 2341 2895 vi-

1319 2928 1432 2968 dent.
1449 2941 1468 2965 ))
1493 2928 1535 2968 Si
1555 2927 1668 2968 enim
1686 2927 1808 2977 licet,
1826 2938 1900 2966 cur
1924 2926 2174 2968 observant?
2194 2924 2238 2965 Si
2257 2935 2341 2963 non

1317 2997 1434 3048 licet,
1457 3009 1531 3038 cur
1549 3009 1699 3050 pecora
1723 2997 1906 3037 curant?
1928 2995 2045 3037 Unde
2063 2995 2141 3048 ipsi
2167 2995 2340 3048 tacendo

1319 3067 1573 3108 simulabant
1626 3067 1911 3118 ignorantiam
1930 3097 1940 3115 ‚
1997 3067 2045 3105 ut
2080 3064 2339 3116 cooperirent

1319 3137 1538 3178 malitiam.
1578 3136 1724 3177 Simile
1761 3136 1942 3177 hahetur
1978 3135 2022 3174 in
2067 3134 2263 3176 Maithoeo
2293 3134 2336 3184 ¹¹,

1319 3207 1394 3248 ubi
1425 3219 1522 3248 cum
1559 3206 1775 3259 quaesisset
1809 3205 2011 3246 Dominus
2043 3203 2094 3244 de
2131 3203 2339 3256 baptismo

1318 3357 1359 3363 —
1379 3340 1390 3358 ⁶
1412 3338 1518 3370 Gloss.
1540 3336 1685 3369 interlin.
1712 3336 1748 3367 in
1770 3336 1860 3367 hunc
1879 3335 1942 3366 loc.
1964 3350 2004 3356 —
2028 3335 2037 3352 ⁷
2057 3334 2152 3374 Sap„
2176 3341 2206 3372 1,
2229 3334 2279 3364 10.
2299 3349 2339 3355 —

1319 3386 1334 3408 8
1355 3385 1488 3423 Matth„
1509 3392 1577 3422 xu,
1604 3385 1653 3415 10.
1676 3400 1718 3406 -
1742 3383 1754 3401 ⁹
1774 3381 1910 3417 Malae„
1940 3387 1983 3420 11,
2012 3381 2043 3412 7.
2066 3397 2102 3402 —
2132 3379 2156 3402 '⁰
2182 3379 2280 3419 Bed.,
2303 3379 2336 3410 in

1320 3432 1412 3472 Luc.,
1428 3431 1485 3463 lib.
1505 3431 1562 3470 IV,
1584 3439 1613 3462 0.
1635 3437 1704 3462 mx.
1725 3446 1765 3454 --
1783 3430 1808 3451 Μ
1827 3426 1962 3465 Ματτὴ.,
1980 3433 2053 3466 xxi,
2073 3428 2123 3460 25.
