2634 3853
97 1604 187 1629 Trisa-

48 1646 123 1671 rium
136 1653 188 1671 un·

47 1689 187 1720 guentum

47 1728 126 1762 quid.

205 230 282 268 412

205 396 307 426 vero
325 385 567 438 poenitente,
591 386 745 426 scilicet
771 397 781 426 :
816 385 956 425 Pudor
978 384 1227 425 erubescen-

205 457 294 506 tiae3
309 456 419 508 quod
436 459 551 496 notat
567 468 664 496 cum
676 456 795 496 dicit:
816 455 941 496 Stans
954 458 1077 496 retro.
1096 455 1105 476 ¹
1125 454 1230 495 «Pu-

206 526 396 566 blicanus
416 539 440 566 a
459 527 583 577 longe
603 529 714 566 stans
734 525 913 574 nolebat,
936 539 954 561 »
983 527 1058 565 etc.
1087 523 1231 565 Timor

206 597 454 637 reverentia:
479 599 649 636 notatur
686 595 743 635 ibi
769 610 778 635 ε
817 595 940 637 Secus
971 594 1096 647 pedes
1123 594 1228 646 ejus.

207 669 221 690 ²
242 682 260 704 (ι
277 666 457 706 Ailorate
477 666 704 706 scabellum
725 666 879 718 pedum
899 667 1005 717 ejus,
1029 666 1232 718 quoniam

208 740 398 776 sanctum
434 739 507 776 est.
528 750 546 773 »
573 736 696 777 Dolor
724 736 1002 789 poenitentiae,
1025 736 1083 776 ibi
1108 750 1117 777 z
1148 738 1228 778 La-

208 808 364 858 crymz‘s
401 808 525 858 erepit
559 808 699 859 rigyare
733 807 857 860 pedes
908 807 1014 859 ejus.
1047 811 1060 832 ³
1099 822 1118 846 (ι
1155 807 1229 847 De-

204 877 287 917 «luc
323 877 443 929 quasi
480 881 709 918 torrentem
757 879 966 931 lacrymas
1008 890 1082 931 per
1119 878 1232 918 diem

207 952 245 989 ct
265 952 445 989 noctem.
468 963 487 987 ›>
515 950 646 991 Amor
665 950 892 1003 pudicitiae,
910 950 968 990 ibi
993 964 1001 990 :
1025 951 1078 992 Et
1096 950 1233 1001 capit-

208 1020 271 1061 lus
282 1021 439 1072 capitis
454 1022 525 1062 sui
538 1021 735 1073 terqebat.
760 1024 773 1046 ’ν
803 1020 1233 1070 «Lavamini,mundi

207 1093 352 1139 estote,
374 1092 532 1131 auferte
559 1092 720 1131 malum
741 1091 1047 1143 cogitationum
1068 1093 1233 1131 vestra-

208 1174 305 1201 rum
325 1162 378 1201 ab
401 1162 531 1202 oculis
559 1162 677 1201 meis.
700 1176 718 1198 »
750 1162 886 1202 Ardor
906 1161 1230 1212 benevolentiae,

207 1232 262 1272 ibi
287 1242 296 1270 ι
318 1232 372 1274 Ec
391 1232 797 1285 osculabaturpedes
816 1232 920 1284 ejus.
943 1232 1055 1273 Infra
1069 1233 1081 1254 5
1099 1245 1139 1272 z«
1158 1231 1231 1273 Os-

205 1302 349 1342 culum
369 1303 476 1342 mihi
495 1314 580 1343 non
595 1303 757 1353 dedisti,
773 1317 792 1340 ))
818 1306 913 1354 etc.,
939 1315 1074 1355 usque
1099 1315 1234 1355 «quo-

205 1372 321 1412 niam
355 1372 500 1413 dilexit
533 1374 732 1414 multum.
760 1388 778 1411 ))
819 1373 971 1414 Dulcor
1000 1373 1234 1415 devotionis

205 1443 397 1494 internae,
415 1444 494 1484 ibi:
513 1445 568 1486 Et
579 1448 791 1497 unquenti>
800 1444 1013 1497 unyebat.⁶
1030 1459 1048 1482 (1
1061 1443 1234 1485 Meliora

207 1516 304 1553 sunt
335 1514 470 1554 ubera
499 1516 572 1554 tua
600 1514 716 1566 vino,
740 1515 973 1566 fragrantia
999 1514 1233 1566 unguentis

207 1584 389 1636 optimis,
416 1598 435 1622 »
485 1584 650 1625 Bonum
690 1588 960 1638 unguentum
1000 1598 1233 1638 compunc-

208 1654 351 1704 tionis3
374 1655 547 1705 melius,
570 1656 890 1708 compassionis3
913 1657 984 1697 sed
1007 1657 1229 1709 optimum,

207 1724 454 1766 devotionis.
493 1726 635 1767 Primo
667 1727 813 1779 pedes,
842 1727 1024 1767 secundo
1059 1738 1229 1778 corpus,

206 1796 277 1836 sed
298 1797 419 1836 tertio
441 1797 621 1848 ungitur
643 1799 780 1850 caput.
802 1797 853 1838 Et
872 1797 964 1838 ideo
984 1797 1234 1848 Magdalena

205 1869 268 1906 ter
278 1867 434 1918 legitur
447 1871 460 1892 ⁷
476 1867 639 1908 venisse
654 1868 707 1908 ad
719 1867 946 1908 Dominum
960 1868 1231 1919 ungendum.

259 1941 326 1979 40.
358 1939 409 1980 Et
434 1938 691 1990 respondens
710 1939 844 1989 Jesus,
874 1938 1012 1989 discit,
1035 1941 1112 1979 etc.
1135 1937 1234 1979 Post

206 2011 439 2062 benignam
482 2011 792 2064 susceptionem
830 2011 1084 2062 accedentis,
1132 2011 1234 2051 sub-

206 2082 318 2121 ditur
355 2081 425 2122 hic
455 2081 685 2133 benignior
724 2081 971 2134 approbatio
1003 2081 1230 2133 diligentis.

205 2150 421 2202 Approbat
452 2149 654 2190 Dominus
685 2150 795 2190 hanc
828 2150 1100 2202 peccatricem
1138 2149 1232 2189 dili-

206 2223 379 2272 gentem
399 2223 439 2261 et
457 2223 550 2273 eJus
570 2221 834 2261 dilectionem
859 2231 868 2259 :
903 2220 1040 2273 primo
1061 2220 1231 2272 perqui-

206 2303 303 2331 rens
325 2292 523 2343 generale
538 2292 773 2344 J'udicium;
804 2292 986 2332 secundo
1014 2302 1234 2332 assumens

206 2362 381 2414 speciale
409 2362 695 2414 propositum,
718 2362 777 2402 ibi
800 2377 808 2403 :
845 2363 906 2404 Ec
932 2372 1153 2404 conversus
1179 2362 1236 2403 ad

207 2432 439 2483 mullerem,
457 2435 534 2473 etc.
551 2447 560 2482 3
577 2433 701 2473 tertio
715 2444 834 2483 vero,
849 2433 1104 2473 concludens
1124 2432 1236 2484 prin-

207 2504 337 2556 cipale
358 2504 583 2554 intentum,
597 2503 656 2544 ibi
675 2518 683 2544 :
701 2504 873 2555 Propter
887 2503 999 2556 quod
1015 2503 1111 2546 dico
1130 2503 1208 2546 tibi·
1222 2516 1235 2544 .·

209 2576 496 2617 Remittzmtur
525 2575 579 2624 ei,
603 2577 679 2615 etc.
704 2574 751 2614 In
783 2574 1066 2627 perquirendo
1094 2577 1237 2616 autem

210 2645 407 2697 generale
425 2646 647 2698 judicium,
670 2646 854 2698 procedit
873 2646 953 2687 1100
972 2646 1118 2687 ordine
1136 2661 1144 2686 :
1169 2658 1239 2687 ex-

209 2716 305 2756 citat
332 2717 446 2756 enim
479 2716 682 2757 Pharisaei
719 2716 1012 2766 attentionem,
1052 2717 1238 2758 insinuat

210 2787 488 2839 quaestionem
504 2816 516 2836 ,
565 2789 606 2827 et
651 2788 855 2840 approbat
900 2789 1233 2841 responsionem.

213 2856 356 2897 Primo
382 2869 484 2909 ergo
516 2858 670 2898 excitat
703 2858 905 2899 Pharisaei
936 2860 1235 2910 attentionem,

213 2930 260 2967 ut
279 2940 303 2967 a
322 2927 497 2968 falsitate
517 2932 753 2980 revocetur,
775 2941 871 2970 cum
893 2930 993 2970 dicit
1016 2943 1025 2968 :
1051 2931 1236 2983 Respon-

213 2997 317 3038 dens
338 2999 461 3039 Jesus
494 2999 614 3041 dimit
645 2999 703 3041 ad
732 3000 853 3041 illum
879 3015 894 3041 .·
917 3002 1090 3052 Simon,
1113 3001 1240 3043 habeo

215 3069 296 3111 tibi
322 3069 492 3121 aliquid
512 3070 663 3112 dicere.
687 3071 735 3111 In
755 3083 839 3124 quo
869 3073 1022 3112 excitat
1050 3085 1170 3123 eum,
1192 3077 1240 3113 ut

215 3140 415 3181 attendat.
450 3140 500 3181 Et
527 3146 625 3181 nota
659 3142 771 3194 quod
805 3143 958 3183 dicitur
989 3143 1242 3195 respondere

218 3211 445 3263 pharisaeo,
478 3224 576 3253 cum
602 3215 746 3253 tamen
776 3225 861 3253 non
889 3213 1052 3254 dicatur
1082 3213 1242 3266 aliquid

217 3282 463 3335 quaesivisse
495 3296 518 3322 a
548 3283 735 3333 Christo;
772 3286 820 3324 ut
857 3283 1101 3325 ostendatur
1130 3285 1243 3337 quod

262 3411 367 3452 ¹lnf.,
389 3420 493 3452 xvui,
522 3414 570 3444 13.
595 3429 636 3435 —
661 3412 673 3433 ²
691 3412 784 3443 Psal.
810 3420 938 3451 xcviii,
962 3416 991 3445 5.
1013 3431 1052 3436 —
1079 3415 1092 3435 ³
1114 3414 1246 3453 Thrcn„

221 3465 258 3495 11,
281 3461 330 3490 18.
351 3476 391 3481 —
411 3460 420 3477 ⁴
447 3460 522 3499 lm,
546 3467 568 3499 1,
592 3462 640 3491 16.
671 3475 703 3480 -
725 3459 738 3480 ⁶
766 3459 840 3498 lus„
861 3462 973 3491 45-47.
993 3477 1033 3483 —
1052 3461 1064 3482 θ
1089 3461 1197 3500 Cant„
1222 3470 1244 3500 1,

221 3508 251 3536 12.
271 3523 311 3528 -—
334 3506 343 3524 ⁷
368 3506 475 3546 Joan.‚
499 3515 564 3547 xii,
584 3510 626 3547 33
645 3506 780 3545 Maltle.,
802 3515 898 3545 xxvi,
925 3509 961 3547 73
983 3508 1099 3546 Marc„
1121 3516 1192 3548 xw,
1213 3512 1242 3541 3.

928 225 1215 268 EVANGELII
1245 226 1430 269 SANCTI
1459 227 1610 270 LUCAE

205 314 410 366 ungebat,
432 314 732 367 intelliguntur
765 326 863 368 quae
895 314 1047 355 debent
1073 325 1161 354 esse
1184 314 1229 354 in
1267 324 1272 328 ·

1301 315 1390 368 ipse
1409 316 1604 357 audiebat
1623 317 1659 368 ej
1668 326 1716 356 us
1736 315 2035 367 cogitationem
2049 349 2060 368 ,
2081 320 2129 359 ut
2149 319 2242 371 eJus
2257 320 2328 371 ju-

1303 385 1458 427 dicium
1489 386 1716 435 refellatur,
1758 397 1843 438 quo
1880 387 2074 428 credebat
2115 388 2327 430 Christum

1302 456 1527 508 ignarum,
1550 456 1782 496 secundum
1796 455 1898 496 illud
1919 456 1932 478 ⁸
1954 471 1996 496 z»
2016 458 2239 511 Intelligite
2261 461 2326 501 in-

1303 526 1501 579 sipientes
1526 527 1569 567 in
1589 527 1768 579 populo,
1804 529 1845 567 et
1877 527 1991 568 stulti
2017 528 2242 581 aliquando
2261 544 2329 571 sa-

1303 596 1403 647 pite.
1425 596 1503 645 Qui
1525 598 1730 649 plantavit
1759 608 1933 648 aurem,
1957 609 2043 638 non
2063 599 2204 639 audiet
2226 611 2236 640 :
2257 603 2330 641 aut

1304 666 1379 718 qui
1397 666 1491 706 fixit
1510 667 1703 716 oculum,
1733 679 1819 708 non
1842 668 2106 708 considerat?
2128 682 2147 706 n
2180 668 2227 708 In
2251 670 2331 711 hoc

1305 736 1417 789 quod
1447 737 1568 789 quasi
1593 737 1884 790 respondendo
1912 737 2154 790 alloquitur,
2180 739 2333 780 excitat

1305 807 1357 847 ad
1388 807 1657 859 cogitandam
1693 808 1845 848 Christi
1874 808 2148 860 sapientiam3
2181 809 2225 850 in
2252 810 2332 851 hoc

1305 889 1407 917 vero
1429 878 1542 930 quod
1561 879 1736 931 spondet
1762 878 1920 931 aliquid
1946 878 2160 919 dicturum
2180 892 2242 932 se,
2264 892 2335 921 ex-

1306 947 1405 988 citat
1435 949 1488 988 ad
1515 950 1831 1002 percipIendum
1869 949 2129 1001 doctrinam,
2161 951 2268 991 sicut
2295 953 2336 992 et

1306 1019 1519 1071 discipulis
1537 1020 1641 1060 dixit
1654 1024 1667 1045 ⁹
1691 1034 1699 1061 :
1717 1036 1735 1059 «
1751 1021 1901 1061 Adhuc
1913 1020 2047 1061 multa
2061 1021 2197 1062 habeo
2215 1021 2335 1062 vobis

1305 1087 1461 1138 dicere3
1485 1089 1554 1129 sed
1576 1101 1662 1129 non
1681 1090 1853 1141 potestis
1875 1092 2041 1142 portare
2064 1090 2204 1130 modo.
2228 1104 2247 1127 ›)
2285 1090 2335 1130 Et

1305 1159 1508 1211 quoniam
1528 1160 1749 1200 efficaciter
1771 1173 1869 1201 eum
1890 1161 2101 1212 excitavit,
2126 1161 2218 1202 ideo
2233 1162 2333 1202 sub-

1306 1231 1419 1272 ditur
1438 1232 1530 1283 ojus
1551 1231 1740 1282 attentio,
1763 1244 1861 1272 cum
1877 1232 2029 1273 dicitur
2049 1247 2058 1272 ε
2085 1232 2140 1274 At
2159 1232 2229 1275 ille
2246 1234 2310 1275 ait
2323 1245 2336 1274 .·

1307 1302 1527 1354 Maqister,
1548 1302 1634 1344 dic.
1658 1303 1704 1343 10
1718 1315 1802 1356 qua
1821 1304 2093 1356 responsione
2112 1305 2338 1356 profitetur

1307 1372 1548 1423 scientiam,
1574 1375 1615 1413 01
1645 1373 1748 1425 petit
1780 1374 2028 1425 doctrinam,
2047 1376 2174 1426 Juxta
2196 1375 2339 1415 consi-

1306 1440 1413 1480 lium
1434 1441 1633 1493 sapientis
1653 1442 1682 1467 ¹⁰
1706 1455 1714 1481 :
1740 1456 1759 1480 a
1776 1441 1870 1493 Fili,
1894 1442 1929 1482 si
1949 1442 2173 1483 attenderis
2203 1443 2334 1494 mihi,

1308 1511 1440 1552 disces
1454 1525 1464 1561 ;
1486 1514 1526 1552 et
1540 1512 1573 1552 si
1588 1512 1974 1554 accommodaveris
1987 1513 2180 1553 animum
2194 1515 2333 1564 tuum,

1307 1583 1475 1636 sapiens
1497 1584 1595 1624 eris.
1617 1597 1636 1621 1>
1671 1583 1721 1624 Et
1740 1584 1932 1636 sequitur
1956 1598 1964 1624 ε
2006 1598 2025 1621 (1
2044 1583 2094 1624 Ε1
2121 1583 2155 1623 si
2182 1583 2339 1624 videris

1308 1657 1541 1706 sensatum,
1565 1655 1725 1707 evigila
1744 1655 1794 1695 ad
1815 1666 1929 1694 eum.
1945 1669 1964 1692 >)
1986 1654 2061 1694 Hic
2075 1657 2137 1694 est
2151 1654 2341 1695 Christus

1307 1725 1531 1783 Dominus,
1550 1738 1678 1778 quem
1697 1727 1808 1765 recte
1830 1726 1951 1766 vocat
1971 1724 2248 1776 Magistrum,
2271 1736 2341 1766 se-

1308 1796 1495 1837 cundum
1517 1796 1621 1837 illud
1643 1797 1670 1821 ¹1
1692 1810 1731 1837 z«
1752 1795 1954 1847 Magister
1974 1798 2116 1838 vester
2129 1808 2242 1837 unus
2262 1798 2338 1847 est,

1309 1867 1512 1908 Christus.
1537 1881 1555 1905 »
1589 1867 1638 1908 Et
1660 1868 1703 1907 in
1721 1868 1881 1909 Joamze
1906 1867 1958 1920 (a)
1985 1880 1998 1908 .·
2027 1883 2046 1906 «
2074 1867 2157 1909 Vos
2185 1868 2341 1908 vocatis

1309 1950 1377 1979 me
1397 1938 1597 1990 Magister
1616 1940 1658 1979 ct
1669 1938 1844 1979 Domine
1861 1952 1870 1987 ;
1885 1940 1925 1979 et
1938 1938 2046 1979 bene
2066 1937 2201 1978 dicitis
2218 1952 2227 1979 ε
2247 1949 2342 1979 sum

1309 2010 1483 2050 etenim.
1508 2023 1526 2047 n

1363 2080 1555 2121 Secundo
1580 2082 1724 2121 autem
1751 2080 1936 2120 insinuat
1963 2078 2175 2120 Pharisaeo
2203 2091 2344 2133 quaes-

1309 2152 1482 2201 tionem,
1494 2153 1541 2191 ut
1555 2151 1607 2190 ad
1621 2151 1847 2192 veritatem
1863 2150 2093 2202 dirigatur,
2107 2151 2164 2191 ibi
2181 2153 2237 2202 (v.
2248 2151 2312 2204 Δ41)
2331 2163 2341 2192 ;

1310 2223 1404 2264 Duo
1425 2222 1635 2264 debitores
1657 2223 1777 2263 erant
1793 2220 1965 2277 cuidam
1989 2222 2249 2272 foeneratorz',
2264 2225 2340 2263 etc.

1311 2292 1464 2333 Casum
1486 2292 1682 2344 proponit
1708 2291 1753 2331 in
1787 2291 1975 2342 generali
2006 2304 2081 2344 per
2109 2292 2210 2332 istos
2231 2292 2345 2332 debi-

1310 2366 1446 2412 tores,
1469 2363 1572 2403 dans
1592 2361 1776 2413 intelligi
1810 2365 2046 2413 peccatores
2074 2362 2147 2415 qui
2173 2363 2345 2414 magnis

1312 2434 1465 2475 debitis
1486 2436 1584 2474 sunt
1605 2432 1777 2482 astricti,
1795 2433 2029 2473 secundum
2048 2433 2154 2474 illud
2169 2434 2197 2455 ¹²
2217 2446 2257 2474 z«
2271 2434 2341 2474 Di-

1311 2505 1434 2545 mitte
1454 2504 1576 2545 nobis
1595 2503 1735 2544 debita
1754 2506 1912 2553 nostra,
1935 2518 1953 2541 n
1990 2504 2034 2544 id
2060 2506 2143 2555 est,
2177 2507 2347 2558 peccata

1312 2574 1448 2623 notra,
1478 2587 1496 2610 α
1516 2571 1623 2612 sicut
1645 2574 1686 2612 et
1703 2583 1780 2612 nos
1801 2571 2055 2612 dimittimus
2083 2572 2343 2613 debitoribus

1312 2643 1481 2694 nostris,
1503 2658 1521 2681 ))
1549 2645 1626 2683 010.
1650 2642 1729 2683 Per
1747 2643 2043 2684 foeneratorem
2066 2643 2346 2695 intelligimus
2377 2633 2380 2637 ’

1314 2714 1547 2765 Christum,
1571 2714 1804 2754 secundum
1823 2714 1926 2754 illud
1947 2715 2002 2754 ¹³:
2034 2714 2203 2757 «Serve
2235 2715 2345 2756 male

1313 2787 1353 2826 01
1375 2785 1512 2838 piger,
1536 2784 1692 2824 sciebas
1712 2784 1813 2836 quia
1833 2786 1958 2835 meto,
1976 2785 2051 2825 ubi
2062 2797 2147 2825 non
2162 2785 2341 2835 semin03

1315 2859 1601 2908 etcongrego,
1616 2855 1784 2896 ubinon
1795 2856 1929 2908 sparsi
1953 2867 1962 2895 ε
1984 2855 2170 2909 oportuit
2189 2868 2294 2907 ergo
2306 2858 2345 2896 te

1316 2928 1577 2968 committere
1597 2926 1820 2979 pecuniam
1841 2938 1981 2966 meam
2000 2926 2276 2976 numulariis,
2306 2928 2346 2967 et

1316 2999 1491 3039 veniens
1511 3009 1593 3049 ego
1613 2997 1864 3050 recepissem
1885 2997 2033 3049 utique
2063 2997 2177 3048 quod
2198 3008 2344 3037 meum

1317 3073 1377 3111 est
1399 3081 1496 3110 0001
1521 3080 1666 3109 usura.
1691 3082 1710 3106 >i
1736 3067 1787 3108 Et
1807 3067 1907 3120 quia
1924 3079 2010 3107 non
2030 3078 2178 3107 omnes
2198 3079 2346 3120 aequa-

1317 3141 1412 3181 liter
1432 3141 1618 3193 peccant,
1634 3151 1712 3179 nec
1731 3138 1950 3191 aequaliter
1970 3137 2231 3189 obligantur,
2254 3139 2347 3180 ideo

1319 3211 1513 3252 additur:
1541 3210 1655 3251 Unus
1675 3209 1845 3251 debebat
1864 3208 2062 3250 denarios
2076 3209 2346 3262 quinqentos.

1320 3283 1367 3324 In
1391 3294 1476 3335 quo
1505 3281 1740 3323 ostenditur
1769 3280 1893 3332 plena
1926 3278 2151 3331 obligatio,
2180 3283 2350 3333 propter

1323 3432 1358 3437 --
1373 3414 1386 3436 8
1402 3412 1494 3445 Ρ,ςαί.
1517 3420 1614 3452 xcul,
1635 3414 1667 3451 8,
1688 3413 1718 3443 8.
1739 3427 1779 3435 -
1800 3412 1811 3430 ⁹
1831 3411 1938 3450 Jorm„
1961 3418 2032 3450 xvl,
2055 3413 2106 3443 12.
2123 3427 2163 3435 -
2184 3412 2212 3434 ¹⁰
2230 3410 2350 3450 Eccli„

1322 3469 1368 3501 vt,
1392 3462 1453 3501 33,
1473 3461 1525 3491 36.
1545 3476 1585 3482 --
1608 3459 1630 3480 ¹¹
1654 3458 1789 3496 Mamm,
1815 3466 1924 3497 xxm,
1947 3460 1976 3498 83
2001 3459 2110 3498 locui„
2132 3466 2216 3498 xlll,
2238 3460 2286 3490 13.
2309 3473 2350 3482 -

1324 3510 1347 3530 ¹'·'
1369 3507 1505 3546 Mutua„
1531 3513 1577 3546 vr,
1600 3508 1650 3538 12.
1667 3522 1707 3529 —
1729 3505 1754 3527 ¹³
1773 3505 1856 3537 ibid.
1881 3513 1961 3546 XXV,
1984 3507 2037 3546 26,
2059 3508 2110 3537 26.
