2634 3853
950 118 1223 161 EXPOSlTIO
1254 119 1308 160 IN
1339 119 1453 160 CAP.
1484 119 1587 161 XIV.

205 210 403 249 aeternale
439 220 514 260 per
541 209 892 250 introductionem
923 208 1148 261 parabolae.
1182 208 1230 248 In

203 279 283 319 hac
301 280 444 319 autem
463 279 662 330 parabola
674 279 755 320 tria
774 279 1114 329 introducuntur,
1129 291 1230 331 quo-

203 361 300 389 rum
321 349 509 401 primum
529 352 589 390 est
614 350 807 391 invitatio
829 350 1132 402 plurimorum3
1163 361 1227 389 se-

204 419 392 459 cundum
417 422 480 460 est
509 421 722 461 excusatio
750 420 1041 469 invitatorum,
1064 419 1113 459 de
1145 432 1230 471 qua

204 489 262 529 ibi
274 490 286 511 1
300 500 309 527 :
323 489 380 532 Et
391 494 600 542 coeperzmt
612 490 740 532 simul
752 501 892 533 omnes
906 500 1119 540 excusare,
1133 492 1209 530 etc.
1217 505 1227 540 ;

205 559 378 600 tertium
406 562 468 600 est
492 561 678 612 repulsio
710 563 1061 612 contemptorum,
1083 560 1142 599 ibi
1166 561 1179 581 ‘²
1217 575 1226 601 ε

204 630 259 672 Et
282 640 472 672 reversus
490 640 649 680 servus,
672 632 749 670 etc.
775 630 890 671 Circa
910 633 1052 670 autem
1077 630 1227 670 invita-

204 700 363 740 tionem
397 700 678 753 plurimorum
705 700 785 741 tria
816 700 1140 740 introducuntur
1177 701 1228 740 ab

204 769 492 822 Evangelista,
527 771 681 811 scilicet
711 770 962 823 praeparatio
995 770 1230 810 refectionis

204 841 389 890 aeternae,
421 841 584 881 vocatio
616 840 899 881 multitudinis
930 840 982 880 ad
1012 840 1155 890 fidem,
1189 843 1228 880 et

204 910 399 950 excitatio
417 911 606 962 eJusdem
623 911 676 951 ad
695 910 976 951 devotionem.

257 978 399 1020 Primo
418 979 569 1031 igitur,
584 983 792 1032 quantum
811 980 863 1020 ad
877 980 1229 1033 praeparationem

203 1049 438 1091 refectionis
457 1052 643 1101 aeternae,
665 1050 763 1090 dicit
785 1065 793 1091 :
817 1051 951 1092 Homo
969 1049 1147 1103 quidam
1165 1051 1230 1101 fe-

202 1120 263 1163 cit
278 1130 436 1162 coenam
453 1130 667 1172 magnam,
689 1119 731 1160 id
758 1121 833 1169 est,
857 1119 1046 1160 Christus
1065 1131 1226 1173 praepa-

201 1190 312 1231 ravit
346 1191 614 1231 refectionem
644 1178 860 1230 &ternam
900 1189 1006 1230 Nam
1041 1190 1229 1231 Christus

201 1261 355 1302 dicitur
401 1262 526 1304 homo·
565 1260 743 1314 quidam
790 1261 1086 1312 singulariter,
1128 1274 1225 1302 con-

202 1336 344 1385 ceptus
362 1333 452 1373 sine
477 1332 591 1373 virili
615 1332 788 1382 semine,
810 1334 936 1372 natus
966 1332 1056 1372 sine
1080 1333 1228 1373 matris

201 1401 359 1452 dolore,
381 1401 584 1442 immunis
613 1401 666 1441 ab
698 1401 815 1440 omni
841 1404 1024 1453 peccato,
1045 1405 1085 1442 et
1112 1413 1226 1442 mor-

201 1474 300 1513 tuus
317 1483 394 1524 pro
413 1471 637 1512 hominum
662 1474 845 1524 peccato.
878 1471 934 1512 De
953 1483 1038 1524 quo
1058 1472 1228 1513 homine

201 1543 245 1583 in
265 1542 430 1585 Psalmo
450 1543 464 1565 ³
485 1555 495 1583 t
522 1558 541 1581 α
560 1541 696 1583 Homo
712 1544 837 1582 natus
853 1544 915 1582 est
934 1542 977 1581 in
997 1553 1059 1592 ea,
1082 1547 1121 1583 et
1141 1543 1228 1595 ipse

201 1613 394 1655 fundavit
413 1625 507 1654 eam
526 1613 778 1654 Altissimus.
798 1627 818 1650 n
842 1612 917 1652 Hic
934 1613 1030 1652 fecit
1047 1625 1224 1663 coenam,

201 1683 302 1736 quia
325 1684 578 1736 praeparavit
592 1683 862 1724 refectionem
880 1694 1093 1724 summam
1112 1686 1151 1723 et
1167 1683 1228 1724 ul-

200 1754 363 1795 timam.
386 1753 502 1795 Unde
522 1752 666 1794 Glossa
685 1754 698 1775 ⁶
718 1765 727 1794 z
747 1769 766 1791 «
782 1753 869 1794 Hoc
879 1753 1122 1794 convivium
1141 1765 1227 1794 non

201 1823 444 1878 prandium,
464 1824 535 1864 sed
555 1835 674 1864 coena
693 1823 858 1873 dicitur,
878 1823 977 1876 quia
995 1826 1087 1875 post
1105 1836 1227 1875 pran-

201 1894 334 1944 dium,
357 1894 408 1935 de
427 1906 512 1947 quo
535 1894 760 1934 Matthaeus
778 1894 791 1915 ⁵
817 1894 919 1945 agit,
943 1905 1062 1934 eoena
1082 1897 1224 1943 restat,

200 1967 242 2005 et
260 1967 355 2018 post
381 1976 547 2005 coenam
571 1965 737 2005 nullum
766 1964 1009 2005 convivium
1039 1968 1178 2006 restat.
1202 1979 1220 2003 n

200 2036 257 2077 De
285 2037 364 2077 hac
385 2048 504 2077 coena
530 2036 682 2077 dicitur
707 2040 719 2061 ⁶
748 2050 757 2076 :
787 2051 805 2073 c(
828 2035 944 2076 Beati
972 2037 1047 2088 qui
1067 2038 1118 2078 ad
1143 2049 1224 2078 coe-

200 2118 300 2148 nam
335 2107 580 2159 nuptiarum
616 2106 718 2157 agui
754 2107 890 2146 vocati
926 2109 1037 2146 sunt.
1071 2121 1090 2144 n
1128 2107 1228 2147 flaec

200 2189 320 2219 coena
344 2188 505 2228 magna
532 2178 609 2226 est,
636 2176 738 2228 quia
767 2176 1088 2218 inaestimabilis.
1112 2177 1228 2217 Unde

199 2249 245 2289 in
262 2249 412 2290 Genesi
424 2248 438 2270 ⁷
456 2262 463 2287 :
483 2262 502 2286 (ι
518 2246 610 2299 Ego
623 2258 781 2287 merces
794 2250 868 2287 tua
880 2259 1038 2301 magna
1048 2248 1188 2287 nimis.
1205 2262 1224 2285 ι)

174 2319 178 2321 ’
202 2318 308 2368 Quia
326 2317 650 2373 interminabilis
669 2321 682 2342 ⁸
706 2332 714 2356 z
745 2333 763 2355 α
780 2316 810 2357 Ο
832 2317 971 2367 Israel,
994 2330 1123 2370 quam
1141 2330 1227 2358 ma-

202 2400 291 2441 gna
316 2390 378 2429 est
397 2388 548 2429 domus
575 2388 661 2437 Dei,
688 2390 727 2428 et
752 2388 906 2439 ingens
925 2388 1042 2429 locus
1065 2400 1228 2441 posses-

202 2459 330 2500 sionis
349 2460 464 2511 eJusl
486 2457 668 2509 Magnus
688 2460 750 2497 est
768 2460 809 2497 et
830 2470 915 2498 non
935 2458 1061 2498 hahet
1081 2460 1223 2511 finem,

203 2530 394 2570 excelsus
423 2531 463 2569 et
491 2529 740 2569 immensus.
763 2542 781 2565 ›>
817 2528 912 2568 Ideo
945 2531 1086 2569 autem
1115 2529 1227 2569 aesti-

203 2599 312 2640 mari
332 2611 419 2640 non
442 2600 594 2651 potest,
617 2599 718 2651 quia
744 2601 831 2638 tam
853 2598 983 2649 cibus,
1006 2611 1134 2651 quam
1160 2599 1227 2639 ille

202 2669 277 2723 qui
311 2669 533 2720 ministrat,
567 2669 675 2709 Deus
709 2671 786 2718 est,
823 2672 863 2708 et
899 2681 1116 2709 summum
1151 2670 1225 2710 ho-

201 2751 307 2780 num
324 2743 349 2790 ,⁹
378 2753 387 2780 :
424 2754 443 2778 α
471 2739 565 2791 Ego
592 2739 767 2792 dispono
798 2739 928 2788 vobis,
959 2739 1066 2779 sicut
1095 2740 1229 2792 dispo-

203 2810 288 2851 suit
307 2809 415 2849 mihi
443 2813 560 2862 pater
579 2821 716 2860 meus,
738 2822 942 2862 regnum;
965 2812 1012 2850 ut
1041 2810 1170 2850 edatis
1189 2813 1229 2850 et

203 2879 355 2920 bibatis
376 2892 503 2933 super
521 2892 711 2921 mensam
730 2893 869 2921 meam
888 2881 933 2920 in
959 2892 1096 2932 regno
1117 2893 1226 2930 meo,

204 2952 246 2989 et
280 2950 454 2991 sedeatis
491 2963 617 3003 super
653 2951 827 2992 thronos
852 2951 1091 3003 judicantes
1123 2952 1227 2992 duo-

204 3019 338 3060 decim
366 3021 501 3061 tribus
521 3021 659 3061 Israel.
683 3036 702 3058 n
737 3021 792 3061 De
811 3021 956 3073 quoin
978 3021 1141 3063 Psalmo
1167 3023 1194 3043 ¹⁰
1218 3036 1226 3062 :

209 3106 225 3124 «
259 3089 586 3131 Inebriabuntur
611 3091 663 3131 ab
689 3091 880 3131 ubertate
899 3091 1049 3131 domus
1067 3093 1168 3143 tuae,
1190 3094 1230 3132 et

205 3161 390 3201 torrente
408 3161 638 3213 voluptatis
655 3163 741 3202 tuae
761 3161 924 3214 potabis
943 3173 1027 3201 eos.
1051 3176 1070 3198 n
1121 3164 1126 3165 ⁷

248 3289 257 3309 ¹
287 3288 363 3328 Ins„
391 3290 441 3320 18.
465 3305 505 3311 -
529 3289 542 3309 ²
567 3290 643 3329 lnf.,
666 3291 717 3322 21.
747 3307 781 3311 —
809 3290 820 3305 5³
844 3289 934 3321 Psal.
964 3297 1112 3330 Lxxxw,
1139 3293 1169 3322 5.
1190 3308 1230 3314 —-

210 3335 220 3352 ⁴
238 3335 285 3365 Ex
304 3335 400 3374 Rea„
422 3335 456 3366 in
476 3336 566 3376 Luc„
585 3335 642 3367 lib.
663 3337 720 3376 lv,
740 3346 769 3368 c.
789 3344 890 3367 Lx.—
907 3338 916 3354 ⁵
936 3336 1070 3374 Maseli„
1089 3345 1178 3375 xxxi,
1203 3340 1226 3368 Ξ.

207 3397 248 3404 —
266 3382 277 3397 ‘³
299 3381 411 3421 Apoc„
432 3389 505 3422 xix,
525 3384 555 3414 9.
570 3399 610 3406 —
630 3384 640 3402 ⁷
661 3383 755 3423 Gen.,
775 3390 831 3422 xv,
853 3386 883 3414 1.
901 3399 940 3406 -
961 3386 971 3399 1
989 3384 1082 3421 Bar„
1104 3391 1161 3423 ιιι,
1176 3386 1226 3415 24.

2251 131 2328 170 615

1357 207 1562 258 SecundO,
1585 211 1793 261 quantum
1821 211 1873 252 ad
1891 214 2152 255 vocationem
2183 216 2325 257 multi-

1303 278 1459 317 tudinis
1476 278 1526 318 ad
1544 278 1686 329 fidem,
1708 280 1848 321 subdit
1871 293 1880 321 ε
1901 282 1955 324 Ec
1973 285 2139 326 vocavit
2159 285 2325 337 malm,

1303 347 1355 387 ad
1383 347 1524 397 fidem,
1546 348 1644 400 quia
1670 349 1721 390 de
1750 351 1867 390 omni
1896 353 2021 402 statu,
2047 356 2086 393 et
2117 357 2258 405 gente,
2288 357 2329 395 et

1303 420 1440 467 aetate,
1463 419 1693 458 secundum
1727 420 1829 459 illud
1860 421 1986 463 Joelis
2019 424 2047 446 ¹¹
2080 437 2089 463 :
2118 438 2136 460 «
2168 423 2326 464 Sancti-

1303 488 1422 528 ficate
1450 489 1677 540 jernium,
1702 493 1846 531 vocate
1878 495 2048 543 coetum,
2071 498 2328 546 congregate

1302 558 1522 610 populum,
1554 559 1806 600 sanctificate
1835 561 2066 613 ecclesiam,
2098 564 2328 606 coadunate

1303 639 1444 677 seneS,
1481 632 1743 680 congregate
1785 632 2006 683 parvulos,
2047 636 2087 674 et
2127 638 2328 686 sugentes

1302 697 1488 737 ubera.»
1523 698 1602 746 Qui
1631 698 1688 738 sic
1718 703 1937 752 vocantur,
1966 714 2039 754 per
2069 715 2329 757 consequens

1302 767 1354 806 ad
1391 770 1590 807 aeternam
1634 768 1904 810 refectionem
1951 775 2168 813 vocantur.
2211 773 2329 815 Unde

1301 837 1449 879 Petrus
1470 839 1497 859 ¹²
1521 852 1530 878 ε
1560 854 1578 876 (‹
1597 838 1707 879 Deus
1738 842 1880 881 autem
1903 842 2040 881 omnis
2064 843 2229 893 gratiae,
2252 845 2324 896 qui

1302 908 1467 948 vocavit
1497 919 1574 948 nos
1604 909 1648 948 in
1680 912 1880 950 aeternam
1915 923 2035 952 suam
2070 913 2251 964 gloriam
2280 914 2325 954 in

1302 976 1465 1017 Christo
1496 977 1608 1027 Jesu,
1630 992 1649 1015 ›>
1690 982 1785 1030 etc.,
1820 981 1946 1032 «ipse
1974 982 2175 1033 perficiet,
2198 997 2217 1020 »
2248 985 2324 1023 etc.

1302 1045 1398 1087 Ideo
1424 1050 1564 1088 autem
1585 1051 1707 1089 vocat
1731 1050 1901 1100 multos,
1922 1053 1969 1090 ut
1989 1051 2182 1092 ostendat
2209 1063 2324 1091 sum-

1302 1129 1417 1158 mam
1441 1118 1733 1160 liberalitatem
1761 1120 1811 1172 (a)
1835 1124 1875 1160 et
1902 1121 2226 1172 benignitatem;
2255 1123 2327 1162 sed

1302 1189 1394 1229 ideo
1411 1201 1565 1241 paucos
1585 1190 1726 1241 elegit,
1745 1193 1792 1230 ut
1806 1191 1995 1231 ostendat
2009 1191 2156 1244 ‚iudicii
2175 1193 2328 1233 severi-

1302 1262 1443 1299 tatem.
1468 1259 1642 1312 Propter
1660 1261 1772 1313 quod
1784 1261 1826 1301 in
1838 1262 2029 1305 Mattlzaeo
2042 1262 2090 1313 (b)
2108 1263 2136 1284 ¹³
2151 1277 2189 1303 ια
2208 1262 2328 1303 Multi

1302 1332 1399 1369 sunt
1425 1331 1582 1381 vocati3
1614 1332 1734 1383 pauci
1761 1344 1861 1372 vero
1888 1332 2020 1372 electi.
2044 1346 2062 1369 n
2090 1332 2205 1373 Unde
2236 1333 2329 1373 haec

1303 1400 1463 1441 vocatio
1480 1401 1760 1442 multitudinis
1776 1405 2043 1455 comparatur
2059 1402 2239 1454 captioni
2260 1415 2325 1443 sa-

1302 1483 1439 1522 genae,
1454 1483 1550 1523 quae
1571 1473 1679 1523 capit
1699 1484 1751 1512 ex
1771 1473 1887 1512 omni
1909 1484 2064 1523 genere
2085 1472 2261 1523 piscium
2272 1473 2323 1512 ¹⁴:

1309 1557 1326 1579 α
1349 1541 1492 1582 Simile
1517 1544 1576 1582 est
1594 1554 1780 1594 regnum
1804 1543 2007 1583 coelorum
2028 1554 2200 1594 sagenae
2227 1543 2330 1584 mis-

1301 1623 1372 1660 sae,
1396 1615 1490 1661 etc„
1514 1614 1555 1652 et
1573 1625 1625 1653 ex
1642 1613 1757 1653 omni
1779 1623 1935 1663 genere
1955 1612 2132 1665 piscium
2158 1624 2330 1664 congre-

1304 1682 1438 1734 ganti,
1465 1696 1485 1720 »
1504 1685 1579 1723 etc.

1355 1752 1522 1802 Tertio,
1555 1756 1764 1805 quantum
1802 1753 1854 1793 ad
1884 1752 2179 1794 excitationem
2213 1754 2328 1806 ejus-

1302 1825 1395 1864 dem
1416 1824 1650 1864 multidinis
1675 1824 1726 1865 ad
1757 1824 2043 1874 devotionem,
2067 1824 2206 1865 subdit
2227 1839 2237 1864 z
2268 1827 2329 1868 Et

1302 1896 1422 1937 misit
1440 1905 1604 1937 servum
1626 1895 1727 1937 hora
1740 1906 1866 1938 coence
1885 1895 2022 1938 dicere
2042 1896 2258 1946 invitatis,
2279 1899 2326 1938 ut

1302 1967 1507 2008 venirent.
1555 1965 1712 2007 Servus
1741 1967 1844 2016 iste,
1864 1968 1912 2006 ut
1941 1965 2039 2006 dicit
2062 1965 2229 2016 Glossa,
2263 1968 2326 2006 est

1302 2038 1403 2078 ordo
1433 2036 1755 2089 praedicantium
1785 2049 1794 2076 :
1838 2036 1911 2088 qui
1947 2048 2044 2077 cum
2079 2036 2160 2076 sint
2179 2037 2320 2087 multi,

1301 2107 1601 2158 intelliguntur
1638 2110 1780 2147 tamen
1818 2107 1990 2147 nomme
2025 2106 2152 2147 unius
2189 2107 2322 2156 servi,

1302 2189 1378 2230 pro
1393 2177 1556 2218 unitate
1576 2177 1720 2226 officii;
1740 2177 1791 2218 de
1812 2188 1896 2229 qua
1914 2176 2112 2216 missione
2132 2177 2159 2198 ¹5
2182 2191 2190 2216 :
2209 2192 2228 2215 «
2247 2176 2323 2216 Mi-

1302 2248 1355 2288 sit
1376 2248 1547 2288 ancillas
1570 2258 1686 2294 suas,
1720 2249 1768 2286 ut
1797 2248 1993 2287 vocarent
2020 2246 2070 2286 ad
2099 2258 2258 2296 arcem,
2283 2249 2325 2286 et

1303 2318 1353 2357 ad
1380 2317 1535 2357 moenia
1563 2315 1756 2356 civitatis,
1778 2328 1797 2352 ι)
1833 2315 1889 2355 De
1923 2315 2004 2355 hoc
2034 2326 2155 2356 servo
2183 2316 2326 2358 Isaias

1302 2388 1359 2428 ait
1378 2388 1405 2409 ¹⁶
1428 2402 1437 2428 ε
1457 2402 1475 2426 α
1495 2387 1546 2427 Et
1563 2397 1677 2426 nunc
1695 2386 1788 2426 haec
1805 2385 1902 2426 dicit
1921 2385 2122 2426 Dominus
2140 2386 2325 2426 formans

1302 2470 1370 2498 me
1408 2469 1461 2497 ex
1505 2460 1624 2497 utero
1670 2467 1842 2497 servum
1874 2456 1973 2507 sibl,
2010 2458 2123 2496 etc.:
2170 2455 2325 2496 Parum

1303 2532 1389 2579 est,
1411 2531 1458 2568 ut
1478 2528 1534 2567 sis
1553 2527 1659 2567 mihi
1685 2538 1831 2568 servus
1851 2527 1902 2567 ad
1934 2526 2215 2580 suscipiendas
2244 2527 2325 2567 tri-

1303 2600 1381 2640 bus
1411 2598 1557 2647 Jacob,
1592 2599 1634 2637 et
1668 2597 1789 2637 faeces
1824 2596 1951 2636 Israel
1990 2596 2321 2638 convertendas:

1303 2670 1395 2710 dedi
1414 2672 1455 2710 te
1475 2670 1519 2708 in
1538 2668 1676 2709 lucem
1699 2667 1913 2719 gentium,
1947 2670 1995 2707 ut
2025 2667 2081 2707 sis
2100 2667 2211 2707 salus
2231 2679 2326 2707 mea

1302 2752 1438 2792 usque
1464 2739 1516 2779 ad
1543 2740 1780 2778 extremum
1805 2740 1944 2778 terrae.
1976 2751 1995 2774 n
2028 2736 2140 2777 Hora
2169 2748 2322 2787 coenae,

1304 2813 1364 2851 est
1381 2810 1478 2850 finis
1497 2808 1658 2858 saeculi,
1681 2808 1761 2848 hoc
1784 2810 1865 2858 est,
1886 2810 2052 2859 tempus
2069 2808 2199 2848 sextae
2218 2809 2324 2848 aeta-

1304 2882 1376 2931 tis,
1395 2879 1628 2920 secundum
1646 2877 1750 2919 illud
1771 2881 1800 2903 ¹⁷
1823 2890 1863 2918 2«
1883 2877 1930 2917 In
1948 2889 2053 2930 quos
2074 2878 2180 2918 fines
2198 2888 2326 2918 saecu-

1304 2953 1443 2992 lorum
1463 2950 1734 2991 devenerunt.
1761 2962 1779 2985 ι)
1809 2947 1859 2987 Et
1877 2947 1904 2969 ¹⁸
1928 2962 1936 2986 :
1965 2961 1984 2985 «
2011 2946 2146 2988 Filioli
2165 2948 2227 2998 (c),
2244 2959 2325 2987 no-

1304 3022 1476 3064 vissima
1494 3021 1599 3060 hora
1618 3022 1691 3059 est.
1708 3033 1727 3056 >³
1753 3017 1806 3058 Hi
1826 3017 1937 3059 servi
1957 3017 2101 3057 dicunt
2119 3016 2323 3066 invitatis,

1304 3095 1353 3133 ut
1376 3091 1548 3133 veniant
1562 3089 1614 3129 ad
1632 3100 1810 3138 coenam,
1823 3087 2009 3136 veniant,
2032 3087 2206 3139 inquam
2219 3117 2230 3136 ‚
2251 3098 2327 3139 per

1305 3204 1344 3209 -
1364 3188 1375 3205 ‘³
1392 3185 1467 3224 Ins„
1487 3191 1578 3221 xxil,
1596 3184 1707 3214 29-30.
1731 3199 1772 3205 —
1792 3182 1819 3205 10
1839 3181 1930 3213 Psal.
1956 3188 2059 3219 xxxv,
2080 3182 2110 3211 9.
2131 3197 2170 3203 —
2188 3180 2325 3218 ¹1Joel.‚

1305 3241 1349 3272 11,
1379 3234 1429 3263 15.
1455 3248 1494 3254 --
1523 3231 1548 3250 ¹²
1582 3231 1592 3260 l
1622 3230 1726 3266 Petr„
1751 3237 1784 3268 v,
1811 3230 1860 3260 10.
1883 3246 1917 3251 -
1940 3227 1966 3248 1³
1984 3225 2116 3265 Matth„
2136 3234 2198 3266 xx,
2220 3229 2270 3258 16.
2287 3244 2327 3250 —

1306 3280 1331 3301 ι’*
1347 3278 1444 3317 lbid.‚
1466 3284 1542 3316 xm,
1565 3277 1615 3307 47.
1637 3292 1675 3298 -
1698 3276 1721 3297 ¹⁵
1740 3275 1849 3315 Prov„
1870 3282 1917 3313 ix,
1941 3275 1971 3304 3.
2001 3289 2042 3296 —
2071 3274 2097 3293 ¹⁶
2126 3274 2205 3312 Isa„
2232 3280 2330 3312 xmx,

1306 3328 1342 3363 5,
1374 3328 1404 3356 6.
1434 3340 1472 3346 ——
1504 3323 1526 3345 ¹⁷
1555 3324 1563 3353 l
1595 3322 1685 3362 Corn,
1716 3330 1754 3360 x,
1791 3325 1840 3353 11.
1865 3338 1900 3343 —
1927 3320 1952 3341 18
1976 3319 2173 3358 1Joan.,11,
2197 3320 2245 3349 18.

1348 3384 1391 3422 (α)
1415 3382 1493 3413 Coet.
1515 3381 1593 3412 edit.
1616 3380 1860 3412 libertatem.—
1881 3379 1921 3418 (b)
1946 3376 2227 3417 Matthaeus.——(c)
2244 3376 2328 3410 Filii.
