2587 3845
44 2431 176 2458 Christus

35 2480 87 2506 per
96 2479 176 2498 man-

35 2521 73 2539 na
86 2513 176 2547 signi-

37 2556 148 2582 fleatur.

188 198 264 235 116

186 293 379 335 saporem
404 293 429 322 a
452 280 637 334 quolibet
666 279 967 325 desideratum,
996 285 1099 325 ergo
1125 284 1213 313 non

187 353 493 405 desiderassent
507 363 652 391 carues
670 348 860 401 AEgypti,
879 358 955 386 nec
971 345 1215 386 nauseasset

188 424 337 465 anima
362 435 509 463 eorum
530 432 655 473 super
675 420 763 461 elbo
787 417 1014 465 levissimo,
1039 426 1136 454 cum
1156 416 1215 452 ta-

187 506 286 534 men
308 493 547 546 oppositum
567 492 735 542 legatur
754 493 781 529 ¹.
803 487 1047 534 Dicendum,
1070 495 1216 524 secun-

187 565 290 605 dum
314 564 526 604 Glossam:
548 578 566 600 «
587 561 690 601 Boni
714 570 907 611 saporem
927 556 1136 609 optimum
1155 553 1216 593 ibi

186 634 483 683 inveniebant;
507 632 576 672 sed
596 630 696 671 mali
714 628 994 669 fastidiebant.
1014 641 1032 663 n
1058 624 1130 665 Vel
1151 624 1213 664 di-

188 705 389 755 cendum,
415 702 526 756 quod
552 701 823 754 requirebant
849 698 893 738 in
918 697 1010 737 cibo
1036 707 1123 735 non
1148 705 1215 734 so-

186 777 277 816 lum
310 774 626 815 delectationem
654 771 815 824 saporis
844 768 982 821 quoad
1011 768 1213 819 gustum;

188 847 260 888 sed
280 846 406 887 etiam
428 844 580 886 coloris
601 842 739 896 quoad
762 842 992 893 aspectum,
1014 840 1054 878 et
1076 835 1217 877 odoris

188 917 327 971 quoad
355 917 592 958 odoratum.
620 913 935 965 Hieronymus:
964 923 983 947 α
1008 908 1119 948 Aves
1148 917 1215 945 co-

188 1002 281 1030 ram
307 988 507 1030 divitibus
538 986 580 1025 in
611 984 698 1025 suis
729 981 948 1034 saporibus
974 979 1220 1030 decoquun-

189 1063 274 1109 tur,
295 1062 343 1099 ut
368 1058 464 1099 visu
487 1060 527 1097 ct
546 1056 672 1097 odore
695 1053 954 1100 reficiantur,
983 1049 1090 1088 sicut
1114 1046 1216 1087 deli-

189 1130 288 1171 ciosi
318 1130 361 1168 in
390 1129 515 1178 vino,
536 1141 555 1165 ))
585 1138 682 1167 cum
702 1128 843 1164 tamen
870 1122 1031 1162 dicatur
1049 1123 1063 1143 2
1086 1133 1094 1157 :
1123 1115 1220 1158 «Ne

189 1200 391 1240 intuearis
430 1199 578 1239 vinum
599 1229 609 1247 ,
659 1193 827 1248 quando
865 1189 1080 1239 flavescit,
1120 1199 1220 1228 cum

189 1269 447 1323 splenduerit
466 1269 510 1308 in
531 1267 656 1317 vitro,
679 1281 698 1303 »
724 1268 800 1305 etc.

242 1345 309 1382 ⁶21.
341 1340 631 1382 Substantiam
660 1337 772 1378 enim
803 1338 921 1377 tuam
957 1332 1034 1384 (a),
1063 1330 1106 1371 id
1134 1332 1216 1380 est,

190 1417 309 1454 tuam
328 1413 530 1454 virtutem
562 1406 849 1456 sustentandi3
873 1408 910 1446 et
929 1402 1217 1449 dulcedinem,

192 1485 235 1526 id
255 1488 330 1535 est,
351 1485 597 1537 potestatem
618 1476 869 1525 delectandi,
890 1484 1019 1527 quam
1037 1472 1159 1513 habes
1174 1472 1222 1512 ’ίη

192 1556 320 1607 filios,
344 1555 499 1595 scilicet
519 1564 589 1593 eos
609 1547 879 1591 sustentando
899 1557 975 1598 per
995 1544 1076 1584 cibi
1096 1543 1222 1582 subs—

192 1628 367 1667 tantiam
381 1657 390 1674 ,
414 1627 453 1664 et
473 1621 715 1664 delectando
737 1630 811 1672 per
841 1615 1031 1669 ejusdem
1051 1614 1131 1653 cibi
1153 1625 1218 1653 sa-

192 1710 336 1751 porem
354 1710 363 1748 ;
380 1694 628 1738 ostendebas
645 1692 710 1744 gb),
729 1693 822 1730 ete:
840 1688 951 1728 unde
973 1690 986 1711 ³
1002 1698 1042 1726 ιε(
1058 1683 1220 1724 Parasti

192 1770 236 1809 in
255 1767 473 1809 dulcedine
497 1768 571 1805 tua
595 1761 794 1817 pauperi,
822 1759 957 1799 Deus:
983 1771 1002 1795 »
1028 1754 1222 1797 ostende-

194 1841 266 1882 bas
280 1840 344 1893 (b),
356 1839 548 1891 inquam,
560 1831 810 1875 conserendo
822 1830 881 1870 eis
894 1827 1139 1881 praedictam
1154 1837 1221 1866 es-

193 1924 286 1953 cam
307 1910 616 1951 sustentantem
637 1907 677 1944 et
696 1902 985 1943 delectantem.
1009 1899 1050 1940 E
1054 1902 1071 1940 ῐ
1089 1897 1225 1939 deser-

193 1984 327 2031 viens,
368 1980 521 2021 scilicet
555 1978 674 2018 cibus
710 1973 780 2015 vel
810 1972 928 2024 panis
969 1969 1222 2022 praedictus,

194 2052 530 2104 uniuscujusque
557 2045 792 2090 voluntati,
820 2041 973 2081 scilicet
1000 2040 1225 2080 comeden-

193 2128 322 2177 tium,
347 2123 405 2166 act
421 2121 534 2176 quod
553 2120 730 2172 quisquc
756 2114 930 2163 volebat,
958 2112 1224 2154 converteba-

195 2202 281 2247 tur,
311 2195 350 2235 id
378 2197 464 2244 est,
502 2192 554 2232 ad
586 2188 757 2243 qualem
790 2196 1007 2237 saporem:
1044 2182 1225 2222 habebat

195 2268 332 2317 enim,
355 2268 402 2306 ut
421 2264 578 2305 dictum
603 2262 687 2309 est,
709 2268 848 2298 unum
874 2264 1067 2306 saporem
1088 2252 1225 2292 deter-

195 2339 403 2379 minatum
423 2347 498 2388 per
516 2335 733 2379 naturam,
757 2327 826 2367 sed
857 2324 999 2366 varios
1020 2335 1094 2376 per
1113 2322 1226 2363 divi-

196 2422 296 2450 nam
317 2407 518 2460 gratiam.
545 2401 740 2455 Mystice,
771 2409 845 2450 per
878 2407 1033 2436 manua
1057 2393 1223 2444 siguifi-

196 2482 368 2522 cabatur
400 2486 592 2528 congrue
623 2471 811 2512 Christus
854 2467 932 2507 sub
965 2466 1226 2505 sacramento

196 2552 364 2593 altaris:
398 2548 559 2602 primo,
588 2543 689 2597 quia
716 2541 805 2593 ipse
827 2541 890 2579 est
908 2536 1028 2590 panis
1048 2535 1224 2587 angelo-

198 2634 312 2671 rum,
334 2620 488 2660 scilicet
505 2614 792 2660 sacerdotum,
815 2608 1045 2649 secundum
1068 2606 1172 2646 illud
1187 2606 1222 2646 ⁴:

204 2708 223 2731 α
251 2690 444 2742 Angelus
483 2683 650 2727 Domini
687 2679 952 2722 exercituum
990 2680 1074 2726 est;
1103 2691 1122 2713 ))
1160 2688 1225 2716 εθ-

199 2761 351 2811 cundo,
372 2758 472 2812 quia
492 2755 655 2797 coelitus
673 2753 860 2805 paratur,
880 2748 922 2788 id
941 2749 1017 2798 est,
1034 2746 1135 2798 quia
1148 2746 1229 2787 vir-

199 2835 289 2873 tute
318 2828 474 2870 coelesti
502 2825 733 2873 conficitur,
766 2820 878 2861 unde
898 2819 939 2858 5:
968 2833 987 2856 α
1015 2817 1105 2868 Ego
1131 2829 1227 2857 sum

199 2903 318 2956 panis
343 2902 489 2950 vivus,
512 2897 587 2950 qui
615 2896 666 2937 de
684 2892 788 2934 coelo
807 2889 1001 2932 descendi
1022 2901 1031 2928 :
1054 2893 1122 2926 »δα
1144 2887 1219 2928 Pa-

199 2974 302 3015 rasti
321 2972 463 3012 cibum
482 2968 666 3016 illorum,
688 2962 890 3017 quoniam
910 2961 967 3000 ita
987 2962 1050 2999 est
1069 2970 1228 3011 praepa-

199 3044 307 3085 ratio
337 3043 448 3090 ejus;
476 3055 494 3077 »
520 3038 668 3087 tertio,
692 3035 794 3088 quia
818 3031 1082 3073 comedentes
1106 3042 1160 3070 ex
1177 3042 1226 3070 eo

200 3127 276 3168 pro
297 3125 375 3153 suo
393 3109 613 3158 desiderio,
628 3107 671 3147 id
693 3108 767 3155 est,
793 3102 1014 3144 devotione
1033 3101 1228 3141 reficiun-

200 3189 270 3226 tur
287 3175 722 3237 (c),secundumillud⁷
742 3189 780 3215 :<‹
795 3171 1053 3214 Desiderium
1072 3170 1226 3211 animae

200 3258 293 3309 ejus
313 3251 497 3295 tribuisti
515 3250 578 3290 ei:
603 3261 621 3285 ι)
644 3245 773 3287 item8
792 3258 800 3285 :
829 3258 848 3281 (ι
872 3240 1131 3282 Desiderium
1152 3253 1226 3281 eo-

243 3340 250 3357 ¹
275 3337 392 3376 Num„
421 3341 501 3373 xm,
530 3334 562 3365 5e
588 3347 624 3352 —-
652 3329 662 3346 ²
692 3329 807 3368 Pron„
832 3332 941 3364 xxm,
965 3324 1015 3354 31.
1036 3339 1076 3345 -
1103 3322 1116 3343 ³
1135 3323 1226 3355 psal,

201 3393 314 3425 vau,
338 3385 387 3415 11.
412 3399 452 3405 —
478 3381 491 3402 ⁴
515 3377 652 3416 Malae„
677 3382 723 3413 iv,
749 3376 779 3405 8.
801 3389 841 3395 —
864 3373 874 3389 ⁵
894 3371 1003 3408 Joan„
1031 3376 1084 3408 νι,
1109 3370 1158 3401 51.
1186 3387 1227 3393 -

200 3433 213 3454 ⁶
233 3431 324 3464 Psal.
352 3436 445 3464 Lx1v.
468 3429 517 3460 10.
539 3441 578 3449 —
598 3424 607 3442 ⁷
625 3421 716 3454 1ἐαί.
739 3428 803 3460 xx,
829 3420 858 3450 3.
879 3434 918 3441 —
944 3418 955 3434 ⁸
974 3415 1066 3448 Psal.
1094 3423 1225 3455 Lxxvu,

201 3481 252 3511 29.
272 3496 313 3502 —
330 3478 344 3500 ⁹
369 3477 484 3515 Num„
504 3481 560 3513 xl,
581 3473 612 3503 9.
631 3486 672 3494 -—
699 3469 724 3491 ¹⁰
745 3466 843 3506 ibid„
865 3467 896 3495 7.
917 3481 957 3487 —
978 3464 998 3481 ¹¹
1017 3462 1128 3503 Apoc„
1153 3470 1226 3501 xlv,

787 185 1060 230 EXPOSlTlO
1088 184 1138 225 ΙΝ
1173 181 1372 224 LIBRUM
1401 183 1714 225 SAPIENTIAE.

1289 284 1386 312 rum
1406 273 1544 314 attulit
1563 273 1636 324 eis,
1654 285 1741 313 non
1758 275 1857 313 sunt
1870 272 2049 313 fraudati
2068 285 2093 314 a
2112 270 2317 314 desiderio

1290 352 1390 390 suo3
1416 356 1434 378 n
1459 344 1625 393 quarto,
1648 340 1748 393 quia
1767 353 1866 381 cum
1891 341 1982 393 ipso
2001 353 2070 381 ros
2091 342 2145 394 (cl)
2169 340 2319 393 gratiae

1291 411 1502 453 descendit
1522 414 1563 452 et
1583 412 1720 462 datur,
1743 411 1850 451 sicut
1879 414 1919 451 et
1947 423 2017 452 ros
2041 424 2139 451 cum
2166 423 2321 451 manna

1292 481 1589 533 descendebat,
1626 484 1673 522 ut
1702 482 1880 521 habetur
1912 481 1956 520 iu
1987 481 2186 523 Numeris
2209 484 2249 531 ⁹;
2281 484 2322 522 et

1291 552 1384 593 ideo
1411 553 1531 604 panis
1560 553 1637 594 iste
1668 551 1933 593 Eucharistia
1957 551 2124 602 dicitur,
2155 551 2323 593 Eucha-

1293 624 1421 665 ristia
1457 624 1569 664 bona
1609 624 1749 676 gratia
1780 623 2106 675 interpretatur3
2143 622 2291 674 quinto
2309 653 2320 672 ,

1292 693 1393 745 quia
1411 693 1519 734 sicut
1537 695 1764 747 apparebat
1778 706 1935 734 manna
1952 695 2001 733 ut
2015 692 2044 718 ²⁰
2060 705 2231 733 «semen
2250 704 2323 732 co-

1293 763 1454 804 riandri
1474 764 1572 814 albi,
1595 780 1614 803 »
1632 765 1689 805 sic
1709 768 1749 806 et
1768 764 1956 806 Christus
1976 764 2054 804 sub
2073 762 2255 804 formula
2276 763 2323 814 (e)

1292 834 1468 875 candida
1488 835 1672 876 sumitur
1687 836 1711 858 ¹¹
1729 850 1765 876 ια
1786 835 1889 876 Ecce
1909 835 2068 875 nubem
2086 833 2323 884 candidam,

1293 907 1334 945 et
1358 918 1487 958 supra
1512 906 1671 946 nubem
1692 907 1906 947 sedentem
1932 905 2112 946 similem
2130 904 2224 944 ¹filio
2244 904 2323 944 ho-

1294 976 1442 1026 minis3
1478 991 1495 1015 n
1519 980 1651 1026 sexto,
1684 977 1784 1030 quia
1809 989 1883 1018 sex
1913 976 2083 1027 diebus,
2105 978 2146 1016 et
2170 987 2255 1015 non
2280 974 2326 1014 in

1294 1047 1467 1087 sabbato
1497 1048 1795 1099 colligebatur,
1829 1048 1888 1087 sic
1919 1047 2107 1088 Christus
2137 1046 2182 1085 in
2214 1056 2324 1097 prae-

1294 1118 1400 1158 senti
1421 1119 1496 1158 sub
1517 1121 1778 1158 sacramento
1801 1118 1999 1167 sumitur,
2021 1113 2093 1157 sed
2113 1117 2157 1156 in
2182 1116 2327 1156 futuro

1295 1188 1488 1238 sabbato,
1519 1189 1569 1229 de
1591 1200 1675 1241 quo
1702 1188 1856 1229 dicitur
1877 1188 1930 1228 ¹²:
1957 1187 2085 1228 «Erit
2104 1186 2328 1227 sabbatum

1295 1270 1348 1298 cx
1368 1258 1556 1310 sabbato,
1582 1274 1602 1297 n
1627 1259 1678 1299 ad
1697 1259 1846 1299 faciem
1859 1258 2073 1299 videbitur
2094 1257 2122 1279 ¹³
2140 1270 2148 1298 :
2172 1271 2191 1295 «
2210 1255 2328 1297 Tunc

1295 1332 1439 1370 autem
1469 1330 1573 1370 facie
1592 1330 1644 1370 ad
1673 1330 1844 1379 faciem3
1868 1344 1887 1366 »
1912 1329 2014 1369 item
2037 1329 2089 1369 ¹⁸:
2118 1343 2138 1366 «
2157 1327 2328 1369 Videbi-

1296 1412 1393 1440 mus
1415 1412 1528 1451 eum,
1552 1400 1677 1440 sicuti
1697 1403 1782 1450 est,
1803 1415 1822 1437 n
1839 1400 2033 1452 septimo,
2052 1399 2168 1452 quia,
2190 1410 2328 1450 usque

1296 1471 1347 1512 ad
1370 1471 1612 1523 ingressum
1634 1474 1757 1512 terrae
1777 1469 2084 1523 promissionis,
2101 1469 2145 1509 in
2165 1469 2328 1509 deserto

1295 1555 1371 1595 per
1391 1543 1675 1595 quadraginta
1694 1554 1825 1582 annos
1843 1542 1934 1582 cibo
1954 1541 2025 1582 illo
2043 1540 2191 1581 nutriti
2212 1543 2325 1590 sunt,

1297 1613 1372 1663 sic,
1392 1625 1527 1665 usque
1547 1614 1600 1653 ad
1621 1614 1749 1652 finem
1771 1613 1934 1663 mundi,
1952 1613 1996 1651 iu
2015 1612 2177 1652 deserto
2197 1611 2328 1664 huJus

1298 1685 1444 1725 mundi
1478 1685 1619 1725 fideles
1646 1684 1843 1724 Ecclesiae
1875 1683 2139 1733 nutriuntur,
2175 1695 2325 1724 secun-

1297 1756 1400 1796 dum
1420 1755 1523 1795 illud
1544 1756 1570 1777 ¹⁵
1588 1769 1627 1795 :<‹
1646 1755 1749 1796 Ecce
1769 1767 1849 1807 ego
1872 1755 2095 1797 vobiscum
2117 1767 2212 1795 sum
2233 1767 2325 1796 om-

1297 1828 1423 1868 nibus
1463 1827 1612 1868 diebus
1650 1839 1786 1880 usque
1826 1827 1879 1868 ad
1916 1826 2327 1868 consummationem

1297 1898 1454 1938 saeculi.
1477 1912 1496 1936 ›)

1351 1971 1416 2009 22.
1451 1969 1546 2010 Nioe
1577 1971 1738 2019 autem,
1773 1970 1850 2009 etc.
1886 1968 1962 2009 Hic
1995 1968 2188 2020 tangitur
2221 1968 2328 2009 ratio

1298 2039 1536 2079 afflictionis
1573 2039 1875 2092 AEgyptiorum
1898 2053 1906 2079 ε
1946 2039 2084 2092 primo
2120 2051 2174 2080 ex
2210 2041 2328 2092 parte

1297 2110 1571 2162 punitorum3
1605 2111 1810 2162 secundo,
1843 2123 1897 2151 ex
1928 2113 2046 2162 parte
2074 2122 2224 2150 eorum
2251 2121 2328 2163 pro

1298 2181 1452 2233 quibus
1479 2181 1789 2233 puniebantur:
1824 2182 1905 2223 Hic
1926 2184 2088 2232 autem,
2118 2183 2220 2231 ete.;
2244 2187 2327 2221 ter-

1298 2251 1369 2302 tio⁷
1395 2264 1449 2291 ex
1469 2254 1585 2304 parte
1606 2251 1676 2292 Dei
1693 2251 1932 2304 punientis:
1959 2252 2173 2301 creatura,
2195 2256 2272 2291 etc.

1352 2322 1459 2362 Dicit
1487 2334 1615 2374 ergo:
1651 2323 1744 2364 Nix
1776 2326 1939 2373 autem,
1966 2325 2042 2363 etc.
2079 2322 2139 2362 Ita
2166 2322 2327 2362 dictum

1299 2396 1378 2444 est,
1413 2394 1526 2446 quod
1552 2395 1669 2445 tynis
1700 2396 1748 2436 τη
1775 2405 1888 2446 aqua
1912 2394 2011 2446 plus
2035 2393 2218 2442 valebam
2243 2393 2328 2434 m‘oe

1299 2467 1437 2505 aulem
1457 2468 1497 2506 et
1518 2464 1697 2517 alacre&
1720 2464 1762 2504 id
1782 2468 1843 2504 est
1865 2464 2044 2516 grando,
2065 2463 2329 2506 sustinebant

1299 2537 1387 2578 vim
1407 2536 1544 2588 igyrtz's,
1567 2535 1609 2576 id
1627 2538 1688 2575 est
1707 2535 1913 2585 calorem,
1936 2534 2012 2588 qui
2037 2538 2099 2575 est
2118 2536 2209 2587 ejus
2229 2547 2330 2587 qua-

1298 2605 1392 2646 litas
1417 2607 1565 2647 activae
1589 2606 1771 2647 virtutis.
1794 2606 1850 2648 Ec
1873 2616 1959 2647 non
1980 2605 2264 2656 tabescebant,
2287 2605 2329 2646 id

1299 2678 1360 2716 est
1379 2689 1465 2717 non
1476 2677 1763 2729 liquefiebant,
1779 2678 1892 2717 unde
1905 2681 1934 2702 ¹⁶
1947 2692 1956 2717 ε
1968 2692 1987 2715 (<
2001 2677 2112 2718 Pluit
2126 2677 2329 2718 Dominus

1299 2747 1551 2798 grandinem
1566 2759 1693 2800 super
1705 2750 1863 2787 terram
1878 2745 2052 2799 AEgypti
2061 2759 2074 2799 3
2091 2750 2131 2787 et
2145 2748 2326 2799 grando,

1300 2820 1340 2857 et
1359 2818 1474 2869 ignis
1495 2817 1628 2858 mixta
1655 2818 1811 2870 pariter
1837 2817 2081 2858 serebantur
2100 2831 2109 2858 ε
2128 2832 2146 2855 n
2173 2823 2221 2861 ut
2242 2820 2326 2861 sci-

1300 2892 1409 2937 rent,
1431 2888 1587 2929 scilieet
1605 2888 1817 2939 israelitae,
1838 2888 2043 2940 quomodo
2061 2889 2228 2940 fructus
2245 2891 2328 2931 im·

1301 2960 1520 3010 micorum,
1542 2959 1584 2999 id
1602 2962 1664 3000 est
1680 2958 1995 3011 AEgyptiorum,
2018 2960 2329 3002 exterminabat

1300 3031 1417 3081 tynis
1440 3029 1615 3080 ardens,
1638 3029 1792 3068 scilicet
1813 3041 1888 3080 per
1908 3029 2104 3078 calorem,
2129 3031 2176 3070 z'n
2197 3040 2329 3082 aran-

1301 3099 1418 3149 dz'ne,
1439 3104 1479 3142 et
1492 3100 1646 3152 pluvia
1667 3109 1907 3148 coruscans,
1925 3098 2082 3138 scilicet
2098 3111 2174 3151 per
2192 3099 2327 3152 splen-

1300 3170 1447 3210 dorem
1468 3171 1494 3195 ¹⁷
1513 3184 1552 3210 z«
1565 3169 1719 3210 Linum
1740 3171 1780 3209 et
1796 3168 2004 3208 hordeum
2024 3168 2125 3210 laesa
2144 3173 2256 3222 sunt,
2278 3182 2328 3212 eo

1302 3277 1352 3308 14.
1378 3293 1418 3299 -
1450 3276 1472 3294 ¹²
1496 3277 1575 3321 rsa„
1602 3282 1701 3314 var,
1734 3274 1785 3305 23.
1812 3290 1852 3297 —
1882 3273 1908 3294 ¹³
1934 3275 1945 3305 Ι
1976 3278 2064 3316 6οη,
2089 3283 2173 3316 xm,
2207 3279 2257 3309 12.
2288 3295 2324 3301 --

1302 3323 1324 3341 ¹⁴
1343 3324 1450 3362 Joan„
1471 3330 1524 3362 111,
1545 3325 1575 3353 2.
1596 3339 1637 3344 —
1659 3322 1684 3343 ¹⁵
1703 3320 1840 3356 Mattlz„
1867 3328 1997 3361 xxvm,
2017 3323 2068 3353 20.
2091 3340 2132 3346 —
2153 3324 2178 3343 ¹⁶
2202 3325 2326 3364 Exod„

1300 3377 1357 3410 lx,
1379 3373 1429 3402 24.
1449 3387 1489 3393 —
1513 3369 1535 3391 ¹⁷
1560 3367 1681 3406 Exod„
1702 3375 1758 3406 JX,
1791 3370 1843 3399 31.
1871 3384 1912 3390 —
1933 3368 1979 3408 (a)
2003 3369 2102 3410 Vulg.
2133 3371 2327 3405 Substantia

1299 3417 1386 3448 enim
1407 3419 1475 3448 tua.
1495 3433 1536 3440 —
1556 3415 1602 3456 (ὁ)
1617 3416 1701 3446 Item
1716 3412 1916 3446 ostendebat.
1937 3431 1976 3437 —
1991 3415 2029 3456 (c)
2047 3416 2128 3450 Caet.
2149 3417 2228 3454 edit.
2242 3418 2326 3452 reci-

1299 3464 1450 3504 piuntur.
1464 3481 1505 3488 —
1518 3463 1566 3504 (d)
1581 3464 1663 3496 Item
1678 3470 1746 3494 res.
1762 3478 1802 3485 —
1815 3461 1854 3502 (e)
1870 3462 1952 3495 Item
1972 3463 2107 3496 nebula.

2368 560 2481 586 Eucha-

2340 599 2434 633 risfia,
2452 599 2480 625 id

2342 642 2396 673 est,
2406 639 2483 666 bona

2342 680 2447 716 gratia.
