2634 3853
133 776 168 802 13.
184 777 273 802 Fran·

133 817 236 844 ciscus.

290 252 368 291 462

291 338 648 380 circumferentes.
681 352 701 377 ))
726 339 777 380 Et
810 337 903 378 ideo
936 334 1089 376 dicitur
1120 333 1247 374 etiam
1269 335 1311 374 ¹:

297 424 316 448 α
336 408 415 458 Qui
449 413 591 451 autem
629 412 726 450 sunt
764 406 950 456 Christi,
987 416 1157 445 carnem
1195 416 1316 444 suam

293 481 595 521 crucifixerunt
616 493 711 519 cuin
733 478 846 518 vitiis
862 479 903 517 et
916 474 1278 528 concupiscentiis.
1292 487 1311 511 »

292 549 398 591 Nota
425 551 536 603 quod
572 550 670 590 dicit
703 561 713 589 ε
739 547 940 600 Quotidie
962 578 973 597 ,
1005 546 1104 599 quia
1132 545 1318 598 quotidie

294 622 538 674 poenitentia
571 621 708 660 crucis
739 620 861 660 debet
893 630 983 659 esse
1032 628 1146 657 nova
1182 618 1222 656 et
1250 628 1316 655 re-

294 704 413 741 cens,
435 694 482 731 ut
513 691 621 731 dicat
654 701 820 742 semper
839 693 852 714 ²
879 703 887 729 :
916 704 934 727 α
955 687 1069 736 Dixi,
1095 699 1210 727 nunc
1243 698 1319 727 coe-

295 763 334 815 pi
352 793 364 811 ,
382 776 400 800 n
428 766 504 802 etc.
539 762 655 802 Sicut
685 762 831 802 heatus
864 759 1113 801 Franciscus
1132 791 1142 809 ,
1174 758 1246 811 qui
1276 757 1320 797 in

294 836 428 874 morte
457 833 619 874 dicebat
647 832 760 885 quod
788 831 1014 884 incipiebat
1041 830 1283 870 benefacere
1307 842 1316 868 ε

299 905 523 954 «Fratres,
553 904 805 957 incipiamus
835 905 875 943 et
903 901 1194 955 proficiamus;
1220 899 1321 952 quia

294 988 406 1017 nuuc
424 988 559 1029 usque
579 987 730 1029 parum
751 973 1018 1027 profecimus.
1036 988 1054 1009 n
1076 971 1187 1011 Crux
1204 981 1322 1010 nam-

293 1060 376 1100 que
415 1047 567 1088 Christi
614 1046 908 1087 renovativam
943 1043 1071 1085 habet
1105 1044 1319 1082 naturam.

294 1120 410 1161 Unde
441 1119 666 1172 Apostolus
683 1119 696 1140 ³
720 1131 729 1158 :
758 1133 777 1155 «
802 1117 915 1158 Licet
944 1116 981 1157 is
1011 1115 1085 1168 qui
1115 1114 1215 1155 foris
1236 1116 1320 1163 est,

293 1194 436 1232 noster
455 1191 584 1232 homo
604 1192 902 1242 corrumpatur
918 1204 929 1239 3
952 1191 1095 1229 tamen
1111 1187 1147 1226 is
1164 1188 1235 1239 qui
1253 1186 1319 1225 in-

294 1266 364 1302 tus
383 1264 468 1312 est,
488 1264 719 1303 renovatur
741 1261 792 1301 de
812 1260 877 1301 die
898 1260 943 1299 in
963 1258 1087 1299 diem.
1109 1272 1128 1295 ›)
1148 1257 1211 1298 Ad
1232 1268 1324 1309 per-

294 1334 445 1374 fectam
463 1336 604 1374 autern
624 1332 774 1373 Christi
797 1330 1079 1371 imitationem
1099 1341 1183 1369 non
1203 1328 1324 1368 suffi-

295 1405 350 1444 cit
373 1404 591 1444 humilitas
608 1406 647 1444 et
669 1402 916 1451 austeritas;
941 1400 1012 1441 sed
1032 1400 1159 1440 etiam
1178 1411 1321 1439 neces-

295 1475 403 1514 saria
420 1477 482 1515 est
499 1476 725 1527 paupertas
743 1488 751 1523 3
769 1473 860 1513 ideo
882 1472 996 1513 addit
1019 1485 1027 1511 ε
1053 1471 1107 1514 Ec
1121 1474 1324 1524 sequatur

295 1557 357 1587 me
380 1575 392 1595 ,
421 1545 575 1585 scilicet
608 1557 682 1598 per
713 1543 961 1584 altissimam
992 1544 1285 1595 paupertatem
1309 1573 1321 1592 ,

296 1628 381 1669 qua
401 1616 508 1656 nihil
527 1615 702 1657 omnino
719 1615 886 1656 volebat
906 1616 1074 1666 portare
1097 1613 1142 1653 in
1164 1613 1259 1663 via,
1278 1615 1326 1652 ut

296 1691 408 1728 recte
428 1690 468 1727 et
485 1686 675 1739 expedite
694 1685 934 1738 perveniret
948 1682 1000 1725 ad
1015 1684 1208 1736 patriam.
1228 1683 1325 1723 ldeo

296 1758 460 1798 dicebat
496 1756 647 1797 Petrus
676 1756 689 1777 ⁴
720 1768 730 1796 :
771 1770 790 1794 c(
820 1754 924 1796 Ecce
955 1765 1033 1794 nos
1072 1753 1327 1805 reliquimus

297 1829 462 1880 onmia,
498 1830 539 1869 et
578 1827 709 1869 secuti
746 1838 894 1868 sumus
926 1828 981 1866 te.
1016 1839 1035 1863 ))
1070 1824 1208 1876 Super
1242 1836 1326 1876 quo

298 1900 537 1942 Bernardus
557 1900 570 1922 ⁵
591 1912 601 1940 z
630 1915 648 1937 «
669 1899 801 1950 Bene,
825 1898 946 1939 Petre
957 1928 970 1948 ,
993 1899 1034 1937 et
1052 1908 1138 1936 non
1159 1895 1208 1935 ad
1231 1895 1328 1935 insi-

297 1972 500 2025 pientiam
533 1970 609 2011 tibi
642 1983 650 2011 :
686 1970 786 2023 quia
814 1970 1055 2009 currentem
1092 1966 1213 2019 sequi
1241 1977 1327 2007 non

297 2046 464 2096 poteras
494 2044 717 2093 oneratus3
737 2043 777 2082 et
794 2041 875 2081 hoc
904 2041 966 2080 est
995 2038 1116 2079 valde
1142 2038 1328 2078 honora-

297 2115 401 2164 bile,
420 2114 518 2155 licet
536 2113 732 2155 videatur
756 2111 859 2160 vile3
879 2109 980 2162 quia
997 2109 1010 2131 ⁶
1037 2124 1055 2147 c(
1075 2108 1213 2160 gloria
1231 2120 1327 2148 ma-

300 2198 387 2238 gna
418 2188 481 2226 est
512 2184 631 2237 sequi
662 2182 906 2224 Dominum.
938 2195 957 2218 ›>
985 2180 1048 2220 Ex
1078 2179 1159 2219 hoc
1185 2181 1328 2219 autem

297 2258 428 2298 verbo
462 2256 627 2297 elicitur
662 2253 817 2306 triplex
854 2251 1077 2293 consilium
1103 2252 1143 2291 et
1176 2252 1328 2291 votum

298 2328 598 2380 religiosorum
623 2358 632 2377 ‚
667 2324 823 2365 scilicet
853 2322 1105 2364 obedientiae
1138 2320 1180 2360 in
1200 2321 1330 2361 abne-

300 2400 472 2452 gatione
490 2429 503 2449 ,
524 2395 725 2438 castitatis
743 2395 789 2434 in
815 2405 939 2434 cruce
960 2423 970 2443 ‚
995 2395 1036 2432 et
1066 2391 1329 2444 paupertatis

300 2473 342 2512 in
375 2469 690 2518 subsecutione3
721 2466 793 2507 sed
809 2466 822 2487 ⁷
848 2480 868 2504 a
883 2476 970 2505 non
988 2475 1136 2504 omnes
1161 2462 1331 2515 capiunt

299 2542 481 2584 verbum
500 2538 613 2581 istud
626 2571 636 2589 ‚
659 2538 730 2579 sed
749 2537 905 2590 quibus
925 2535 1071 2576 datum
1091 2536 1166 2575 est.
1189 2547 1208 2571 ))
1234 2532 1331 2575 Ideo

300 2612 519 2668 praemittit
539 2624 549 2653 ε
574 2610 622 2653 Sz·
642 2611 739 2663 quis
766 2607 857 2650 vult
887 2610 1008 2660 post,
1026 2607 1106 2647 etc.
1137 2607 1186 2645 ut
1204 2617 1331 2646 nemo

302 2698 346 2727 se
377 2686 562 2734 excuset,
585 2682 708 2736 quasi
729 2693 815 2722 non
841 2680 995 2720 haheat
1016 2676 1198 2730 gratiam
1206 2690 1216 2725 ;
1238 2675 1332 2716 ideo

302 2758 426 2799 dicit:
452 2755 615 2808 Siquis
645 2753 757 2804 vult,
784 2754 880 2800 etc.‚
912 2749 1033 2803 quasi
1065 2748 1197 2797 dicat,
1219 2745 1333 2799 quod

305 2828 445 2881 gratia
464 2826 536 2867 Dei
555 2825 675 2866 nobis
700 2824 856 2877 praesto
875 2824 957 2871 est,
982 2819 1017 2860 si
1036 2831 1122 2859 non
1140 2817 1245 2858 desit
1263 2828 1335 2858 vo-

304 2897 477 2939 luntas⁸
505 2909 515 2937 ε
547 2911 567 2935 (ι
596 2893 932 2946 Contemplantes
951 2922 964 2942 ,
998 2901 1052 2930 ne
1092 2888 1185 2941 quis
1227 2887 1334 2928 desit

306 2970 458 3023 gratiae
478 2968 564 3009 Dei.
585 2980 605 3004 2>

360 3041 552 3084 Secundo
573 3038 724 3080 invitat
743 3032 1075 3078 consideratione
1093 3030 1253 3085 proprii
1266 3042 1336 3083 pe-

305 3113 453 3164 riculi,
486 3122 583 3152 cum
613 3110 670 3150 ait
701 3109 766 3161 (v.
795 3107 871 3159 24)
903 3119 913 3146 :
946 3104 1031 3154 Qui
1056 3102 1171 3144 enim
1193 3101 1333 3144 volue-

307 3187 366 3230 rit
400 3183 593 3226 animam
631 3190 753 3222 suam
791 3177 954 3219 salvam
992 3175 1157 3226 facere,
1189 3171 1338 3225 perdet

309 3258 429 3301 illam
449 3287 459 3306 ‚
491 3253 535 3294 id
565 3253 648 3302 est,
677 3251 749 3303 qui
769 3247 952 3290 voluerit
980 3244 1135 3285 salvari
1161 3243 1206 3283 in
1225 3254 1336 3296 prae-

311 3328 419 3370 senti
438 3325 548 3376 vita‚
569 3321 714 3377 perdet
732 3319 864 3362 vitam
895 3318 939 3358 in
973 3317 1117 3357 futuro
1137 3347 1147 3365 ‚
1183 3313 1339 3354 scilicet

354 3463 362 3484 ¹
386 3459 478 3497 Gal„
497 3466 530 3497 ν,
551 3458 603 3488 24.
624 3471 660 3478 --
682 3452 693 3471 ²
711 3449 801 3484 Psal.
822 3455 944 3487 Lxxvx,
968 3448 1018 3478 11.
1042 3463 1082 3468 —
1101 3444 1114 3466 ³
1135 3445 1161 3475 Π
1181 3444 1338 3485 Cor.‚1v‚

312 3512 363 3543 16.
382 3526 418 3532 -
439 3507 452 3529 ⁴
471 3504 607 3543 Mami„
630 3508 704 3541 xlx,
726 3500 781 3530 27.
800 3514 841 3520 —
861 3497 873 3517 ⁵
893 3497 1008 3534 Rern„
1029 3494 1063 3524 in
1083 3491 1244 3531 Daciam,
1267 3500 1338 3522 non

311 3556 470 3599 procula
493 3552 601 3594 princ,
629 3566 665 3573 —
697 3548 711 3569 ⁶
735 3544 856 3583 Ecca„
886 3549 996 3581 xxm,
1015 3542 1067 3572 38.
1095 3556 1136 3563 —
1162 3539 1170 3557 ⁷
1201 3537 1337 3576 Muttlz„

1014 243 1297 288 EVANGELII
1328 241 1511 286 SANCTI
1541 244 1691 287 LUCAE

1388 345 1465 385 pro
1499 334 1587 373 vita
1633 335 1928 374 momentanea
1953 366 1966 385 ‚
2005 336 2148 388 perdet
2194 339 2412 380 aeternam.

1390 402 1506 445 Unde
1525 403 1678 444 dicitur
1696 403 1710 425 ⁰
1737 416 1746 443 2
1775 418 1795 441 «
1815 402 1894 452 Qui
1925 408 2039 446 amat
2059 407 2245 448 animam
2266 421 2388 450 suam
2404 442 2414 460 ‚

1389 475 1534 527 perdet
1552 487 1646 515 cam
1673 490 1681 513 :
1703 489 1721 512 »
1746 475 1847 527 quia
1875 475 1974 527 quia
1999 477 2141 518 minus
2169 483 2308 530 amat,
2340 481 2418 521 ini-

1391 557 1474 597 que
1513 548 1653 596 amat;
1693 547 1734 586 et
1776 560 1795 583 «
1832 546 1906 598 qui
1945 546 2084 598 diligit
2123 548 2414 602 iniquitatem,

1392 616 1480 656 odit
1499 616 1686 657 animam
1706 629 1855 668 suam,
1879 632 1896 656 n
1924 618 2030 658 sicut
2055 618 2208 659 dicitur
2236 621 2281 661 in
2301 622 2419 664 Psal-

1392 696 1472 728 mo.
1522 687 1549 711 ¹⁰
1591 687 1669 735 Qui
1717 687 1831 728 enim
1884 687 2023 740 diligit
2067 688 2254 729 animam
2297 703 2422 743 supra

1392 755 1549 808 Deum,
1580 758 1716 810 perdit
1748 758 1906 808 Deum;
1942 760 1983 798 et
2016 758 2228 810 perdendo
2261 759 2421 809 Deum,

1393 827 1530 879 perdit
1564 840 1639 880 per
1689 841 1948 882 consequens
1987 829 2189 882 seipsum.
2233 829 2284 870 Et
2331 830 2424 871 ideo

1394 896 1557 938 dicebat
1572 897 1728 939 Paulus
1744 900 1768 925 ¹¹
1788 898 1933 940 :«Non
1950 899 2056 940 facio
2077 900 2264 940 animam
2286 912 2424 941 meam

1393 968 1684 1019 pretiosiorem
1705 982 1833 1022 quam
1861 982 1945 1010 me.
1967 984 1986 1008 >³
2013 969 2063 1010 Et
2083 971 2185 1026 quia
2206 971 2285 1011 ista
2309 971 2423 1012 vide-

1394 1040 1464 1078 tur
1489 1051 1578 1079 esse
1604 1039 1711 1080 dura
1737 1041 1967 1091 sententia,
1989 1040 2083 1081 ideo
2111 1041 2261 1093 probat
2281 1053 2306 1081 a
2324 1054 2424 1082 con-

1395 1109 1525 1149 trario
1546 1122 1671 1151 sensu
1695 1124 1703 1151 :
1728 1111 1837 1152 Nam
1865 1112 1942 1163 qui
1964 1111 2207 1163 perdiderit
2236 1113 2427 1154 animam

1394 1190 1518 1222 suam
1544 1184 1713 1233 propter
1735 1192 1817 1231 me,
1839 1182 1883 1221 in
1913 1182 1993 1222 hac
2019 1182 2176 1223 scilicet
2202 1183 2313 1234 vita,
2342 1183 2429 1224 sal-

1395 1262 1495 1293 vam
1522 1252 1651 1302 faciet
1688 1251 1807 1293 illam
1831 1283 1844 1302 ,
1874 1251 2031 1292 scilicet
2063 1252 2108 1293 in
2140 1254 2284 1293 futura
2314 1253 2427 1304 vita,

1397 1322 1630 1363 secundum
1652 1322 1756 1363 illud
1777 1324 1805 1344 ¹²
1828 1336 1836 1362 ;
1867 1338 1886 1361 ε(
1907 1322 1971 1363 Tu
1992 1323 2188 1376 quidem,
2223 1323 2430 1364 scelestis-

1397 1394 1521 1444 sime,
1547 1393 1589 1434 in
1609 1393 1808 1446 praesenti
1835 1393 1925 1434 vita
1953 1406 2029 1434 nos
2048 1395 2212 1447 perdis;
2238 1394 2309 1435 sed
2341 1394 2429 1434 Rex

1398 1464 1548 1505 mundi
1579 1464 1794 1505 defunctos
1825 1476 1904 1504 nos
1938 1476 2014 1517 pro
2046 1465 2134 1505 suis
2162 1465 2360 1517 legibus,
2385 1465 2428 1504 in

1399 1539 1570 1576 aeternae
1601 1535 1702 1577 vitae
1733 1535 2042 1576 resurrectione
2077 1536 2307 1576 suscitabit.
2334 1550 2353 1573 n
2380 1535 2430 1576 Et

1397 1607 1490 1647 ideo
1510 1606 1674 1647 dicebat
1690 1605 1849 1646 Paulus
1870 1607 1898 1631 ¹³
1921 1620 1930 1646 :
1950 1621 1969 1643 «
1990 1606 2080 1658 Ego
2100 1618 2186 1646 non
2208 1606 2347 1646 solum
2367 1606 2427 1646 al-

1397 1677 1546 1729 ligari,
1576 1677 1647 1717 sed
1681 1677 1811 1717 etiam
1838 1676 1949 1717 mori
1975 1676 2020 1716 in
2053 1675 2286 1716 Jerusalem
2308 1688 2431 1729 para-

1398 1751 1467 1788 tus
1497 1760 1591 1788 sum
1612 1750 1784 1800 propter
1812 1759 1970 1788 nomen
1989 1746 2156 1787 Domini
2180 1746 2293 1788 Jesu.
2316 1761 2335 1785 ›>
2363 1747 2432 1787 Sic

1399 1830 1506 1870 ergo
1537 1818 1712 1871 perdere
1743 1819 1931 1859 animam
1951 1830 2027 1871 pro
2049 1818 2212 1859 Christo
2227 1850 2237 1868 ‚
2257 1821 2320 1858 est
2349 1818 2433 1858 sal-

1399 1901 1528 1940 vare3
1551 1888 1658 1931 velle
1677 1889 1864 1930 animam
1885 1889 2050 1930 salvare
2070 1891 2132 1930 est
2163 1901 2258 1930 eam
2288 1889 2429 1941 perdi-

1399 1957 1506 1998 tioni
1527 1969 1753 2010 exponere,
1770 1959 1891 2010 Juxta
1914 1957 2018 1998 illud
2033 1957 2060 1982 ¹¹·
2079 1972 2118 1997 z«
2137 1955 2180 1998 Si
2197 1957 2431 1998 secundum

1401 2039 1571 2069 carnem
1600 2027 1793 2070 vixeritis
1810 2059 1823 2079 ,
1855 2027 2097 2068 moriemini
2120 2042 2128 2067 :
2157 2042 2176 2065 ›)
2203 2029 2243 2068 et
2271 2027 2352 2067 hoc
2370 2029 2433 2066 est

1401 2099 1642 2140 maximum
1660 2098 1899 2151 periculum
1916 2111 1926 2150 ;
1949 2101 1989 2140 et
2010 2099 2104 2140 ideo
2123 2098 2169 2138 in
2190 2100 2282 2151 eJus
2303 2109 2434 2149 exag-

1403 2170 1622 2221 geratione
1641 2170 1839 2222 adjungit
1861 2170 1927 2221 (v.
1950 2170 2027 2221 25)
2047 2182 2056 2210 ε
2081 2169 2193 2216 Quid
2211 2170 2325 2211 enim
2341 2178 2434 2220 pro-

1402 2241 1494 2291 ficit
1513 2240 1632 2282 homo
1649 2271 1659 2290 ‚
1678 2241 1718 2282 si
1736 2239 1924 2282 lucretur
1942 2241 2189 2281 universum
2207 2239 2431 2287 mundum,

1402 2314 1444 2352 et
1462 2312 1543 2352 hoc
1561 2311 1850 2364 temporaliter
1862 2325 1872 2360 ;
1894 2312 2081 2363 seipsum
2102 2315 2239 2352 autem
2260 2309 2431 2362 perdat,

1405 2387 1443 2425 et
1463 2382 1766 2425 detrimentum
1783 2382 1856 2423 sui
1873 2382 2010 2433 faciat
2026 2413 2036 2432 ‚
2060 2384 2101 2422 et
2118 2382 2198 2422 hoc
2217 2381 2431 2433 sempiter-

1403 2453 1581 2495 naliter?
1602 2453 1724 2506 quasi
1754 2452 1865 2493 dicat
1883 2464 1893 2492 :
1914 2451 2053 2503 Nihil;
2077 2453 2177 2505 quia
2199 2452 2272 2505 qui
2298 2451 2435 2504 perdit

1404 2537 1469 2576 se,
1492 2524 1636 2566 omnia
1648 2523 1784 2577 perdit
1806 2537 1815 2563 :
1835 2522 1929 2564 ideo
1948 2535 2036 2563 non
2054 2523 2247 2576 prodest,
2269 2523 2340 2564 sed
2360 2523 2436 2564 ob-

1404 2599 1481 2638 est.
1506 2595 1601 2637 Ideo
1632 2594 1786 2636 dicitur
1805 2595 1833 2619 ¹⁵
1855 2605 1865 2634 ε
1892 2593 2059 2646 «Agite
2091 2606 2228 2643 nunc,
2250 2593 2404 2636 divites
2422 2625 2433 2644 ,

1405 2668 1567 2721 plorate
1596 2662 1809 2707 ululantes
1840 2666 1885 2706 in
1918 2665 2101 2706 miseriis
2128 2665 2278 2707 vestris
2293 2697 2303 2715 ,
2337 2677 2435 2718 quae

1406 2738 1633 2781 advenient
1651 2736 1786 2779 vobis.
1809 2751 1828 2775 »
1854 2735 1906 2778 Et
1925 2736 2031 2777 ratio
2060 2736 2190 2789 hujus
2209 2738 2292 2785 est,
2314 2735 2436 2788 quia,

1407 2810 1515 2851 sicut
1527 2809 1626 2850 dicit
1637 2807 1908 2860 Augustinus
1919 2807 1947 2828 ¹⁶
1964 2821 2004 2847 2«
2013 2807 2146 2848 Nemo
2160 2807 2288 2848 habet
2302 2807 2360 2858 inj
2369 2817 2437 2846 us-

1406 2884 1500 2922 tum
1526 2880 1694 2921 lucrum
1727 2878 1818 2919 sine
1839 2879 1958 2931 Justo
1990 2878 2146 2918 damno
2168 2891 2176 2917 :
2201 2877 2368 2917 lucrum
2394 2875 2439 2914 in

1408 2964 1506 2994 arca
1521 2984 1532 3003 ,
1555 2951 1762 2992 damnum
1784 2950 1828 2990 in
1847 2949 2126 2998 conscientia3
2143 2947 2241 2988 tulit
2261 2949 2437 2996 vestem,

1408 3027 1449 3066 et
1490 3022 1671 3077 perdidit
1705 3021 1835 3062 fidem
1861 3034 1870 3070 ;
1910 3019 2089 3072 acquirit
2122 3017 2368 3071 pecuniam,
2400 3019 2442 3057 et

1409 3095 1594 3150 perdidit
1615 3093 1852 3146 Justitiam3
1875 3105 1894 3130 n
1920 3093 1959 3132 et
1991 3090 2048 3130 sic
2078 3101 2152 3142 per
2181 3099 2442 3142 consequens

1410 3167 1599 3208 animam
1628 3176 1765 3206 suam.
1799 3162 1915 3204 Unde
1954 3160 2138 3202 Isidorus
2162 3174 2171 3200 :
2201 3159 2284 3201 «Si
2310 3160 2442 3200 habe-

1410 3250 1478 3279 res
1507 3235 1758 3289 sapientiam
1787 3232 2023 3274 Salomonis
2043 3262 2054 3282 ‚
2093 3231 2128 3272 si
2158 3230 2444 3285 pulchritudi-

1411 3352 1492 3385 xxx,
1514 3347 1564 3376 11.
1587 3360 1627 3366 —
1651 3342 1665 3364 ⁸
1690 3340 1804 3379 Helm,
1827 3345 1893 3377 xu,
1917 3340 1968 3369 15.
1994 3354 2035 3360 -
2059 3338 2073 3359 ⁹
2098 3337 2206 3376 Joan„
2234 3345 2304 3379 xn,
2330 3338 2382 3369 25.
2406 3354 2442 3360 —

1412 3394 1440 3415 ¹⁰
1455 3391 1547 3424 Psal.
1569 3398 1603 3430 x,
1623 3391 1654 3421 6.
1676 3405 1715 3412 —
1734 3389 1758 3409 ¹¹
1779 3386 1864 3421 Act..
1885 3392 1944 3426 XX,
1964 3386 2017 3416 24.
2039 3401 2079 3408 —-
2100 3385 2168 3416 1²11
2190 3384 2313 3424 Maeli„
2331 3392 2390 3423 vu,
2411 3386 2442 3416 9.

1411 3457 1454 3464 —
1473 3439 1498 3460 ¹³
1517 3439 1604 3477 Aet„
1625 3444 1698 3476 xm,
1717 3435 1768 3465 13.
1784 3450 1823 3457 —
1842 3433 1867 3454 1⁴
1884 3433 1990 3472 Rom„
2008 3439 2084 3472 vm,
2104 3433 2151 3463 13.
2164 3448 2203 3455 -
2220 3431 2246 3453 ¹⁵
2260 3432 2346 3470 Iac„
2361 3438 2394 3470 v,
2412 3433 2442 3462 1.

1412 3487 1494 3511 -18
1509 3486 1610 3525 Aug„
1628 3482 1683 3514 vel
1702 3480 1907 3522 quicumque
1927 3478 2022 3519 alius,
2037 3478 2075 3510 de
2095 3479 2226 3511 Sanctis
2244 3487 2345 3510 serm.
2361 3485 2396 3515 x,
2411 3479 2444 3508 ct

1412 3534 1447 3566 in
1467 3531 1637 3574 Append.,
1657 3536 1773 3568 Lxxu,
1794 3527 1837 3559 al.
1861 3527 2032 3568 Append.‚
2056 3535 2159 3558 serm.
2183 3534 2288 3564 ccxx,
2309 3534 2345 3557 n.
2370 3527 2400 3556 2.
