2634 3853
224 228 303 265 6⁶22

222 311 417 353 radicalia
431 342 443 360 ,
477 312 517 350 et
539 310 685 349 contra
704 307 910 359 triplicem
932 306 1249 346 excusationem

222 395 390 432 eorum,
432 381 505 433 qui
538 380 765 421 noluerunt
796 377 942 418 venire
973 377 1023 417 ad
1055 389 1245 426 coenam,

223 454 323 505 quia
358 453 451 492 haec
482 463 586 492 crux
621 451 697 490 suit
728 448 899 498 Christi,
932 448 1031 499 quia
1061 447 1249 487 Christus

222 522 458 563 voluntarie
481 533 574 562 eam
596 519 795 570 suscepit.
818 517 1032 567 Similiter,
1061 518 1135 570 qui
1156 517 1249 557 vult

223 592 435 633 Christum
475 591 618 643 sequi,
653 591 816 641 oportet
847 588 957 640 quod
990 590 1124 639 portet
1155 599 1249 627 eam

222 663 481 704 voluntarie:
500 665 547 701 ut
561 661 665 701 ferat
679 671 773 699 eam
794 658 901 698 sicut
920 670 1089 698 crucem
1109 670 1248 707 suam,

223 744 275 772 ex
297 733 512 773 voluntate
533 730 722 783 propria,
747 741 831 769 non
858 729 902 768 111
925 728 1121 780 angaria,
1144 728 1251 767 sicut

223 803 426 851 alienam3
451 801 609 853 alioqui
631 812 715 840 non
743 803 848 840 essct
867 799 1053 839 imitator
1076 797 1247 847 Christi,

224 872 293 911 sed
312 873 450 924 potius
471 871 676 920 Simonis,
700 870 750 910 de
766 882 852 922 quo
875 869 1040 910 Marcus
1062 870 1071 890 ¹
1094 883 1102 908 ε
1132 884 1149 905 «
1170 868 1250 908 An-

224 943 500 994 gariavcrunt
516 944 842 995 praetereuntem
857 940 1103 993 quempiam
1119 939 1253 979 Simo-

224 1025 321 1053 nem
359 1013 630 1066 Cyrenaeum,
674 1015 769 1061 etc.,
814 1014 860 1051 ut
892 1010 1055 1051 tolleret
1083 1021 1251 1049 crucem

224 1085 364 1135 ejus.»
400 1084 463 1124 Ad
483 1085 591 1124 hanc
611 1095 780 1123 crucem
805 1082 1020 1134 potissime
1041 1092 1116 1120 1105
1136 1080 1250 1120 invi-

226 1157 285 1194 tat
308 1154 520 1204 Christus,
540 1155 612 1206 qui
634 1154 798 1206 primus
818 1165 911 1193 eam
932 1151 1129 1204 portavit,
1147 1151 1255 1191 sicut

224 1224 430 1266 vexillum
451 1228 489 1265 et
509 1225 681 1276 signum
702 1223 859 1275 regale.
882 1222 999 1263 Unde
1027 1221 1183 1262 Paulus
1204 1224 1217 1244 2
1243 1236 1250 1260 :

230 1310 250 1333 (1
270 1295 458 1336 Christus
475 1298 594 1336 extra
606 1299 771 1348 portam
786 1305 934 1346 passus
949 1295 1024 1333 est.
1043 1292 1255 1333 Exeamus

226 1368 356 1419 igitur
374 1368 426 1408 ad
447 1380 546 1408 eum
560 1399 569 1417 ,
593 1382 611 1404 ›)
649 1370 728 1408 etc.
750 1366 830 1415 Qui
858 1377 961 1416 ergo
977 1365 1040 1404 sic
1059 1376 1141 1404 non
1165 1363 1257 1405 vult

226 1440 368 1492 sequi,
391 1452 476 1480 11011
503 1443 564 1480 est
594 1438 744 1479 Christi
778 1436 1027 1489 discipulus,
1051 1436 1150 1488 quia
1169 1447 1256 1476 non

225 1510 317 1550 vult
336 1511 490 1550 imitari
524 1522 646 1560 eum,
674 1510 720 1549 in
739 1520 824 1561 quo
844 1520 888 1548 se
908 1507 1092 1560 praebuit
1110 1519 1253 1547 exem-

227 1581 318 1633 plar
352 1582 472 1622 nobis
504 1584 545 1621 01
577 1581 849 1632 magistrum.
883 1578 1001 1619 Unde
1033 1578 1186 1618 (11011111
1206 1579 1252 1617 ³:

234 1666 252 1688 α
272 1652 350 1700 Qui
370 1654 512 1692 autem
533 1654 630 1691 sunt
651 1650 821 1700 Christi,
846 1661 1016 1689 carnem
1032 1660 1153 1688 suam
1170 1660 1258 1688 cru-

228 1722 451 1762 cifixerunt
484 1734 582 1761 cum
618 1721 732 1761 vitiis
769 1723 809 1759 01
841 1718 1206 1771 concupiscentiis.
1233 1732 1252 1755 1)

229 1791 405 1844 Propter
437 1792 549 1844 quod
568 1792 581 1812 Ι*
608 1805 616 1831 :
657 1791 870 1842 «Semper
890 1789 1259 1830 mortificationem

228 1862 326 1903 Jesu
349 1862 500 1903 Christi
532 1862 575 1902 111
595 1873 767 1914 corpore
787 1864 930 1900 nostro
959 1860 1257 1900 circumferen-

229 1936 310 1983 tes,
333 1936 382 1973 ut
407 1936 449 1973 et
467 1933 553 1973 vita
573 1932 672 1972 Jesu
692 1931 986 1972 manifestetur
1006 1931 1052 1971 111
1072 1930 1260 1983 corpori-

231 2003 310 2044 bus
330 2004 498 2045 nostris.
511 2002 656 2043 »Unde
677 2002 1026 2054 (111151505101111155
1047 2013 1056 2041 :
1076 2000 1256 2041 «Nullus

231 2074 541 2115 verecundetur
569 2085 762 2122 crucem;
794 2072 1146 2113 circumferamus
1167 2084 1259 2112 eam

232 2147 282 2185 ut
320 2156 552 2185 coronam:
585 2144 741 2185 etenim
774 2143 933 2193 omnia,
975 2155 1073 2195 quae
1108 2155 1263 2183 secun-

234 2216 336 2255 dum
370 2228 447 2257 nos
483 2219 604 2265 sunt,
643 2227 717 2267 per
749 2226 918 2255 crucem
955 2215 1260 2266 perficiuntur,

235 2286 520 2338 regeneratio,
567 2285 837 2326 consecratio.
886 2285 1060 2337 Propter
1101 2285 1180 2325 hoc
1219 2285 1264 2324 in

234 2358 380 2408 domo,
402 2358 446 2397 in
461 2357 627 2409 januis,
659 2356 702 2395 in
725 2356 826 2406 viis,
850 2355 894 2395 in
912 2355 1141 2406 frontibus,
1165 2357 1205 2395 et
1221 2355 1264 2395 in

237 2434 375 2469 mente
394 2441 487 2469 eam
508 2427 751 2468 scribimus.
787 2442 806 2464 »
844 2426 945 2467 Haec
974 2426 1110 2478 igitur
1139 2427 1266 2478 baju-

236 2499 361 2540 landa
380 2501 461 2549 est,
483 2501 687 2550 tanquam
706 2497 879 2548 signum
894 2496 967 2537 Dei
981 2496 1069 2537 vivi
1083 2527 1093 2545 ,
1113 2496 1163 2536 de
1180 2508 1265 2548 quo

236 2570 280 2610 in
306 2570 595 2622 Apocalypsi⁶
631 2583 639 2608 z
672 2567 807 2609 «Vidi
841 2567 1023 2608 alterum
1061 2566 1266 2618 angelum

237 2641 530 2682 ascendentem
564 2641 616 2680 ab
654 2641 751 2680 ortu
788 2638 908 2688 solis,
950 2638 1175 2678 habentem
1210 2637 1268 2677 si-

238 2724 374 2762 gnum
407 2711 477 2752 Dei
515 2711 622 2761 vivi,
664 2712 704 2750 et
741 2708 938 2749 clamavit
973 2720 1076 2750 voce
1108 2720 1269 2760 magna

242 2784 426 2833 quatuor
456 2780 620 2832 angelis
656 2780 812 2832 quibus
843 2779 990 2820 datum
1021 2781 1084 2819 est
1119 2790 1269 2819 nocere

242 2854 366 2892 terrae
395 2854 435 2892 et
461 2851 592 2901 mari,
624 2850 764 2890 dicens
788 2864 797 2889 :
821 2848 956 2890 Nolite
976 2861 1126 2890 nocere
1146 2853 1269 2890 terrae

243 2923 396 2962 etmari
410 2954 419 2972 ,
436 2933 574 2974 neque
585 2920 823 2971 arboribuS,
840 2920 1117 2973 quoadusque
1131 2920 1162 2959 si
1168 2932 1270 2971 gne-

243 3005 337 3033 mus
357 3004 501 3032 servos
520 2991 593 3031 Dei
611 2990 744 3030 nostri
769 2990 814 3030 in
832 2990 1042 3030 frontibus
1056 2989 1159 3040 suis,
1178 3004 1197 3027 1)
1222 2992 1271 3030 111

242 3065 418 3116 sciatur,
442 3063 619 3113 scilicet,
642 3062 883 3112 manifeste,
913 3062 1009 3114 quis
1037 3061 1091 3101 sit
1118 3061 1271 3102 Christi

242 3135 487 3188 discipulus.

296 3208 362 3246 28.
389 3205 494 3257 Quis
514 3205 626 3246 em'm
640 3213 692 3246 ex
707 3203 823 3245 vobis
837 3204 976 3246 volens
996 3204 1151 3246 turrim
1164 3201 1270 3245 cedi-

245 3278 391 3328 ficare,
412 3280 490 3317 etc.
504 3276 733 3328 Postquam
752 3274 949 3315 invitavit
969 3277 1010 3315 et
1029 3274 1274 3315 informavit

290 3362 301 3382 ¹
321 3361 437 3398 Marc„
463 3367 519 3399 xv,
541 3360 592 3390 21.
617 3375 656 3382 —
675 3358 689 3378 ²
707 3356 821 3397 Helm,
842 3365 933 3397 xvu,
955 3358 1005 3388 112.
1029 3374 1067 3379 ——
1087 3357 1100 3378 3
1124 3356 1213 3394 Gal„
1240 3363 1272 3396 v,

248 3409 297 3438 24.
324 3424 362 3429 —-
387 3407 398 3425 ⁴
429 3407 453 3437 ll
483 3407 573 3445 Cor„
600 3413 645 3445 lv,
680 3407 729 3436 to.
753 3420 794 3426 -—-
825 3405 838 3425 ⁶
863 3404 1050 3445 Chrysost„
1081 3404 1115 3434 in
1136 3402 1273 3441 Mattla„

246 3454 339 3485 110111.
363 3462 431 3494 μιν,
451 3454 493 3484 al.
515 3460 571 3492 LV,
590 3462 625 3483 n.
647 3454 676 3483 4.
696 3468 736 3475 —
761 3452 773 3472 ⁶
793 3452 905 3491 Alme„
929 3459 994 3490 vn,
1015 3453 1086 3482 2-3.
1112 3468 1147 3473 -
1167 3451 1176 3468 ⁷
1200 3449 1273 3488 inf„

249 3510 279 3531 v.
302 3505 351 3532 31.
375 3517 414 3524 —
435 3500 449 3522 Β
475 3500 550 3540 tuf„
574 3506 606 3530 v.
635 3500 685 3530 33.
703 3514 745 3522 -
774 3500 785 3517 ‘³
810 3498 926 3538 Mz‘clz„
948 3505 994 3537 iv,
1018 3501 1050 3529 ὃ.
1076 3513 1115 3520 -
1139 3497 1167 3517 ¹⁰
1195 3496 1274 3534 [sa.³

957 216 1238 259 EVANGELII
1269 216 1451 258 SANCTI
1478 217 1627 259 LUCAE

1322 306 1568 346 comitantes
1583 337 1593 356 ,
1621 307 1662 347 et
1680 306 1760 346 hoc
1786 317 1860 358 per
1878 308 2009 347 verba
2043 319 2262 361 expressa,
2283 308 2353 350 hic

1322 376 1505 417 secundo
1525 376 1723 416 informat
1744 377 1914 417 eosdem
1935 389 2010 429 per
2024 379 2216 431 exempla
2232 391 2352 431 para-

1320 445 1469 486 bolica.
1492 445 1540 486 Et
1569 446 1772 498 quoniam
1802 446 2013 487 Christum
2036 447 2236 488 debemus
2256 449 2351 489 imi-

1322 516 1402 556 tari
1429 517 1472 556 in
1504 517 1736 557 actionibus
1765 519 1805 557 et
1834 517 2120 568 passionibus,
2141 518 2183 557 in
2203 518 2351 570 primis

1322 587 1480 627 similes
1516 599 1665 627 sumus
1703 586 2032 635 aedificantibus,
2068 587 2112 626 in
2157 589 2351 629 secundis

1323 657 1482 697 similes
1495 657 1800 710 praeliantibus
1826 656 1922 697 Ideo
1937 657 2073 709 primo
2087 657 2130 696 in
2142 657 2220 698 hac
2234 661 2351 710 parte

1324 727 1552 767 introducit
1571 727 1821 779 parabolam-
1834 727 1884 766 de
1904 726 2077 767 homine
2097 727 2350 778 aetlificante3

1324 797 1507 838 secundo
1535 809 1635 838 vero
1660 797 1860 848 adjungit
1886 797 2127 849 parabolam
2153 800 2193 838 et
2218 810 2356 838 exem-

1324 866 1442 918 plum
1462 867 1512 907 de
1534 878 1638 918 rege
1656 866 1900 918 praeliante,
1925 867 1983 906 ibi
2001 872 2013 892 ⁷
2038 882 2045 907 :
2070 869 2155 909 Aut
2167 868 2265 919 quis
2279 879 2357 909 rea:

1324 937 1481 986 iturus,
1501 939 1578 977 etc.
1595 949 1604 986 3
1625 936 1669 976 in
1683 937 1805 976 tertia
1822 949 1924 978 vero
1940 938 2166 989 subjUngit
2183 938 2357 990 adopta-

1327 1006 1484 1047 tionem
1500 1007 1738 1059 utriusque,
1752 1007 1811 1047 ibi
1824 1011 1836 1032 ⁸
1854 1019 1863 1046 ε
1883 1008 1950 1049 Sic
1965 1018 2058 1060 erqo
2074 1008 2211 1050 Omnis
2221 1018 2275 1050 ex
2288 1017 2358 1049 vo-

1327 1076 1414 1127 bis,
1435 1078 1511 1128 qm·
1530 1087 1615 1119 non
1640 1078 1973 1128 renuntiaverit,
1997 1081 2073 1118 etc.
2096 1078 2214 1119 Circa
2238 1090 2359 1130 para-

1326 1147 1468 1188 bolam
1479 1147 1529 1188 de
1544 1147 1717 1188 homine
1730 1149 1979 1198 aedifieante,
1998 1148 2077 1188 tria
2086 1148 2359 1189 introducun-

1326 1220 1413 1268 tur,
1437 1217 1592 1258 scilicet
1622 1219 1837 1271 conceptio
1865 1219 2069 1271 propositi
2098 1219 2358 1267 aedificandi,

1327 1287 1513 1339 provisio
1535 1289 1781 1329 sufficientis
1803 1289 2020 1341 stipendii,
2038 1288 2257 1330 declinatio
2276 1289 2357 1328 im-

1329 1357 1530 1398 minentis
1548 1359 1780 1411 opprobrii.

1383 1428 1524 1470 Primo
1554 1430 1700 1481 igitur,
1735 1433 1944 1482 quantum
1966 1430 2019 1471 ad
2045 1430 2361 1483 conceptionem

1330 1499 1533 1551 propositi
1566 1500 1823 1550 aedificandi,
1861 1501 1958 1541 dicit
1991 1515 1999 1541 ε
2041 1501 2147 1552 Quis
2175 1501 2288 1542 enim
2308 1511 2361 1542 θέε

1331 1570 1444 1612 vobis
1469 1570 1612 1613 volens
1633 1573 1787 1613 turrim
1814 1571 2048 1622 (edificare,
2071 1574 2147 1612 etc.
2181 1571 2260 1612 Per
2279 1574 2364 1611 tur-

1331 1641 1434 1691 rim,
1457 1653 1555 1694 quae
1578 1644 1639 1682 est
1668 1642 1894 1682 aediticium
1915 1641 2202 1696 altissimum„
2216 1653 2362 1693 905511-

1332 1723 1429 1752 mus
1443 1712 1683 1764 intelligere
1705 1712 1927 1753 cumulum
1948 1712 2212 1765 perfectionis
2233 1712 2363 1752 meri-

1332 1785 1490 1833 torum,
1506 1794 1603 1834 quae
1620 1782 1831 1835 gradatim
1848 1782 2034 1823 ascendit
2053 1783 2106 1822 ab
2120 1783 2207 1823 imo
2227 1794 2363 1834 usquc

1333 1853 1385 1893 ad
1405 1865 1642 1904 summum,
1663 1853 1869 1905 incipiens
1891 1866 1916 1893 a
1937 1853 2211 1893 fundamento
2237 1853 2362 1893 timo-

1334 1923 1394 1963 ris
1407 1954 1417 1973 ,
1447 1926 1488 1964 01
1508 1923 1761 1976 perveniens
1780 1936 1916 1976 usque
1934 1923 1986 1964 ad
2005 1923 2173 1964 culmen
2193 1923 2365 1976 sapien—

1334 1994 1405 2035 tiae
1429 1994 1657 2034 deiformis.

1391 2064 1442 2105 Et
1461 2068 1524 2105 est
1544 2065 1683 2117 primo
1707 2065 1954 2107 aedificanda
1974 2067 2102 2107 turris
2122 2065 2221 2106 doni
2242 2065 2366 2107 timo-

1336 2135 1395 2176 ris
1409 2167 1419 2185 ,
1441 2136 1492 2177 de
1512 2148 1597 2188 qua
1628 2138 1763 2188 potest
1796 2137 1978 2188 intelligi
1999 2137 2104 2177 illud
2124 2136 2297 2177 Micheae
2318 2137 2332 2158 ⁹
2356 2152 2364 2177 :

1343 2222 1362 2244 α
1381 2206 1445 2247 Tu
1482 2207 1611 2247 turris
1641 2208 1788 2259 gregis
1833 2207 2035 2248 nebulosa
2048 2239 2061 2258 ,
2103 2210 2200 2259 etc.,
2235 2219 2370 2260 usque

1338 2278 1391 2318 ad
1413 2279 1451 2318 te
1476 2277 1641 2327 veniet,
1659 2291 1677 2314 ›)
1706 2278 1758 2328 (a)
1787 2277 1913 2317 timor
1932 2277 2161 2330 parvulum
2187 2278 2284 2318 facit
2317 2289 2370 2318 ex

1339 2346 1673 2388 consideratione
1688 2346 1854 2398 judicii.

1392 2416 1584 2457 Secunda
1596 2416 1727 2457 turris
1736 2419 1798 2457 est
1808 2417 1985 2469 pietatis,
2002 2418 2052 2459 de
2066 2430 2151 2471 qua
2164 2418 2305 2460 Isaias
2316 2419 2345 2440 ¹⁰
2360 2433 2368 2459 z

1346 2502 1365 2526 «
1384 2487 1623 2529 AEdificavit
1642 2488 1794 2528 turrim
1814 2488 1859 2528 in
1885 2489 2024 2530 medio
2044 2489 2204 2540 vineae,
2223 2491 2264 2530 et
2283 2492 2370 2530 tor-

1341 2560 1458 2600 cular
1480 2560 1668 2600 extruxit
1688 2560 1733 2600 in
1754 2572 1802 2600 ea
1815 2591 1827 2611 ,
1852 2574 1871 2598 11
1896 2561 1998 2613 quia
2011 2560 2143 2614 pietas
2163 2560 2299 2601 oritur
2319 2572 2373 2601 ex

1341 2630 1672 2672 consideratione
1691 2631 1911 2682 passionis.

1397 2701 1538 2742 Tertia
1550 2704 1612 2742 est
1630 2701 1759 2742 turris
1779 2702 1963 2742 scientiae
1984 2703 2010 2723 ¹¹
2036 2714 2046 2743 :
2068 2702 2219 2743 «Sicut
2239 2702 2373 2743 turris

1342 2772 1473 2814 David
1492 2772 1648 2813 collum
1669 2774 1793 2812 tuum
1808 2804 1820 2823 ,
1843 2783 1940 2826 quae
1960 2772 2164 2813 aedificata
2184 2775 2248 2813 est
2274 2784 2373 2814 cum

1342 2840 1687 2894 propugnaculis.
1715 2839 1826 2881 Mille
1851 2840 1986 2893 clypei
2018 2841 2200 2893 pendent
2222 2852 2275 2881 ex
2297 2853 2369 2890 00,

1343 2911 1481 2952 01111115
1501 2915 1718 2951 armatura
1736 2910 1933 2960 fortium,
1955 2924 1973 2948 11
2009 2914 2087 2951 010.
2111 2910 2232 2960 Quod
2249 2910 2370 2951 intel-

1343 2982 1494 3034 ligitur
1513 2981 1563 3022 de
1585 2981 1757 3022 scientia
1775 2993 1905 3022 sacrae
1930 2981 2171 3034 Scripturae.

1400 3053 1555 3101 Quarta
1583 3054 1645 3092 051
1674 3052 1803 3092 1111115
1825 3051 2080 3102 fortitudinis
2100 3052 2127 3073 ¹²
2150 3065 2158 3091 :
2182 3065 2202 3089 «
2226 3050 2374 3092 Turris

1345 3126 1573 3167 fortissima
1591 3137 1746 3166 nomen
1774 3125 1938 3166 Domini
1965 3140 1974 3165 ε
2001 3126 2053 3166 ad
2083 3126 2219 3178 ipsam
2241 3125 2376 3166 currit

1341 3199 1505 3251 ι11151115,
1536 3200 1577 3238 01
1605 3197 1874 3238 exaltabitur.
1897 3211 1916 3235 11
1943 3196 1995 3238 Ε1
2027 3197 2073 3237 111
2107 3197 2272 3239 Psalmo
2302 3198 2332 3222 ¹⁸
2363 3211 2372 3236 :

1354 3283 1372 3307 (1
1392 3268 1610 3309 Deduxisti
1635 3280 1726 3319 me,
1759 3268 1860 3320 quia
1889 3268 2022 3309 factus
2055 3279 2099 3309 05
2129 3279 2223 3321 5905
2254 3279 2374 3317 11100,

1346 3340 1478 3381 turris
1499 3339 1768 3381 fortitudinis.
1787 3352 1807 3376 11

1351 3453 1382 3486 ν,
1415 3448 1446 3478 2.
1471 3463 1512 3468 —
1541 3446 1561 3467 ¹¹
1596 3446 1709 3484 Cant„
1736 3452 1783 3484 iv,
1813 3446 1845 3475 4.
1871 3460 1905 3465 -
1942 3445 1962 3461 ¹²
1991 3444 2103 3484 Prov„
2131 3451 2235 3483 xvm,
2266 3446 2314 3476 10.
2338 3460 2379 3467 -—

1350 3493 1378 3514 ¹³
1399 3491 1496 3524 Psal.
1515 3500 1572 3531 Lx,
1594 3494 1672 3523 4.-
1698 3491 1741 3532 (a)
1761 3489 1879 3531 Sappl.
1901 3490 1990 3530 quia.

2601 128 2605 142 -
2597 91 2605 121 -n
2591 0 2604 83 ,ez-²40:
