2634 3853
280 281 359 319 494

278 366 510 419 suscipiunt
539 367 745 419 stipendia
777 366 1023 419 corporalia.
1058 364 1174 406 Unde
1206 363 1308 405 Gre-

280 434 449 485 gorius:
463 450 482 473 a
504 435 610 484 Quid
630 435 682 475 ad
700 435 791 475 haec
812 434 1000 474 doctores
1019 433 1215 483 dicimur,
1233 432 1307 484 qui

280 504 430 546 Christi
452 506 680 546 adventum
701 507 1031 563 praecurrentes,
1056 502 1304 544 ecclesiasti-

281 588 379 616 cum
408 576 592 616 officium
624 576 903 628 suscipimus⁷
938 578 979 616 et
1013 575 1119 616 muti
1153 585 1308 627 panem

283 646 602 686 comedimus?»
622 645 672 685 Et
693 645 932 687 Bernardus
952 658 994 686 ια
1017 645 1195 686 Venient
1214 646 1310 684 ante

283 716 467 756 tribunal
479 716 645 768 Judicis,
668 717 741 756 ubi
760 717 838 756 erit
858 728 1096 769 pauperum
1114 714 1311 766 allegatio

283 787 408 835 dura,
432 787 639 827 accusatio
659 787 804 839 gravis
823 801 832 828 :
858 799 1046 839 quorum
1068 786 1214 827 vixere
1234 784 1312 824 sti-

283 857 466 910 pendiis‚
488 869 563 897 nec
583 857 778 898 delevere
797 860 977 910 peccata.
995 872 1012 894 n

336 931 400 967 10.
425 928 475 968 In
492 938 795 980 quamcumque
825 931 965 970 autem
992 928 1209 969 civitatem
1241 927 1313 967 in-

285 1000 519 1049 traversas,
537 1001 614 1039 etc.
633 999 730 1039 Post
755 999 1095 1039 informationem
1121 1000 1313 1050 respectu

284 1069 496 1120 fidelium,
518 1070 713 1110 subditur
744 1069 985 1110 informatio
1019 1071 1212 1121 respectu
1242 1054 1310 1108 re-

285 1139 491 1189 belliun1;
531 1140 639 1179 circa
670 1152 801 1192 quam
832 1140 915 1180 duo
949 1139 1277 1180 introducuntur
1302 1153 1310 1179 :

286 1211 473 1263 primum
495 1213 557 1251 est
576 1211 818 1251 contestatio
844 1211 1034 1252 veritatis
1061 1209 1312 1261 Evangelii3

286 1281 544 1328 secundum,
578 1281 904 1321 communicatio
937 1281 1171 1322 severitatis
1199 1281 1313 1333 judi-

287 1353 353 1393 cii.
381 1352 522 1393 Primo
543 1353 697 1404 igitur,
732 1355 941 1405 quantum
975 1353 1025 1392 ad
1054 1353 1318 1394 contestatio-

286 1436 385 1464 nem
408 1423 595 1465 veritatis
616 1423 862 1475 Evangelii,
885 1423 1040 1464 dicitur
1062 1438 1071 1464 ε
1094 1425 1148 1464 ln
1169 1435 1317 1477 quam-

288 1506 461 1547 cumque
494 1498 635 1537 autcm
667 1496 888 1537 civitatem
924 1496 1231 1546 intraveritis,
1266 1496 1318 1537 ad

288 1566 478 1607 veritatis
508 1566 769 1618 praeconium
798 1566 1135 1618 praedicandum,
1168 1578 1319 1606 secun-

288 1640 391 1679 dum
423 1638 528 1678 illud
548 1639 559 1659 ¹
583 1650 593 1677 ε
620 1653 638 1676 (ι
671 1638 774 1678 Cum
804 1638 1016 1678 venissent
1049 1637 1316 1678 Thessaloni-

289 1721 404 1759 cam,
438 1708 514 1749 ubi
545 1712 633 1748 erat
659 1720 883 1761 synagoga
913 1708 1160 1748 Judaeorum
1183 1723 1192 1757 ;
1216 1722 1234 1745 >³
1261 1720 1321 1749 se-

290 1781 436 1833 quitur
467 1794 476 1819 :
507 1794 525 1817 «
559 1779 716 1820 Paulus
751 1778 944 1820 introivit
976 1779 1029 1819 ad
1060 1791 1153 1831 eOS,
1177 1782 1219 1820 et
1247 1792 1321 1832 per

290 1852 462 1892 sabbata
481 1851 562 1890 tria
581 1850 810 1890 disserebat
823 1850 882 1889 eis
902 1850 951 1890 de
964 1849 1209 1902 Scripturis.
1227 1864 1247 1888 >³
1262 1851 1323 1892 Et

290 1934 376 1966 non
394 1922 655 1974 susceperint
680 1931 778 1971 vos,
801 1932 876 1972 per
898 1920 1087 1961 veritatis
1107 1921 1317 1972 auditum,

290 1996 364 2048 qui
405 1998 467 2035 est
504 1992 851 2045 praedicatoribus
901 1991 1286 2033 accommodandus
1309 2025 1318 2042 ‚

290 2069 397 2109 sicut
413 2068 563 2108 dicitur
579 2066 593 2088 ²
615 2077 625 2105 z
650 2081 669 2104 (t
687 2064 771 2106 Nos
791 2065 996 2105 debemus
1016 2064 1226 2117 suscipere
1246 2065 1321 2106 liu—

285 2138 508 2192 jusmodi,
541 2139 589 2178 ut
619 2137 912 2188 cooperatores
945 2135 1079 2175 simus
1116 2135 1319 2176 veritatis.

292 2210 560 2263 Scripsissem
592 2206 765 2247 forsitan
801 2205 997 2246 Ecclesiae
1034 2219 1043 2246 ;
1079 2205 1151 2246 sed
1182 2206 1218 2245 is
1249 2206 1323 2257 qui

292 2284 406 2322 amat
419 2279 653 2333 primatum
669 2288 819 2329 gerere
837 2276 881 2316 in
895 2276 968 2326 eis.
986 2275 1234 2328 Diotrephes
1251 2276 1320 2329 (a),

292 2364 377 2392 non
398 2349 546 2402 recipit
561 2360 654 2388 nos.
680 2361 699 2384 ›)
721 2347 936 2388 Exeuntes
956 2347 1005 2388 in
1023 2346 1189 2398 plateas
1211 2347 1318 2399 effus,

292 2423 342 2463 ad
388 2420 579 2462 veritatis
627 2417 917 2459 testimonium
968 2417 1277 2458 testificandum
1311 2432 1320 2467 ;

292 2496 464 2548 propter
495 2491 608 2544 quod
640 2490 790 2531 dicitur
809 2489 823 2511 ³
851 2503 860 2529 z
889 2487 1048 2537 «Quod
1079 2488 1173 2529 dico
1204 2488 1324 2529 vobis

293 2566 338 2605 in
373 2563 582 2612 tenebriS,
605 2561 729 2602 dicite
763 2559 808 2599 in
835 2558 997 2599 lumine
1021 2572 1029 2599 z
1065 2561 1106 2599 et
1135 2559 1249 2612 quod
1278 2560 1323 2600 in

294 2647 396 2676 aure
410 2634 579 2684 auditis,
596 2631 818 2684 praedicate
835 2641 963 2681 super
980 2631 1104 2670 tecta.
1121 2643 1140 2667 ›)
1159 2630 1294 2672 Dicite
1309 2643 1323 2671 .·

299 2708 365 2760 (v.
390 2708 462 2756 Μ)
492 2705 639 2747 Etiam
664 2702 879 2755 pulverem
899 2732 909 2750 ‚
931 2702 1008 2752 qui
1038 2700 1222 2744 adhaesit
1244 2712 1324 2744 ηο-

297 2779 360 2821 bis
388 2777 438 2819 de
464 2777 637 2831 civitate
668 2776 834 2822 vestra,
857 2773 1120 2824 extergimus
1149 2774 1197 2814 z'n
1226 2783 1323 2824 vos,

295 2852 466 2902 propter
485 2845 674 2888 veritatis
690 2845 1001 2895 contemptum,
1022 2844 1135 2895 quod
1152 2845 1214 2884 est
1233 2855 1326 2896 pec-

298 2923 439 2960 catum
454 2918 575 2959 valde
595 2914 906 2965 detestandum,
922 2913 1155 2954 secundum
1171 2914 1273 2955 illud
1288 2918 1322 2954 ⁴:

300 3005 319 3029 α
343 2990 386 3031 Si
414 3001 502 3030 non
526 2987 739 3029 venissem
768 2988 809 3026 et
834 2985 1001 3026 locutus
1033 2984 1206 3025 fuissem
1238 2985 1323 3036 eis,

299 3063 516 3115 peccatum
534 3071 620 3099 non
638 3058 859 3098 haberent.
881 3070 900 3094 »
921 3056 971 3097 Et
989 3057 1081 3097 ideo
1093 3089 1103 3107 ‚
1125 3057 1178 3098 ad
1194 3057 1327 3110 hujus

300 3132 439 3174 delicti
457 3130 795 3179 detestationem,
817 3128 917 3169 dicit
935 3127 1154 3180 pulverem
1171 3128 1328 3169 abster-

303 3203 491 3257 gendum
504 3233 516 3252 ‚
539 3201 647 3241 sicut
667 3199 817 3240 Petrus
836 3198 942 3239 dixit
962 3196 1124 3238 Simoni
1142 3198 1154 3220 ¹⁵
1175 3212 1183 3238 :
1213 3214 1232 3237 «
1253 3198 1328 3240 Pe-

303 3275 427 3316 cunia
445 3276 519 3314 tua
533 3275 673 3312 tecum
694 3269 747 3309 sit
762 3269 806 3308 in
819 3269 1149 3321 perditionem.»
1172 3270 1329 3312 Tamen

304 3347 378 3389 hoc
406 3345 552 3386 scitote
574 3373 584 3392 ‚
620 3341 725 3393 quia
757 3340 1118 3391 appropinquavit
1155 3350 1329 3393 reanum

346 3428 462 3467 ¹Act.,
482 3433 566 3464 xvu,
593 3427 628 3463 1,
649 3425 680 3455 2.
698 3439 738 3445 -
757 3423 771 3443 ²
797 3422 839 3453 lll
861 3422 968 3461 Joan.‚
989 3423 1026 3462 8,
1047 3424 1077 3454 9.
1099 3438 1138 3444 —
1161 3422 1172 3440 ³
1191 3422 1330 3460 Mattlz„

304 3484 348 3517 x,
378 3477 428 3506 27.
458 3490 497 3497 —
528 3473 541 3494 1
567 3472 678 3510 Jonn.,
708 3476 765 3509 XV,
796 3470 846 3500 22.
873 3487 914 3492 —
941 3469 955 3490 ⁵
986 3469 1070 3509 Act„
1104 3476 1182 3509 vm,
1210 3471 1262 3501 20.
1289 3487 1327 3495 -—

304 3524 316 3541 ⁸
337 3521 471 3561 Matth.,
491 3526 587 3557 mv,
611 3520 663 3550 14.
689 3534 723 3540 -
750 3517 760 3535 ⁷
784 3516 938 3555 Hieron„
960 3515 994 3547 in
1019 3515 1155 3556 Matth.,
1181 3526 1210 3549 c.
1239 3525 1270 3548 x.
1289 3534 1329 3541 —

303 3569 317 3591 θ
341 3569 430 3601 Psal.
451 3576 513 3607 vu,
532 3568 564 3598 6.
584 3581 626 3590 -
643 3565 657 3587 ⁹
679 3563 793 3603 Mich„
814 3571 881 3604 vn,
904 3566 952 3595 17.
972 3580 1013 3586 —
1033 3564 1061 3585 ¹⁰
1081 3563 1199 3600 Εσεὶί..
1219 3572 1327 3605 xxvii,

1009 274 1290 318 EVANGELII
1319 273 1502 321 SANCTl
1537 277 1684 319 LUCAE

1383 364 1482 416 Dei,
1518 367 1559 407 id
1588 369 1651 407 est
1687 368 1843 409 veritas
1880 368 2134 421 Evangelii,
2173 367 2407 410 secundum

1383 434 1489 477 illud
1525 441 1538 463 ⁸
1572 451 1581 478 :
1621 454 1640 476 «
1677 437 1979 480 Praedicabitur
2011 439 2093 479 hoc
2132 439 2408 491 evangelium

1383 507 1509 557 regni
1529 508 1569 548 in
1594 509 1792 551 universo
1818 510 1920 550 orbe
1945 510 1988 550 in
2006 510 2296 551 testimonium
2316 522 2410 550 om-

1384 577 1509 617 nibus
1544 581 1774 631 gentibus3
1807 596 1825 618 >³
1861 583 1909 621 ut
1941 580 2082 620 nullus
2108 581 2238 632 possit
2266 593 2309 621 se
2338 592 2412 632 per

1385 647 1670 699 ignorantiam
1691 663 1908 692 excusare.
1934 650 1985 691 Et
2006 652 2249 703 propterea,
2271 652 2320 691 ut
2338 662 2411 702 pu-

1385 717 1493 758 blice
1513 720 1609 770 fiat,
1627 721 1750 773 Jubet
1781 721 1825 761 in
1851 720 1997 774 plateis
2023 721 2246 771 extergere
2265 720 2412 772 pulve-

1385 801 1491 830 rem.
1520 789 1656 843 Super
1686 804 1770 844 quo
1802 792 1902 832 dicit
1930 791 2219 843 Hieronymus
2238 790 2278 841 ⁷,
2302 791 2413 843 quod

1385 859 1466 901 hoc
1479 862 1602 913 Jubet
1634 862 1679 902 in
1710 862 2001 903 testimonium
2030 861 2142 914 quod
2177 861 2416 913 praedicatio

1385 943 1535 972 corum
1555 934 1796 985 pervenerit
1816 945 1953 986 usquc
1972 933 2024 973 ad
2045 932 2161 972 illam
2187 931 2415 981 civitatem,

1386 1002 1503 1042 etita
1523 1015 1609 1043 non
1634 1003 1791 1044 habent
1821 1003 2137 1045 excusationem
2166 1003 2216 1043 de
2236 1001 2416 1042 infideli-

1386 1072 1483 1111 tate.
1496 1071 1739 1114 Secundum
1752 1075 2015 1126 spiritualem
2032 1077 2175 1115 autem
2186 1073 2421 1124 intelligen-

1387 1138 1505 1190 tiam,
1521 1141 1646 1192 pedes
1666 1142 1952 1193 apostolorum
1968 1144 2067 1183 sunt
2085 1142 2259 1182 affectus
2273 1139 2420 1193 praedi-

1389 1214 1595 1260 catorum,
1608 1212 1767 1264 quibus
1788 1213 1928 1264 pulvis
1944 1212 2163 1254 consuevit
2178 1211 2416 1261 adhaerere,

1389 1280 1544 1322 scilicet
1565 1282 1704 1323 inanis
1737 1283 1888 1335 gloriae
1906 1316 1916 1334 ‚
1938 1285 1989 1326 de
2010 1297 2095 1337 quo
2118 1284 2132 1306 ⁸
2158 1298 2166 1325 :
2195 1299 2214 1322 α
2235 1282 2420 1324 Gloriam

1390 1363 1529 1391 meam
1562 1353 1607 1393 in
1640 1354 1858 1405 pulverem
1888 1355 2091 1405 deducat;
2115 1369 2133 1393 ›>
2156 1353 2418 1406 indignatio-

1390 1423 1458 1462 nis
1493 1425 1535 1463 et
1570 1424 1874 1477 impatientiae,
1911 1426 1961 1467 de
1989 1438 2075 1478 quo
2095 1429 2109 1450 ⁹
2144 1439 2153 1466 :
2181 1440 2200 1463 «
2237 1424 2422 1475 Lingent

1390 1493 1608 1546 pulverem
1632 1495 1740 1536 sicut
1759 1508 1951 1548 serpens;
1967 1510 1986 1533 n
2008 1495 2248 1550 cupiditatis
2267 1498 2307 1535 et
2327 1506 2423 1535 ava-

1391 1564 1500 1605 ritiae
1523 1597 1531 1612 ,
1557 1567 1790 1607 secundum
1823 1567 1927 1607 illud
1956 1568 1984 1592 ¹⁰
2012 1579 2022 1606 z
2059 1581 2078 1604 ((
2099 1566 2147 1606 ln
2172 1576 2424 1618 percussura

1392 1636 1518 1675 cribri
1551 1637 1787 1677 remanebit
1825 1637 1980 1689 pulvis.
2020 1652 2038 1674 n
2078 1636 2245 1676 Primus
2283 1634 2424 1687 pulvis

1393 1706 1581 1746 adhaeret
1610 1707 1787 1758 pedibus
1815 1707 2139 1759 praedicantium
2160 1738 2172 1756 ,
2203 1717 2301 1746 cum
2331 1705 2422 1746 lau-

1394 1776 1547 1816 dantur
1562 1788 1574 1828 3
1598 1777 1670 1817 sed
1695 1777 1910 1818 excutitur
1940 1789 2016 1830 per
2046 1777 2425 1818 considerationem

1394 1847 1460 1887 sui
1476 1879 1486 1897 ,
1510 1847 1743 1888 secundum
1771 1848 1875 1889 illud
1895 1849 1922 1870 ¹¹
1951 1863 1960 1889 :
1984 1847 2106 1890 «Vos
2127 1859 2213 1888 non
2233 1847 2332 1887 estis
2351 1847 2425 1900 qui

1393 1917 1642 1970 loquimini;
1665 1933 1684 1955 »
1713 1920 1753 1958 et
1775 1919 1878 1959 item
1899 1920 1926 1940 ¹²
1955 1933 1964 1959 ι
1994 1934 2013 1957 (ι
2042 1917 2175 1959 Nemo
2196 1919 2331 1970 potest
2358 1917 2426 1957 di-

1395 2001 1508 2040 cere,
1526 1989 1730 2030 Dominus
1745 1989 1765 2030 J
1769 2002 1884 2042 esus,
1901 1990 1985 2030 nisi
1999 1990 2044 2030 in
2058 1989 2220 2043 Spiritu
2233 1991 2391 2038 sancto;
2402 2003 2421 2026 ›)

1395 2063 1435 2101 et
1452 2061 1553 2101 item
1565 2062 1595 2085 ¹³
1611 2076 1649 2102 z«
1661 2061 1768 2110 Quid
1782 2062 1914 2103 habes
1928 2062 2042 2115 quod
2055 2074 2143 2102 non
2161 2060 2388 2113 accepisti?
2402 2073 2421 2097 »

1396 2131 1492 2172 Ideo
1505 2132 1550 2171 in
1570 2132 1862 2175 Ecclesiastico
1877 2133 1904 2155 11
1923 2147 1931 2173 z
1950 2148 1969 2171 «
1985 2132 2094 2182 Quid
2107 2131 2297 2184 superbit
2311 2133 2425 2171 terra

1396 2204 1437 2242 et
1467 2202 1601 2242 cinis?
1621 2217 1639 2240 ›>
1667 2203 1886 2243 Secundus
1916 2203 2055 2255 pulvis
2083 2203 2298 2251 adhaeret,
2329 2212 2426 2241 cum

1396 2274 1751 2323 contemnuntur3
1774 2273 1846 2313 sed
1866 2273 1934 2313 hic
1954 2273 2168 2313 excutitur
2193 2284 2269 2325 per
2287 2283 2424 2312 reme-

1397 2344 1675 2384 morationem
1715 2343 1890 2393 Christi,
1929 2343 2168 2384 secundum
2207 2342 2314 2383 illud
2351 2343 2381 2366 ¹⁵
2414 2356 2422 2382 :

1399 2429 1418 2453 α
1441 2414 1692 2455 Mementote
1711 2413 1921 2454 sermonis
1940 2413 2045 2463 mei,
2069 2425 2198 2466 quem
2227 2425 2311 2465 ego
2338 2413 2428 2454 dixi

1397 2486 1547 2527 vobis:
1578 2484 1672 2526 Non
1701 2488 1765 2526 est
1789 2496 1939 2526 servus
1969 2484 2108 2537 maJor
2136 2483 2308 2525 domino
2334 2495 2426 2525 suo.

1397 2555 1441 2597 Si
1474 2569 1543 2597 me
1574 2557 1784 2610 persecuti
1816 2557 1947 2606 sunt,
1985 2557 2025 2596 et
2065 2566 2140 2597 vos
2171 2567 2428 2608 persequen-

1397 2630 1524 2679 tur,-›)
1548 2631 1626 2669 etc.
1647 2626 1813 2669 Tertius
1833 2627 1973 2680 pulvis
2003 2627 2225 2678 adhaeret,
2257 2626 2429 2680 quando

1399 2712 1578 2740 munera
1614 2699 1855 2740 offeruntur
1891 2710 1989 2751 quae
2031 2700 2245 2739 excaecant
2284 2697 2429 2739 oculos

1399 2770 1578 2820 ducum,
1595 2771 1724 2822 Juxta
1748 2769 1854 2810 illud
1873 2769 1901 2795 ¹⁸
1925 2782 1934 2809 :
1964 2784 1983 2807 «
2003 2768 2120 2810 Oculi
2138 2781 2287 2810 eorum
2315 2768 2430 2822 pleni

1399 2844 1498 2883 sunt
1517 2841 1693 2894 pulvere
1712 2853 1737 2881 a
1755 2840 1934 2894 pedibus
1952 2840 2262 2881 introeuntium
2283 2854 2293 2880 :
2313 2854 2332 2879 ›)
2356 2839 2430 2881 sed

1399 2913 1471 2954 hic
1488 2911 1702 2952 excutitur
1722 2923 1797 2964 per
1816 2911 2068 2952 memoriam
2088 2911 2236 2952 mortis
2254 2912 2426 2952 nostrae.

2483 1078 2577 1113 Spiri·
2619 1076 2621 1107 J
2633 1075 2634 1099 1

2441 1119 2526 1146 tualis
2538 1119 2580 1145 in·
2622 1145 2623 1151 ,

2439 1160 2576 1194 tevigen-
2621 1162 2623 1195 j

2439 1201 2491 1229 tia.
2622 1197 2623 1203 ¹

1399 2983 1687 3035 Hieronymus
1707 2982 1734 3005 ¹⁷
1757 2993 1767 3022 :
1793 2982 1968 3024 «Facile
2000 2981 2229 3023 contemnit
2251 2981 2424 3033 omnia,
2468 3000 2471 3006 »

1401 3056 1476 3109 qui
1513 3067 1557 3096 se
1592 3066 1760 3106 semper
1809 3055 1965 3106 cogitat
2005 3053 2279 3094 moriturum.
2318 3067 2337 3091 n
2379 3052 2429 3094 Et

1400 3125 1627 3180 Apostolus
1662 3126 1691 3150 ¹⁸
1726 3138 1735 3164 :
1766 3140 1785 3164 a
1818 3124 1932 3166 Nihil
1969 3123 2193 3164 intulimus
2231 3123 2276 3164 in
2311 3123 2428 3164 hunc

1402 3198 1613 3239 mundum
1639 3207 1650 3237 ε
1672 3195 1787 3237 haud
1817 3195 1994 3236 dubium
2017 3194 2130 3247 quod
2157 3206 2237 3236 nec
2263 3195 2429 3236 auferre

1401 3269 1504 3322 quid
1521 3278 1761 3321 possumus.
1780 3280 1800 3304 υ

1403 3371 1433 3401 5.
1450 3385 1491 3391 —
1514 3367 1534 3386 ¹¹
1556 3364 1692 3404 Mami„
1714 3372 1750 3405 x,
1770 3365 1872 3395 20.-
1897 3362 1921 3383 ¹²
1939 3363 1949 3393 Ι
1971 3362 2060 3401 Cor„
2081 3371 2145 3401 XII,
2163 3365 2247 3396 3,.-
2265 3364 2287 3382 13
2307 3364 2316 3395 1
2337 3364 2429 3407 Cor„

1404 3424 1449 3454 iv,
1470 3416 1500 3447 7.
1515 3430 1556 3437 —
1578 3413 1602 3434 ¹⁸
1620 3411 1738 3451 Ecclz'.‚
1759 3419 1793 3451 x,
1814 3412 1845 3442 9.
1860 3427 1899 3433 -
1921 3410 1942 3428 ¹⁵
1960 3411 2070 3448 Joan„
2093 3418 2151 3450 xv,
2170 3413 2221 3444 20,
2236 3428 2276 3436 ,-
2294 3412 2319 3432 ie
2333 3412 2428 3453 Bar„

1403 3470 1456 3503 vi,
1483 3462 1534 3493 16.
1555 3477 1595 3483 —
1619 3459 1644 3480 ¹⁷
1665 3458 1820 3498 Hieron„
1842 3457 1889 3489 ad
1911 3456 2026 3498 Cypr„
2046 3459 2131 3489 tom.
2151 3458 2216 3498 lll,
2236 3458 2334 3499 epist.
2355 3460 2427 3491 139,

1404 3525 1443 3532 —
1467 3509 1493 3529 ¹⁸
1518 3508 1528 3538 l
1550 3507 1646 3545 Tim„
1666 3512 1714 3546 vJ,
1733 3506 1765 3536 7.

1445 3564 1489 3605 (a)
1510 3562 1591 3594 Coet.
1608 3561 1687 3593 edic.
1707 3560 1898 3601 Diotrepes.
