2634 3853
218 187 294 224 5th
951 179 1234 222 EVANGELII
1268 180 1455 223 SANCTI
1485 182 1633 223 LUCAE

216 270 382 323 corpori
402 270 506 311 illud
527 271 780 323 vegetando,
800 273 841 312 et
859 281 1011 322 corpus
1037 271 1100 309 est
1127 268 1248 321 quasi

216 341 516 382 indumentum
544 341 719 392 animze,
752 340 865 393 quod
904 342 1026 380 extra
1057 342 1245 391 apparet.

218 410 261 452 Si
281 423 387 463 ergo
412 411 523 453 Deus
546 412 736 465 providet
764 411 1025 464 corporalem
1051 410 1248 461 vigorem

218 482 372 523 animae
413 483 660 534 vegetantis,
680 482 814 523 multo
849 482 1000 521 fortius
1034 480 1248 521 alimonia}

217 554 525 595 sufficientiam.
551 554 726 605 Rursus,
745 554 779 593 si
800 554 954 593 animae
976 551 1169 605 providet
1189 551 1249 592 in-

217 625 471 666 dumentum
487 625 689 677 corporis,
706 623 842 665 multo
861 623 1010 664 fortius
1030 625 1250 675 tegumen—

217 699 310 737 tum
326 695 453 736 vestis
473 695 708 735 exterioris.

270 769 334 806 ⁶24.
374 766 644 808 Considerate
678 775 836 816 corvos,
872 765 977 817 qnia
1012 774 1097 805 non
1127 764 1250 805 semi-

216 840 339 886 nani,
361 838 438 876 ete.
469 835 544 876 [lic
576 837 706 877 sumit
737 837 1043 888 argumentum
1074 833 1099 874 a
1132 846 1249 874 crea-

216 910 313 947 tura
346 908 547 948 sensibili.
583 907 633 948 Et
669 907 804 960 primo
836 907 954 959 ponit
983 905 1247 958 exemplum,

216 977 364 1018 deinde
385 979 495 1019 elicit
517 979 837 1030 argumentum.

271 1048 474 1101 Proponit
510 1049 644 1100 igitur
681 1047 927 1099 exemplum
975 1045 1250 1086 consideran-

217 1120 335 1171 dum,
359 1132 455 1160 cum
485 1119 583 1160 dicit
615 1134 623 1159 :
656 1118 929 1161 Considerate
962 1128 1120 1167 corvos,
1147 1118 1251 1169 qaia

218 1199 303 1230 non
323 1188 554 1237 seminani,
577 1198 706 1239 neque
728 1191 888 1230 metunt
904 1199 918 1227 .·
932 1198 1025 1227 ecce
1042 1185 1249 1238 principio

220 1271 306 1299 non
324 1259 482 1299 hahent
507 1259 623 1299 corvi
641 1258 781 1298 ullum
807 1257 963 1297 laboris
983 1255 1247 1296 exercitium.

223 1329 386 1382 Quibus
415 1340 500 1371 non
527 1334 588 1371 esi
615 1329 833 1370 cellarium
863 1338 995 1380 neque
1020 1327 1216 1368 horreum
1239 1340 1247 1367 :

221 1413 314 1441 ecce
332 1413 420 1442 non
439 1402 597 1441 habent
614 1400 926 1452 repositorium.
951 1400 1006 1441 Ei
1024 1400 1138 1439 Deus
1154 1408 1252 1450 pas-

220 1474 278 1515 cz‘t
298 1473 392 1515 illos
406 1485 420 1513 .·
435 1485 528 1514 ecce
542 1485 626 1513 non
638 1473 859 1525 patiuntur
872 1471 1095 1513 defectum.
1113 1470 1123 1490 ¹
1133 1485 1151 1507 α
1169 1468 1246 1517 Qui

221 1546 290 1586 dat
303 1546 510 1598 jumentis
529 1557 667 1585 escam
686 1545 890 1597 ipsorum,
909 1544 951 1583 et
966 1541 1093 1593 pullis
1107 1552 1251 1581 corvo-

220 1628 319 1656 rum
339 1616 631 1657 invocantibus
651 1627 765 1655 eum.
791 1629 810 1652 »
834 1614 885 1654 Et
904 1615 1005 1653 nota
1024 1612 1137 1664 quod
1159 1623 1248 1651 ma-

222 1688 288 1739 gis
308 1687 552 1739 exemplum
582 1685 780 1739 proponit
803 1684 853 1724 de
878 1683 1029 1732 corvis,
1051 1694 1180 1734 quam
1201 1682 1251 1722 de

220 1758 310 1798 aliis
330 1758 480 1798 avibus
503 1772 512 1798 ε
541 1760 634 1797 tum
663 1756 775 1809 quod
801 1755 1000 1795 maximae
1029 1754 1130 1793 sunt
1149 1752 1251 1793 eda-

220 1829 370 1879 citatis,
400 1828 512 1869 unde
544 1827 697 1868 dicitur
728 1831 742 1851 2
773 1825 888 1878 quod
918 1824 1004 1866 Noe
1039 1838 1058 1861 «
1092 1823 1252 1863 dimisit

220 1911 410 1950 corvum,
447 1899 521 1952 qui
551 1897 847 1949 egrediebatur
876 1898 917 1936 et
946 1907 1033 1935 non
1060 1896 1251 1935 reverte-

221 1971 361 2021 batur,
382 1985 401 2008 »
436 1972 476 2009 et
506 1968 613 2009 ratio
640 1968 770 2020 hujus
803 1968 880 2017 est,
911 1966 1011 2018 quia
1041 1964 1252 2005 insederat

220 2053 348 2094 super
368 2040 564 2089 cadaver3
587 2043 682 2079 tum
707 2038 835 2078 etiam
860 2037 973 2090 quod
1000 2037 1094 2077 haec
1118 2036 1251 2075 fertur

221 2124 310 2152 esse
328 2114 481 2152 natura
499 2110 630 2160 corvi⁷
654 2109 766 2161 quod
793 2108 930 2161 pullos
947 2119 1047 2148 suos
1066 2107 1111 2146 in
1130 2106 1251 2159 prin—

221 2183 329 2235 cipio
353 2195 440 2222 non
466 2180 613 2234 pascit,
634 2179 733 2232 quia
760 2191 848 2219 non
872 2179 993 2230 putat
1020 2189 1118 2217 suos
1146 2188 1247 2227 esse,

221 2253 353 2294 donec
371 2252 510 2293 videat
530 2263 600 2292 eos
618 2250 748 2290 factos
766 2249 932 2300 nigros.
955 2249 968 2270 ³
985 2262 1005 2286 (t
1029 2247 1128 2296 Quis
1148 2258 1252 2299 prae-

222 2327 342 2376 parat
366 2335 492 2365 corvo
519 2334 658 2362 escam
688 2332 824 2370 suam,
846 2319 1016 2371 quando
1036 2318 1141 2371 pulli
1159 2320 1250 2371 ejiis

220 2394 404 2434 clamant
435 2393 488 2434 ad
517 2392 651 2433 Deum
677 2390 915 2442 vagientes,
938 2402 987 2430 eo
1018 2390 1133 2442 quod
1165 2401 1252 2429 non

220 2465 407 2505 habeant
437 2464 584 2504 cibos?
608 2477 628 2501 »
664 2461 782 2503 Unde
813 2473 889 2514 per
920 2472 1068 2502 corvos
1099 2460 1251 2500 merito

221 2537 304 2577 alia
328 2535 515 2577 volatilia
542 2531 725 2584 intelligi
754 2533 932 2584 possunt
956 2534 970 2555 ⁶
1004 2545 1013 2571 ε
1055 2546 1074 2569 α
1102 2530 1251 2583 Respi-

222 2608 301 2648 cite
319 2607 505 2649 volatilia
518 2605 626 2655 coeli,
642 2603 845 2656 quoniam
862 2614 947 2642 non
958 2604 1117 2652 serunt,
1131 2616 1150 2640 1)
1171 2605 1249 2643 etc.

276 2678 430 2719 Deinde
457 2677 568 2717 elicit
599 2676 919 2726 argumentum,
953 2684 1053 2713 cum
1087 2673 1202 2714 addit
1239 2688 1249 2714 z

226 2750 386 2797 Quanto
403 2749 540 2801 magis
559 2757 631 2790 vos
648 2746 789 2799 pluris
813 2744 916 2786 estis
933 2743 1053 2785 illis?
1075 2742 1217 2784 Glossa
1238 2758 1247 2784 :

229 2836 247 2858 «
266 2818 440 2873 Propter
458 2819 665 2859 rationem
689 2818 730 2856 et
757 2813 1133 2865 immortalitatem,
1156 2827 1251 2867 quae

224 2890 342 2932 vobis
369 2889 643 2942 promittitur,
666 2887 762 2940 plus
782 2885 947 2927 valetis.
973 2899 993 2923 2>
1020 2888 1034 2909 ὅ
1065 2899 1085 2923 α
1114 2883 1250 2925 Num-

223 2962 325 3014 quid
361 2961 412 3001 de
449 2960 584 3000 hobus
619 2970 721 2999 cura
764 2958 827 2997 est
859 2956 970 2996 Deo?
1007 2969 1026 2993 n
1063 2954 1253 3008 SuhjUn-

224 3032 341 3083 gitur
373 3046 381 3071 :
414 3045 433 3069 «
465 3029 572 3071 Nam
603 3030 773 3081 propter
804 3038 882 3067 nos
913 3025 1066 3078 scripta
1093 3029 1206 3067 sunt.
1226 3041 1246 3065 n

224 3101 301 3142 Sed
325 3102 424 3154 quia
448 3102 586 3153 posset
606 3099 756 3151 aliquis
776 3101 921 3138 contra
942 3098 1250 3149 argumentari,

223 3173 336 3225 quod
348 3172 469 3213 nobis
487 3169 684 3222 competit
702 3168 842 3219 magis
857 3167 1107 3219 sollicitudo,
1123 3181 1253 3221 quam

225 3244 376 3294 corvis,
397 3244 568 3296 propter
587 3238 879 3280 excellentiam
898 3237 1088 3288 rationis,
1110 3242 1250 3280 osten-

224 3315 283 3356 dit
312 3314 425 3367 quod
445 3314 527 3354 hoc
543 3310 650 3352 nihil
669 3311 745 3350 est.
765 3308 808 3350 Si
832 3308 946 3350 enim
967 3310 1021 3359 (a)
1049 3321 1254 3361 augmen-

269 3422 385 3452 1ch1l.
407 3427 518 3459 exim,
538 3420 567 3449 9.
588 3435 627 3441 -—
646 3417 659 3437 ²
679 3416 772 3452 Gen.‚
795 3422 870 3455 vus,
888 3415 1081 3451 oss—’.loln
1104 3424 1252 3457 xxxvm,

227 3470 321 3499 Η,-
334 3470 344 3487 a
357 3470 492 3507 Mamm
509 3470 669 3506 x‘1‚2·a³--
683 3464 714 3493 ⁵1
732 3463 890 3502 Cor.,1x‚
905 3466 936 3502 9,
950 3463 1073 3494 *lm—⁶
1087 3464 1112 3494 11
1130 3466 1252 3505 inach„

1320 272 1412 310 tum
1445 270 1632 323 corporis
1663 281 1751 310 non
1777 270 1824 310 fit
1853 281 1928 322 per
1965 271 2199 314 humanam
2232 271 2351 325 cogi-

1320 340 1545 390 tationem,
1575 340 1647 381 sed
1683 351 1757 392 per
1795 339 1983 380 divinam
2020 342 2351 396 dispositionem,

1321 412 1411 462 pari
1434 413 1597 452 ratione
1617 414 1657 451 et
1675 411 1939 451 alimentum.
1964 410 2138 465 Propter
2157 414 2271 467 quod
2291 413 2352 454 di-

1321 481 1376 520 cit
1412 482 1466 534 (v.
1489 485 1554 533 25)
1577 495 1587 522 ε
1618 482 1725 534 Quis
1750 485 1890 523 autem
1923 486 2106 524 vestram
2133 484 2354 536 coyitando

1317 555 1455 603 potest
1482 553 1666 604 adjicere
1701 552 1758 594 ad
1784 556 1993 594 siaiaram
2017 564 2140 595 sicam
2165 555 2355 598 cubitum

1323 632 1455 663 unum
1470 624 1492 664 P
1521 624 1640 676 quasi
1671 624 1781 664 dicat
1803 638 1811 663 :
1834 623 1982 664 Nullus
2005 636 2014 661 :
2044 625 2145 676 quia
2169 624 2249 665 hoc
2269 638 2353 666 non

1322 697 1385 734 est
1418 695 1605 735 hominis
1639 695 1880 747 cogitantis,
1908 694 1980 735 sed
2011 707 2118 747 opus
2147 694 2220 735 Dei
2257 707 2352 748 pro-

1321 764 1517 807 videntis.
1541 765 1658 807 Unde
1688 766 1842 806 dicitur
1861 770 1874 791 ⁶
1909 778 1919 806 ι
1954 780 1973 804 (ι
2002 764 2148 806 Nescio
2179 765 2356 817 qualiter

1321 838 1366 878 in
1386 841 1506 880 utero
1526 852 1621 880 meo
1651 839 1904 892 apparuistis
1928 851 1938 877 ε
1972 850 2111 891 neque
2140 838 2255 879 enim
2276 850 2358 890 ego

1322 908 1520 961 spiritum
1545 912 1586 950 et
1614 910 1802 950 animam
1822 909 1978 951 donavi
1998 909 2119 950 vobis
2146 911 2186 950 et
2208 909 2356 958 vitam,

1323 979 1363 1016 et
1382 976 1655 1028 singulorum
1684 979 1877 1018 membra
1902 989 1990 1018 non
2013 989 2094 1029 ego
2118 977 2212 1030 ipsa
2241 989 2356 1017 com-

1322 1047 1478 1099 pegi.»
1513 1049 1564 1089 Et
1592 1050 1605 1071 ⁷
1637 1063 1646 1089 ε
1688 1048 1839 1089 «Deus
1875 1048 1947 1089 dat
1973 1047 2034 1087 illi
2066 1060 2217 1100 corpus
2249 1048 2357 1088 sicut

1322 1118 1429 1169 vult,
1452 1121 1493 1158 et
1517 1119 1749 1172 unicuique
1777 1119 1989 1159 seminum
2015 1118 2237 1171 proprium
2266 1130 2356 1159 cor-

1323 1200 1417 1240 pus.
1440 1203 1459 1226 »
1486 1188 1602 1230 Unde
1625 1192 1665 1230 et
1695 1189 1980 1242 Philosophus
2003 1189 2101 1229 dicit
2129 1189 2242 1241 quod
2263 1200 2354 1229 om-

1324 1260 1446 1300 nium
1476 1264 1629 1301 natura
1667 1261 1951 1302 constantium
1982 1260 2190 1300 terminus
2223 1261 2286 1300 est
2320 1263 2361 1300 et

1323 1331 1431 1372 ratio
1469 1333 1776 1384 magnitudinis
1813 1334 1854 1372 et
1891 1330 2129 1382 augmenti.
2169 1329 2214 1370 Si
2254 1341 2360 1382 ergo

1324 1401 1417 1442 haec
1453 1403 1630 1443 minima
1662 1415 1749 1443 non
1777 1404 1875 1443 sunt
1907 1404 1951 1442 in
1979 1402 2183 1451 humana,
2207 1401 2280 1441 sed
2313 1401 2356 1440 in

1324 1472 1467 1513 divina
1491 1474 1756 1526 providentia
1783 1474 2024 1523 constituta,
2047 1473 2183 1513 multo
2217 1472 2362 1514 minus

1324 1544 1418 1584 alia.
1442 1544 1536 1585 Ideo
1557 1545 1670 1585 addit
1693 1545 1748 1598 (v.
1770 1546 1833 1597 026)
1860 1559 1869 1584 2
1901 1545 1947 1586 Si
1972 1555 2066 1597 erqo
2095 1554 2224 1596 neque
2248 1543 2362 1596 qaod

1324 1616 1552 1656 minimam
1572 1619 1632 1657 esi
1650 1617 1841 1667 potestis,
1863 1615 1971 1667 quid
1989 1615 2042 1656 de
2062 1614 2231 1656 caeieris
2251 1614 2363 1656 solli-

1325 1685 1403 1726 cici
1435 1686 1566 1727 estis?
1606 1686 1726 1738 quasi
1767 1686 1877 1727 dicat
1907 1700 1916 1725 :
1948 1686 2105 1726 frustra
2139 1687 2180 1725 et
2216 1685 2356 1726 stulte.

1325 1754 1437 1796 Beda
1459 1756 1472 1776 ⁸
1495 1768 1504 1796 :
1536 1770 1556 1794 <‹
1579 1755 1644 1795 llli
1665 1755 1900 1807 tegendum
1928 1767 2081 1808 corpus
2113 1756 2355 1808 relinquite,

1326 1827 1400 1879 qui
1433 1826 1537 1867 illud
1567 1827 1619 1867 ad
1653 1827 1763 1866 hanc
1797 1838 2044 1867 mensuram
2079 1826 2173 1867 fecit
2201 1838 2355 1880 perve-

1324 1897 1433 1939 nire.
1460 1913 1479 1936 »
1517 1896 1820 1939 Verumtamen
1847 1898 1927 1937 ista
1946 1898 2054 1938 ratio
2083 1909 2170 1938 non
2190 1897 2358 1939 videtur

1329 1969 1482 2020 valere,
1503 1969 1618 2021 quia,
1639 1969 1735 2009 licet
1754 1980 1841 2009 non
1860 1971 2051 2021 oporteat
2073 1968 2287 2009 sollicitari
2307 1968 2358 2009 de

1325 2043 1575 2091 augmento,
1599 2052 1825 2092 possumus
1849 2041 1992 2080 tamen
2016 2042 2057 2081 et
2085 2039 2288 2080 debemus
2308 2040 2358 2080 de

1325 2111 1601 2152 nutrimento.
1633 2111 1748 2151 Licet
1783 2111 1898 2151 enim
1930 2110 1996 2151 vis
2035 2110 2359 2162 augmentativa

1325 2193 1411 2222 non
1428 2183 1482 2222 sit
1500 2183 1688 2234 subjecta
1708 2181 1919 2225 voluntati
1932 2184 1972 2221 et
1987 2181 2156 2232 rationi,
2173 2181 2356 2221 nihilta-

1327 2264 1425 2293 men
1454 2253 1629 2305 impedit
1660 2253 1711 2293 de
1736 2252 1957 2303 nutritiva,
1978 2252 2084 2304 quin
2111 2252 2164 2292 sit
2192 2252 2230 2292 ei
2250 2263 2357 2305 opus

1325 2324 1534 2375 regimine
1569 2326 1611 2365 et
1644 2324 1925 2377 providentia.
1962 2323 2269 2365 Verumtamen
2304 2323 2357 2364 ad

1325 2394 1407 2435 hoc
1423 2396 1486 2435 est
1504 2395 1736 2448 responsio,
1749 2394 1863 2448 quod
1882 2394 1991 2435 ratio
2010 2397 2074 2435 est
2091 2394 2204 2435 hona
2225 2409 2234 2436 ε
2256 2394 2358 2448 quia

1326 2465 1361 2505 si
1391 2465 1464 2507 illa
1490 2478 1588 2519 quae
1612 2469 1712 2507 sunt
1735 2465 1961 2506 commissa
1984 2465 2262 2519 providentiae
2280 2477 2356 2507 na-

1325 2538 1449 2587 turae,
1479 2548 1565 2577 non
1592 2538 1757 2589 oportet
1782 2536 2001 2577 hominem
2030 2548 2182 2588 regere
2209 2540 2251 2577 et
2281 2549 2356 2577 cu-

1325 2619 1437 2658 rare,
1459 2608 1551 2661 pari
1587 2607 1751 2649 ratione
1785 2620 1862 2648 nec
1898 2607 1972 2648 illa
2007 2619 2105 2661 quae
2136 2608 2359 2650 commissa

1327 2680 1427 2720 sunt
1461 2678 1738 2731 providentiae
1772 2690 1984 2731 supernae.
2024 2677 2214 2730 Rursus,
2253 2679 2360 2720 sicut

1325 2761 1412 2789 non
1430 2751 1566 2802 potest
1583 2761 1736 2802 corpus
1756 2761 1932 2801 augere,
1954 2749 2014 2790 sic
2032 2762 2110 2791 nec
2127 2750 2359 2792 terminum

1325 2820 1454 2871 vitre,
1490 2832 1620 2873 quem
1652 2820 1836 2872 praefixit
1874 2819 2099 2871 Dominus,
2135 2821 2355 2874 protelare.

1329 2889 1562 2941 Postremo,
1584 2890 1619 2931 si
1640 2903 1726 2931 non
1746 2892 1910 2944 oportet
1930 2892 2146 2933 sollicitari
2163 2892 2214 2932 de
2227 2892 2358 2945 ipsius

1327 2961 1513 3014 corporis
1544 2973 1761 3011 mensura,
1789 2961 1861 3001 sed
1893 2964 1956 3002 est
1979 2961 2108 3002 homo
2139 2964 2359 3003 contentus

1327 3043 1390 3083 ea,
1413 3043 1544 3084 quam
1575 3031 1778 3072 Dominus
1808 3031 1937 3081 dedit,
1962 3043 2092 3084 quare
2123 3043 2212 3073 non
2241 3032 2357 3073 simi-

1327 3102 1422 3142 liter
1441 3102 1492 3142 de
1512 3101 1712 3142 alimonia
1731 3102 1994 3142 extrinseca?

1382 3174 1448 3214 27.
1478 3173 1746 3216 Considerate
1775 3173 1871 3215 lilia
1907 3173 2112 3224 quomodo
2152 3178 2356 3226 crescunt,

1329 3248 1406 3285 etc.
1436 3243 1511 3284 Hic
1540 3246 1632 3297 Jarn
1663 3245 1785 3286 tertio
1814 3243 1945 3285 sumit
1971 3248 2276 3296 argumentum
2309 3246 2361 3286 de

1328 3369 1391 3402 vii,
1407 3364 1460 3393 22.
1479 3379 1519 3385 -
1538 3363 1552 3384 ⁷
1573 3364 1582 3393 l
1605 3362 1694 3400 Corn,
1718 3370 1775 3402 xv,
1796 3364 1846 3394 38.
1863 3379 1903 3386 —
1916 3362 1930 3383 ⁸
1944 3362 2040 3403 Bed„
2057 3363 2115 3395 ubi
2135 3372 2225 3404 sup„
2242 3364 2359 3404 paucis

1330 3409 1477 3440 mutatis.

1373 3468 1416 3508 (a)
1436 3469 1516 3499 caet.
1535 3467 1617 3499 edit.
1642 3470 1770 3500 autem.

2628 2717 2629 2728 ⁴
2626 2267 2634 2682 2ssissss-2tae-u--ss-..za-z4
2630 2250 2632 2256 ⁴
