2634 3853
159 2230 229 2256 Caio
241 2228 270 2254 in

174 2272 271 2297 Parae-

132 2313 206 2341 nesi.

184 3289 207 3318 11
214 3299 282 3327 ypo-

142 3333 223 3360 (ιι-118.

286 213 364 251 384

284 310 390 339 num
421 299 482 338 est
511 296 759 345 consilium,
783 292 876 334 aliis
905 288 1152 339 indulgere,
1176 287 1216 324 et
1243 294 1313 323 se-

286 369 511 422 metipsum
531 367 783 420 dijudicare,
800 359 1029 404 secundum
1049 355 1175 396 illud¹
1202 369 1210 394 :
1234 353 1310 394 «Si

286 442 605 493 praeoccupatus
625 437 750 477 fuerit
770 435 898 474 homo
919 431 961 469 in
982 428 1122 479 aliquo
1141 425 1309 472 delicto,

286 523 361 552 vos
379 511 450 564 qui
470 508 704 562 spirituales
724 505 836 553 estis,
855 498 1101 554 hujusmodi
1120 495 1312 536 instruite

286 582 332 622 in
352 582 502 634 spiritu
522 578 724 625 lenitatis,
745 573 1012 615 considerans
1032 569 1235 621 teipsum,
1258 579 1312 606 ne

287 656 327 694 et
347 656 393 694 tu
412 651 584 692 tenteris
603 665 610 690 :
631 659 732 689 nam
753 646 786 686 si
807 644 903 698 quis
930 641 1142 683 existimat
1171 651 1214 679 se
1236 638 1310 679 ali-

287 724 518 776 quidesse,
544 732 642 761 cum
673 717 778 758 nihil
800 716 875 766 sit,
898 714 986 767 ipse
1017 724 1059 752 se
1091 710 1264 751 seducit.
1287 724 1305 747 n

286 794 336 835 Et
363 794 454 834 ideo
474 792 568 832 talis
589 791 750 832 trabem
778 788 906 829 habet
928 786 972 825 in
1000 783 1144 834 oculo,
1164 782 1206 823 id
1226 784 1311 831 est,

285 864 527 916 superbiam
570 863 852 903 excaecantem
874 891 884 909 ,
921 857 1026 897 sicut
1069 854 1240 895 Balaam
1262 856 1276 876 ²
1302 867 1310 893 :

291 950 308 973 α
329 935 440 975 Dixit
460 935 588 975 homo
609 934 732 985 cujiis
756 931 976 971 obturatus
998 929 1060 967 est
1087 925 1235 966 oculus
1256 939 1266 975 ;
1289 939 1308 962 »

284 1007 407 1058 cujus
427 1005 636 1047 obturatio
651 1006 712 1044 est
725 1002 847 1044 valde
867 999 1012 1052 gravis
1032 998 1076 1037 in
1086 995 1314 1050 ,iudicando

285 1077 429 1130 iniqua
459 1077 472 1099 ³
505 1091 513 1116 ε
554 1091 573 1113 «
602 1074 792 1127 Nequius
830 1071 951 1112 oculo
990 1069 1090 1122 quid
1125 1070 1314 1108 creatum

286 1149 377 1188 cst?
392 1162 410 1185 n
431 1147 481 1188 Et
501 1146 675 1195 merito,
698 1145 799 1197 quia
815 1175 825 1194 ,
848 1142 957 1182 sicut
976 1140 1129 1181 dicitur
1148 1139 1258 1179 infra
1272 1141 1311 1177 ¹·:

291 1235 309 1257 <‹
329 1218 371 1259 Si
391 1218 538 1259 oculus
560 1219 660 1257 tuus
686 1226 872 1268 nequam
892 1212 1043 1262 suerit,
1066 1211 1194 1252 etiam
1221 1221 1312 1250 cor-

284 1302 364 1343 pus
385 1293 510 1330 tuum
533 1287 806 1328 tenebrosum
827 1285 920 1325 erit.
943 1298 961 1322 >³

338 1359 530 1401 Secundo
557 1357 737 1399 ostendit
764 1356 1043 1397 indiscretum
1076 1366 1165 1395 esse
1187 1353 1232 1393 in
1250 1353 1312 1394 lo-

284 1431 478 1482 cutione,
514 1432 616 1484 quia
644 1441 731 1469 non
761 1427 952 1480 loquitur
982 1424 1311 1474 rationabiliter3

284 1506 455 1556 propter
482 1501 597 1555 quod
625 1499 818 1541 subditur
853 1498 863 1551 (
887 1511 929 1539 v.
952 1497 1028 1548 42)
1056 1511 1064 1536 z
1090 1496 1177 1538 Aut
1204 1506 1316 1549 quo-

285 1574 405 1617 modo
424 1579 542 1627 potes
564 1573 700 1615 (licere
723 1570 854 1623 fratri
874 1573 963 1620 tuo,
987 1568 1173 1609 exterius
1202 1567 1317 1607 scili-

288 1650 351 1687 cet.
373 1646 513 1698 ipsum
536 1643 787 1696 alloquendo
810 1656 818 1681 ε
843 1641 1004 1689 Frater,
1026 1641 1118 1681 sine
1146 1639 1317 1690 ejiciam

284 1718 490 1769 festucam
513 1715 564 1757 cle
584 1714 699 1757 oculo
720 1717 811 1763 tuo,
834 1712 879 1752 in
899 1709 1247 1764 reprehendendo
1278 1712 1319 1749 et

286 1787 561 1840 corrigend03
593 1787 684 1838 ipse
715 1785 765 1826 in
797 1783 913 1825 oculo
948 1786 1017 1824 zuo
1047 1780 1202 1823 trabem
1233 1790 1319 1822 non

285 1859 465 1910 videns,
497 1859 712 1911 peccatum
749 1854 1058 1907 gravissimum
1089 1852 1134 1892 in
1159 1855 1200 1893 te
1232 1864 1318 1893 non

287 1930 567 1972 attendendo?
590 1928 715 1978 Quasi
738 1927 848 1968 dicat
872 1941 880 1966 :
905 1925 999 1966 Non
1023 1928 1138 1978 potes
1156 1924 1238 1965 hoc
1258 1936 1321 1963 ra-

287 2001 544 2050 tionabiliter
575 2000 726 2041 dicere.
758 1998 896 2039 Potest
926 1997 1040 2038 enim
1068 1995 1143 2036 tibi
1173 1995 1253 2036 dici
1272 1995 1285 2016 5
1309 2009 1316 2035 :

291 2089 309 2112 a
333 2074 410 2123 Qui
432 2073 562 2113 alium
578 2071 768 2124 judicas,
784 2069 968 2121 teipsum
988 2079 1073 2108 non
1091 2067 1278 2120 judicas3
1296 2081 1313 2103 n

289 2147 329 2185 et
357 2144 494 2184 1111111ὃ
527 2158 534 2181 ι
565 2158 583 2179 (ι
608 2141 779 2187 Medica,
809 2151 910 2179 cura
940 2138 1138 2191 teipsum.
1158 2152 1177 2175 n
1204 2136 1322 2178 Unde

290 2215 383 2256 talis
403 2214 580 2255 monitio
598 2212 748 2252 merito
770 2210 909 2263 potius
930 2209 1171 2261 despicitur,
1191 2219 1321 2260 quam

292 2287 507 2336 audiatur,
531 2283 762 2325 secundum
785 2282 888 2322 illud
910 2280 1104 2332 Gregorii
1124 2292 1134 2319 ε
1159 2295 1177 2318 α
1193 2279 1322 2331 Cujiis

292 2360 380 2400 vita
418 2357 674 2410 despicitur,
696 2356 824 2395 restat
861 2355 909 2393 ut
950 2353 1043 2404 ejus
1078 2351 1320 2404 praedicatio

293 2431 612 2476 contemnatur,
640 2425 740 2479 quia
770 2427 894 2476 turpe
925 2425 986 2463 est
1017 2422 1196 2471 doctori,
1220 2421 1323 2462 dum

293 2500 416 2553 culpa
453 2497 674 2550 redarguit
711 2496 868 2548 ipsum.
911 2508 929 2531 »
966 2493 1289 2545 Chrysostomus
1311 2505 1320 2531 ε

300 2589 319 2612 «
339 2572 475 2621 Quare
493 2571 537 2610 in
556 2569 705 2610 alienis
724 2567 843 2607 vides
861 2568 948 2606 tam
969 2576 1101 2618 parva
1127 2565 1297 2617 peccata
1309 2594 1321 2613 ,

295 2646 395 2686 etin
414 2648 454 2684 tc
473 2646 560 2684 tam
581 2652 740 2692 magna
760 2637 1043 2679 transcurris?
1063 2651 1081 2673 »
1100 2640 1112 2661 ⁷
1132 2650 1149 2673 «
1160 2635 1224 2675 Ab
1243 2634 1323 2674 im-

296 2715 454 2756 mundo
472 2713 573 2767 quid
592 2710 896 2753 mundabitur?
912 2711 952 2749 et
969 2721 992 2749 a
1008 2707 1208 2748 mendace
1222 2705 1326 2759 quid

294 2799 445 2829 verum
462 2786 648 2826 dicetur?
665 2797 683 2820 ›>
704 2781 752 2823 Et
776 2782 867 2822 ideo
887 2780 931 2820 in
950 2779 1142 2821 Ρεαῑνηο8
1164 2793 1171 2819 :
1196 2793 1214 2816 α
1231 2778 1327 2818 Ρ66-

294 2859 422 2899 catori
444 2859 585 2897 autem
606 2854 712 2896 dixit
730 2853 839 2894 Deus
868 2863 878 2892 :
908 2850 1043 2900 Quare
1075 2853 1123 2891 tu
1153 2861 1326 2891 enarras

291 2929 476 2981 Justitias
496 2930 633 2968 meas?
654 2940 672 2963 ))

351 3000 490 3042 Tertio
510 3010 611 3040 vero
630 2995 810 3038 ostendit
840 2993 1128 3035 inordinatum
1152 2992 1196 3032 in
1227 3004 1327 3045 ope-

298 3072 478 3121 ratione,
501 3070 600 3123 quia
624 3066 836 3121 postponit
863 3064 968 3106 illud
993 3063 1045 3104 ad
1075 3063 1189 3116 quod
1216 3066 1328 3103 tene-

299 3147 369 3185 tur
398 3140 683 3196 principaliter
698 3151 710 3191 3
732 3139 902 3191 propter
934 3135 1047 3189 quod
1078 3134 1178 3175 dicit
1200 3148 1208 3175 z
1233 3134 1325 3187 Hy-

297 3214 512 3269 procrz‘ta,
529 3212 630 3264 ejice
650 3210 838 3264 primum
858 3207 1014 3250 trabem
1030 3205 1081 3247 de
1103 3204 1218 3247 oculo
1242 3209 1325 3247 tao.

301 3284 577 3340 Hypocritam
605 3283 728 3324 vocat
765 3279 892 3320 talem
926 3276 1114 3330 Judicem
1146 3278 1327 3317 temera-

343 3420 353 3440 ¹
384 3417 474 3456 Gal.,
497 3423 549 3457 v1,
581 3415 648 3446 1-3.
672 3430 712 3436 -
737 3412 749 3430 ²
775 3411 891 3452 Num„
920 3418 1021 3451 xxw,
1047 3411 1077 3442 3.
1106 3427 1144 3433 —
1172 3410 1183 3428 ³
1212 3408 1331 3450 Ecclz'.,

302 3468 523 3505 xxx1‚<15.—
542 3464 552 3482 ⁴
575 3462 654 3502 lnf.,
673 3468 722 3498 x1,
743 3461 793 3491 34.
814 3476 855 3482 —
873 3459 886 3479 ⁵
902 3459 1006 3496 Rom„
1029 3465 1072 3496 11,
1094 3461 1122 3489 1.
1140 3473 1181 3481 .-
1201 3458 1212 3476 ⁶
1232 3458 1328 3497 Sup„

302 3522 348 3556 iv,
375 3516 425 3546 23.
450 3529 490 3536 -—
514 3513 524 3531 ⁷
544 3509 663 3550 Ecclz'„
690 3514 810 3548 xxx1v‚
836 3508 867 3538 4.
895 3521 934 3529 —
961 3504 974 3526 ⁸
995 3504 1084 3536 Psal.
1111 3511 1212 3544 xmx,
1240 3505 1270 3537 6.
1291 3521 1331 3528 —

1013 194 1295 240 EVANGELII
1327 192 1511 235 SANCTI
1543 193 1691 234 LUCAE

1391 282 1529 332 rium,
1559 282 1633 334 qui
1663 282 1706 321 iu
1731 283 1960 333 judicando
1992 284 2095 325 alios
2115 316 2124 334 ,
2159 286 2340 325 ostendit
2376 288 2416 326 et

1386 352 1609 405 praetendit
1641 352 1778 392 zelum
1805 353 2009 405 justitiae,
2041 358 2080 396 et
2112 355 2298 408 seipsum
2330 368 2416 395 non

1383 423 1635 475 ,iudicandm
1665 422 1793 462 habet
1812 423 1963 463 vitium
1984 425 2095 466 intus
2113 426 2246 467 latens
2268 439 2416 479 super-

1387 494 1482 535 biae.
1510 494 1624 534 Unde
1646 493 1875 544 Gregorius
1894 498 1907 518 ⁹
1928 507 1936 535 :
1960 510 1978 532 «
1998 495 2224 548 Hypocrita
2245 501 2416 538 caeteros

1388 565 1679 618 reprehendit,
1717 568 1764 605 ut
1795 564 1838 604 in
1882 565 2066 605 aliorum
2107 568 2416 619 comparatione

1387 636 1476 687 ipse
1497 636 1681 676 sanctior
1700 635 1906 676 videatur.
1931 650 1949 673 n
1974 634 2049 677 Vel
2066 635 2330 688 hypocritam
2347 651 2418 679 vo-

1388 708 1454 746 cat
1473 706 1546 759 qui
1572 707 1782 746 exteriora
1803 707 2030 765 ponderat,
2050 706 2252 747 interiora
2280 708 2417 759 negli-

1388 777 1451 828 git
1465 791 1474 826 ;
1493 789 1588 830 quae
1609 780 1706 818 sunt
1722 777 1863 829 magis
1879 777 2169 830 ponderanda,
2187 777 2419 818 secundum

1388 846 1492 888 illud
1515 847 1541 869 ¹⁰
1564 862 1573 888 :
1595 863 1613 886 «
1627 847 1700 889 Vae
1722 848 1856 893 vobis,
1881 847 2039 889 Scribae
2060 850 2101 888 et
2123 846 2324 889 Pharisaei
2344 848 2419 902 hy-

1390 918 1561 971 pocritae
1592 933 1601 959 :
1635 919 1737 971 quia
1770 918 1984 959 mundatis
2024 918 2139 971 quod
2171 918 2325 959 deforis
2358 922 2420 960 est

1389 989 1530 1029 calicis
1550 991 1591 1030 ct
1611 988 1845 1041 paropsidis
1863 1021 1873 1038 ‚
1897 989 2010 1029 intus
2030 992 2172 1029 autem
2191 989 2305 1042 pleni
2322 991 2421 1031 estis

1388 1060 1537 1111 rapina
1553 1063 1594 1100 et
1614 1059 1899 1100 immunditia.
1923 1059 2139 1101 Pharisaee
2157 1072 2279 1113 caece,
2300 1074 2422 1102 mun-

1389 1130 1440 1170 da
1460 1130 1580 1182 prius
1600 1131 1712 1183 quod
1732 1130 1849 1171 intus
1869 1133 1932 1171 est
1952 1131 2104 1182 calicis,
2122 1134 2198 1172 etc.
2215 1146 2233 1170 »
2261 1131 2311 1172 Et
2329 1131 2421 1172 ideo

1388 1203 1500 1241 recte
1519 1213 1635 1241 nunc
1663 1201 1762 1242 dicit
1786 1215 1793 1241 :
1816 1199 1934 1252 Ejice
1950 1203 2163 1253 primum,
2184 1202 2284 1255 quia
2314 1202 2424 1242 circa

1389 1273 1469 1314 hoc
1496 1273 1784 1326 principaliter
1813 1273 2092 1315 insistendum
2113 1307 2122 1325 ,
2148 1277 2196 1314 ut
2222 1274 2359 1325 trabs,
2381 1275 2423 1315 id

1390 1347 1452 1385 est
1483 1357 1616 1397 grave
1645 1347 1886 1398 peccatum,
1908 1345 1960 1385 de
1981 1345 2173 1386 interiori
2194 1345 2317 1386 oculo
2346 1345 2423 1398 eji-

1390 1419 1526 1460 ciatur
1553 1419 1577 1440 ¹¹
1602 1432 1611 1460 :
1644 1435 1662 1458 (‹
1682 1419 1906 1460 Purificate
1938 1420 2084 1470 corda,
2115 1420 2303 1472 duplices
2332 1419 2422 1460 ani-

1391 1502 1488 1540 mo;
1514 1505 1532 1527 »
1553 1490 1775 1543 quoniam,
1800 1491 1908 1531 sicut
1928 1490 2084 1531 dicitur
2112 1491 2140 1512 ¹²
2164 1504 2172 1531 :
2203 1506 2221 1529 «
2242 1491 2321 1540 Qui
2343 1475 2423 1531 sibi

1391 1574 1575 1614 nequam
1609 1564 1691 1612 est,
1721 1562 1787 1602 cui
1822 1561 1893 1601 alii
1920 1562 2058 1602 honus
2089 1561 2168 1602 erit
2190 1563 2209 1601 ‘2
2241 1576 2259 1599 ›)
2297 1561 2425 1602 Debet

1392 1633 1506 1674 enim
1539 1633 1722 1673 charitas
1753 1644 1842 1673 esse
1874 1633 2086 1682 ordinata,
2109 1634 2156 1672 ut
2183 1632 2322 1684 primo
2357 1632 2422 1671 in-

1391 1704 1535 1744 tendat
1555 1703 1634 1742 sibi
1650 1734 1660 1751 ,
1684 1705 1724 1742 et
1745 1704 1838 1755 post
1856 1702 1951 1753 alii,
1975 1702 2210 1743 secundum
2230 1701 2334 1743 illud
2360 1704 2390 1727 ¹³
2412 1714 2422 1742 :

1398 1789 1418 1813 α
1447 1774 1626 1815 Attende
1656 1773 1732 1814 tibi
1757 1776 1799 1814 et
1829 1773 2058 1823 doctrinee;
2090 1773 2199 1814 insta
2229 1773 2275 1813 in
2307 1773 2420 1813 illis;

1392 1846 1473 1886 1166
1519 1845 1632 1885 enim
1690 1845 1812 1885 facies
1832 1877 1841 1895 ,
1890 1846 1931 1884 et
1974 1846 2014 1885 te
2062 1844 2203 1897 ipsum
2257 1844 2425 1885 salvum

1393 1916 1547 1957 faciens
1575 1948 1587 1966 ,
1635 1920 1675 1956 et
1713 1927 1783 1956 eos
1824 1915 1898 1968 qui
1937 1918 1977 1955 te
2017 1915 2207 1955 audiunt.
2250 1929 2270 1952 n
2308 1913 2426 1955 Unde

1395 1987 1620 2028 subditur:
1646 1987 1702 2029 Ec
1735 1990 1833 2028 tune
1864 1986 2120 2038 perspicies,
2160 1986 2201 2026 id
2234 1988 2295 2026 est
2327 1997 2427 2038 per-

1395 2058 1499 2098 fecte
1518 2057 1692 2110 aspicies
1707 2089 1717 2108 ,
1748 2057 1870 2098 oculo
1891 2059 1983 2109 Jam
2007 2056 2227 2108 mundato,
2250 2060 2298 2098 ut
2322 2055 2428 2098 edu-

1396 2140 1466 2171 cas
1500 2130 1702 2180 festucam
1733 2129 1784 2170 de
1818 2129 1934 2171 oculo
1968 2129 2123 2180 fratris
2149 2129 2228 2170 cai.
2255 2128 2282 2150 ¹¹
2314 2143 2332 2167 ε(
2354 2127 2430 2169 011-

1397 2199 1636 2239 stetricante
1656 2211 1788 2239 manu
1814 2201 1929 2251 61115,
1964 2200 2138 2239 eductus
2165 2202 2228 2240 est
2259 2199 2430 2240 coluber

1397 2273 1626 2311 tortuosus.
1652 2284 1670 2308 >³
1696 2270 1808 2311 Unde
1829 2270 1970 2322 glossa
1991 2271 2017 2292 ¹5
2039 2285 2047 2310 :
2077 2285 2095 2308 c(
2115 2269 2207 2311 Non
2230 2273 2290 2310 est
2309 2271 2429 2323 prius

1398 2341 1542 2382 doctor
1566 2341 1743 2382 idoneus
1771 2341 1842 2381 alii
1873 2341 2054 2392 mederi,
2077 2341 2150 2394 qui
2175 2341 2367 2382 nondum
2387 2353 2430 2381 se

1398 2412 1575 2453 sanavit.
1600 2426 1618 2449 n
1643 2411 1759 2452 Unde
1786 2412 1830 2451 in
1850 2412 2049 2452 omnibus
2076 2412 2228 2453 talibus
2247 2415 2311 2453 est
2327 2412 2430 2454 ordo

1399 2484 1613 2537 praecipue
1633 2483 1911 2524 attendendus
1935 2497 1944 2523 ε
1968 2483 2122 2523 stultus
2154 2483 2269 2523 enim
2302 2486 2363 2524 est
2391 2489 2432 2524 et

1398 2554 1642 2608 hypocrita,
1666 2554 1739 2606 qui
1760 2553 1978 2594 sollicitius
1997 2556 2119 2594 curat
2141 2553 2279 2594 aliena
2298 2554 2429 2604 facta,

1400 2638 1530 2679 quam
1557 2625 1740 2678 propria.
1775 2625 2029 2678 Exemplum
2058 2625 2109 2666 de
2133 2625 2434 2668 collationibus

1402 2698 1576 2740 Patrum
1608 2697 1635 2718 ¹⁶
1656 2700 1717 2737 est
1746 2697 1796 2737 de
1828 2709 1877 2737 co
1910 2696 1984 2749 qui
2008 2697 2149 2749 posuit
2184 2709 2357 2737 arenam
2389 2696 2434 2736 in

1401 2781 1542 2820 sacco,
1568 2780 1696 2821 quem
1721 2780 2011 2820 superponens
2033 2768 2216 2809 humero
2231 2800 2241 2818 ,
2275 2768 2434 2809 habens

1402 2839 1611 2894 posterius
1627 2851 1768 2880 arenae
1790 2839 1996 2890 multum,
2020 2842 2061 2880 et
2089 2839 2276 2880 anterius
2295 2838 2430 2879 modi-

1402 2924 1500 2953 cum
1536 2923 1545 2951 :
1576 2913 1617 2951 et
1652 2910 1951 2963 interpretatus
1984 2913 2047 2952 est
2075 2910 2180 2951 illud
2211 2909 2393 2950 multum
2418 2938 2431 2958 ‚

1402 2985 1571 3036 peccata
1611 2994 1700 3023 6556
1733 2982 1904 3034 propria
1928 3014 1938 3031 ,
1974 2985 2015 3022 et
2045 2981 2149 3021 illud
2191 2980 2430 3030 modicum,

1403 3058 1572 3108 peccata
1601 3067 1690 3096 esse
1718 3054 1854 3095 aliena
1887 3069 1895 3094 z
1931 3053 1990 3094 sic
2018 3052 2133 3093 enim
2168 3052 2265 3093 facit
2296 3052 2433 3105 hypo-

1404 3127 1522 3168 crita.

1458 3200 1525 3239 43.
1556 3198 1655 3242 Non
1685 3200 1746 3240 esc
1776 3196 1889 3238 enim
1918 3194 2041 3237 arbor
2062 3194 2190 3245 bona,
2213 3196 2290 3235 etc.
2315 3192 2431 3234 Post-

1405 3306 1419 3328 ⁹
1438 3307 1553 3346 Greg.,
1577 3304 1713 3343 Mor-al„
1741 3303 1800 3335 lib.
1831 3302 1927 3341 Vlll,
1947 3310 1976 3333 6.
1998 3309 2092 3342 xxiv,
2111 3310 2146 3332 n.
2174 3303 2224 3333 00.
2248 3300 2291 3332 al.
2318 3309 2376 3332 XX.
2393 3316 2433 3324 ——

1409 3355 1430 3372 ¹⁰
1446 3351 1577 3388 Matth„
1601 3359 1708 3391 xxm,
1730 3353 1788 3390 25,
1809 3350 1860 3381 26.
1881 3366 1920 3371 —
1943 3349 1964 3369 ¹¹
1987 3349 2070 3387 Jac.,
2091 3356 2136 3389 1v,
2157 3350 2187 3380 8.
2206 3366 2248 3372 —
2270 3348 2294 3369 1²
2314 3347 2433 3387 Eccli„

1405 3408 1476 3440 x1v,
1502 3401 1533 3431 5.
1561 3416 1602 3422 —
1630 3398 1657 3420 1³
1682 3399 1689 3428 1
1715 3397 1952 3436 Tim.‚1v,16.
1977 3413 2018 3418 -
2041 3396 2068 3418 ¹¹0
2095 3396 2170 3436 Job,
2192 3403 2293 3433 xxvi,
2320 3396 2368 3426 13.
2393 3412 2434 3418 —

1405 3450 1432 3471 ¹⁵
1466 3447 1588 3485 Gloss.,
1625 3444 1773 3477 interlin.
1809 3444 1843 3476 iu
1877 3443 1941 3475 hoc
1983 3445 2094 3484 caput.
2131 3462 2166 3466 —
2205 3444 2232 3465 ¹⁶
2268 3443 2432 3482 Cassian,

1407 3494 1588 3528 Collatiam.
1608 3493 1703 3524 Patr.
