2634 3853
250 215 326 254 506

249 300 533 342 introducitur
551 303 692 342 autem
711 301 780 342 hic
799 299 955 353 duplex
982 310 1179 352 persona,
1202 310 1274 338 su-

249 373 388 426 perior
407 373 563 414 scilieet
586 377 625 413 et
646 373 817 413 inferior
843 372 886 411 in
914 371 1121 423 dignitate
1141 370 1276 411 ecele-

248 445 426 486 siastica.
455 444 596 486 Primo
622 446 780 497 igitur,
813 446 1021 496 quantuni
1049 443 1101 483 ad
1130 454 1273 495 perso-

248 527 348 555 nam
379 516 663 568 superiorem,
697 515 825 554 dicit:
858 513 1032 555 Accidit
1065 518 1204 556 antem
1229 517 1277 556 nt

247 586 440 628 sacerdos
473 585 651 638 quidam
691 585 955 627 descenderet
991 584 1138 626 eadem
1176 585 1273 634 via,

248 659 369 710 cujus
388 660 476 698 erat
494 657 635 708 legem
658 657 727 697 Dei
744 656 891 697 docere
912 659 952 697 et
967 657 1115 707 facere,
1133 668 1277 697 secun-

248 728 350 768 dum
379 727 482 768 illud
501 728 512 748 ¹
537 742 545 767 :
573 742 592 765 α
622 727 749 768 Labia
783 727 1009 768 sacerdotis
1041 727 1277 768 custodient·

246 799 479 848 scientiam,
501 801 542 839 et
559 798 699 850 legem
718 799 939 852 requirent
958 810 1012 839 ex
1033 810 1105 839 ore
1125 799 1232 850 ejus.
1251 812 1270 836 ›)

246 868 327 922 Ipsi
351 872 493 910 autem
513 870 722 911 debebant
745 882 834 910 esse
860 870 993 910 sancti
1008 902 1018 920 ,
1041 869 1275 910 secundum

245 939 348 980 illud
367 941 597 983 Leviticff:
612 955 631 978 «
655 940 954 982 Sanctificabor
975 941 1017 980 in
1034 941 1088 981 iis
1107 940 1179 993 qui
1200 952 1273 992 ap-

245 1011 532 1064 propinquant
564 1012 695 1062 mihi,
729 1015 770 1052 et
800 1012 843 1052 in
877 1014 1102 1063 conspectu
1138 1011 1276 1051 omnis

244 1082 389 1135 popuii
410 1082 695 1134 glorificabor.
717 1097 735 1121 1)
755 1082 873 1124 Unde
898 1083 1164 1124 sacerdotum
1188 1085 1276 1123 erat

245 1153 463 1205 potissime
496 1154 637 1206 legem
676 1154 749 1195 Dei
782 1166 976 1204 servare,
1017 1157 1058 1194 et
1089 1154 1276 1195 maxime

245 1224 383 1276 quoad
414 1225 772 1266 misericordiam:
804 1225 876 1266 sed
914 1228 1059 1266 tamen
1089 1225 1159 1265 hic
1189 1237 1276 1266 non

244 1295 570 1337 servavit.Unde
590 1300 733 1350 postea
747 1297 904 1338 ibidem
918 1297 1084 1338 subdit:
1107 1297 1162 1339 Ec
1182 1298 1275 1340 viso

243 1365 332 1416 illo,
360 1367 621 1419 praeterivit‚
642 1380 729 1409 non
748 1369 968 1409 attendens
987 1368 1093 1408 illud
1114 1371 1153 1408 ³:
1183 1382 1202 1406 <‹
1231 1368 1274 1408 Si

243 1438 399 1479 videris
418 1438 586 1479 asinum
612 1439 752 1480 fratris
781 1439 866 1490 tui,
897 1441 970 1480 aut
994 1439 1150 1480 bovem
1169 1439 1274 1480 ceci-

244 1508 353 1550 disse
372 1509 416 1549 111
445 1510 536 1560 via,
563 1522 648 1551 non
678 1510 903 1563 despicies,
934 1510 1006 1551 sed
1033 1510 1277 1551 sublevabis

244 1591 343 1620 cum
362 1592 426 1621 eo.
447 1595 467 1618 n
484 1580 564 1622 Iste
583 1584 727 1622 autem
748 1581 937 1634 despexit
952 1582 1126 1622 fratrem
1147 1593 1276 1622 suum

243 1654 415 1704 propter
433 1653 670 1694 avaritiam.
699 1652 792 1693 Jam
823 1653 1090 1693 verificatum
1118 1654 1208 1693 erat
1227 1653 1278 1692 11-

243 1722 316 1762 lud
332 1723 372 1763 ⁶:
401 1723 474 1763 «A
497 1723 652 1764 minori
672 1735 806 1776 usque
824 1724 875 1764 ad
899 1724 1105 1776 maJorem
1129 1736 1277 1764 omnes

243 1794 432 1834 avaritiae
451 1794 635 1844 student,
658 1797 700 1835 et
718 1807 742 1834 a
760 1794 966 1847 propheta
985 1806 1123 1847 usque
1142 1795 1194 1835 ad
1215 1808 1275 1835 sa-

244 1865 453 1906 cerdotem
487 1865 628 1906 cuncti
653 1865 815 1906 faciunt
847 1865 1008 1906 dolum.
1034 1879 1052 1903 ))
1079 1865 1128 1906 Et
1156 1866 1273 1905 simi-

242 1935 339 1977 liter
358 1936 464 1977 illud
484 1940 524 1978 ⁵:
555 1952 574 1976 «
595 1936 810 1990 Principes
837 1937 902 1977 tui
927 1937 1141 1988 infideles,
1177 1937 1276 1978 socii

243 2007 407 2057 furum,
432 2021 450 2045 ))
474 2010 550 2048 etc.

297 2078 513 2130 Secundo,
535 2081 752 2132 quantum
772 2080 824 2120 ad
845 2091 1072 2133 personam
1101 2080 1273 2121 inferio-

243 2162 355 2202 rem,
387 2151 528 2192 subdit
561 2151 629 2204 (v.
657 2151 729 2202 32)
761 2162 770 2191 :
805 2151 1022 2193 Similiter
1048 2155 1087 2193 et
1112 2152 1273 2200 Levita,

244 2232 337 2263 cum
357 2225 461 2264 esset
484 2232 602 2264 secus
623 2221 776 2272 locum,
799 2225 835 2263 et
853 2221 1014 2263 videret
1035 2232 1149 2272 enin,
1180 2232 1274 2274 per-

245 2294 453 2335 transiit:
473 2297 514 2333 et
532 2293 602 2333 1110
614 2305 701 2333 non
715 2293 956 2333 attendebat
972 2292 1077 2333 illud
1090 2293 1128 2332 ⁶:
1151 2293 1276 2343 «Non

244 2364 352 2405 desis
383 2364 645 2417 plorantibus
683 2364 727 2403 in
758 2364 1066 2414 consolatione,
1107 2367 1147 2405 et
1179 2377 1277 2405 00111

242 2434 492 2487 lugentibus
521 2435 708 2476 ambula.
737 2434 830 2476 Non
863 2437 902 2475 te
931 2435 1073 2487 pigeat
1105 2435 1277 2476 visitare

243 2505 479 2557 infirmum,
494 2521 513 2544 >2
529 2510 608 2547 010.
630 2506 751 2547 Hunc
767 2506 921 2559 piguit,
940 2506 1040 2559 quia
1057 2519 1155 2547 011111
1171 2509 1278 2547 esset

244 2588 363 2617 secus
381 2576 544 2626 1000111,
568 2581 608 2617 et
625 2577 809 2626 videret,
831 2577 967 2617 noluit
986 2577 1172 2618 visitare.
1200 2577 1278 2618 Iste

244 2659 329 2688 non
349 2650 439 2689 erat
463 2648 614 2688 similis
642 2648 702 2688 1111
727 2648 892 2689 docenti
911 2648 1050 2688 filium
1078 2661 1207 2690 suum
1229 2650 1243 2672 ⁷
1265 2664 1273 2690 :

250 2733 270 2757 <t
288 2718 382 2760 Noli
415 2722 609 2760 avertere
638 2719 788 2759 faciem
820 2722 941 2759 tuam
972 2720 1025 2758 ab
1054 2719 1142 2759 0110
1170 2731 1275 2772 pau-

246 2802 358 2843 pere.
381 2805 400 2828 »
427 2790 503 2831 Hic
534 2792 677 2831 autem
711 2803 737 2831 a
763 2802 951 2843 paupere
979 2791 1094 2831 nudo
1123 2791 1277 2832 vuine-

247 2863 337 2901 rato
352 2862 422 2914 (a),
439 2864 479 2902 et
498 2874 522 2902 a
541 2862 713 2914 proprio
728 2873 804 2903 suo
825 2862 952 2902 fratre
967 2861 1122 2903 avertit
1136 2864 1278 2903 000105

247 2943 360 2972 suos.
393 2932 443 2973 Et
470 2931 550 2973 hoc
583 2936 671 2973 erat
701 2932 842 2985 magis
873 2932 1204 2985 reprehensibile
1234 2933 1278 2973 in

247 3003 533 3044 sacerdotibus
552 3006 592 3044 et
610 3004 776 3054 levitis,
798 3015 931 3057 quam
952 3004 996 3044 in
1015 3004 1108 3044 aliis
1132 3016 1275 3057 perso-

248 3074 328 3115 nis.
352 3074 526 3127 Propter
545 3076 658 3127 quod
678 3076 831 3116 dicitur
846 3079 859 3101 ⁸
878 3090 886 3116 :
909 3091 928 3115 «
950 3075 1278 3117 Misericordiam

248 3145 389 3196 volui,
412 3148 453 3186 et
473 3158 558 3187 non
577 3147 830 3187 sacrificium
843 3162 852 3197 3
879 3151 919 3188 et
938 3147 1157 3188 scientiam
1179 3147 1275 3198 Dei,

248 3216 344 3269 plus
367 3229 497 3270 quam
522 3217 778 3259 holocausta.
800 3233 818 3255 »
845 3217 961 3259 Unde
989 3219 1066 3258 iste
1093 3218 1276 3271 legispe-

248 3286 358 3328 ritus
377 3286 530 3328 dicitur
553 3291 567 3312 ⁹
592 3287 761 3338 dixisse,
790 3303 808 3326 c(
834 3288 1013 3340 diligere
1031 3289 1278 3341 proximum

291 3370 302 3391 ¹
323 3369 460 3409 Malae„
484 3379 529 3411 11,
552 3372 582 3402 7.
604 3387 644 3395 —
664 3371 677 3391 2
701 3370 819 3409 Lecti„
842 3378 879 3411 x,
901 3372 933 3401 3.
957 3387 998 3394 -
1022 3371 1033 3389 ³
1058 3371 1170 3412 Dent„
1191 3379 1278 3412 xxn,

250 3417 281 3448 4.
301 3433 341 3440 —
359 3416 373 3438 ¹·
388 3418 524 3456 Jerem.‚
541 3425 589 3458 v1,
610 3419 660 3450 13.
678 3433 718 3441 —
737 3417 750 3439 ὅ
768 3417 848 3458 ssa„
867 3426 891 3458 1,
912 3419 963 3450 23.
979 3435 1021 3442 -—
1045 3417 1058 3439 ⁶
1079 3418 1196 3459 Ecclz'.,
1216 3426 1278 3459 vu,

251 3463 310 3504 38,
332 3465 384 3496 39.
409 3482 445 3487 -
466 3466 477 3484 ⁷
498 3465 585 3503 Τοό.,
612 3472 658 3505 1v,
684 3465 716 3497 7.
736 3480 776 3489 —
798 3466 809 3483 ⁸
832 3464 916 3505 Ose.,
937 3472 989 3503 VI,
1009 3466 1040 3497 6.
1061 3482 1102 3488 -
1125 3465 1139 3486 ⁹
1161 3466 1278 3505 Marc„

251 3519 324 3552 xil,
351 3513 402 3544 33.
423 3529 463 3537 —
491 3513 514 3534 ¹⁰
532 3513 603 3553 Job,
629 3520 718 3554 xxx,
746 3514 798 3545 25.
824 3528 865 3538 -
887 3514 912 3536 ²¹
941 3512 1017 3552 Job,
1043 3521 1144 3554 xxxi,
1169 3516 1218 3546 18.
1239 3530 1281 3539 —

977 210 1078 251 EVA
1086 208 1255 251 NGELH
1289 208 1476 251 SANCTI
1507 209 1654 251 LUCAE

1351 302 1556 352 tanquam
1583 299 1785 351 seipsum,
1807 298 1947 350 maJus
1966 310 2054 341 esse
2073 299 2274 341 omnibus
2292 299 2370 340 ho-

1349 369 1725 411 locaustomatibus
1745 371 1784 408 et
1803 368 2032 410 sacrificiis.

1404 443 1469 481 33.
1495 440 1795 482 Samaritanus
1816 444 1956 481 autem
1975 440 2176 492 quidam,
2203 444 2281 482 etc.
2303 441 2380 482 Hic

1349 511 1472 552 tertio
1491 512 1581 552 1000
1601 511 1822 563 subjicitur
1842 522 2022 562 persona
2051 512 2307 553 subveniens
2326 525 2379 554 ex

1350 581 1584 622 clementia.
1605 581 1721 622 Circa
1737 593 1867 633 quam
1889 581 2047 634 duplex
2066 582 2240 623 affectus
2261 584 2381 625 mise-

1349 652 1544 693 ricordiae
1575 652 1824 701 ostenditur,
1856 652 2013 692 scilicet
2033 654 2292 705 supportatio
2311 654 2378 694 in-

1349 723 1582 774 firmitatis,
1616 725 1657 764 et
1686 723 1887 764 relevatio
1917 723 2208 764 mendicitatis.
2238 723 2380 766 Primo

1349 794 1496 846 igitur,
1518 797 1726 847 quantum
1753 794 1805 834 ad
1834 793 2169 835 misericordiam
2198 806 2381 847 suppor-

1348 867 1509 905 tantem
1544 865 1861 914 infirmitatem,
1903 864 2001 905 dicit
2030 878 2038 903 :
2084 864 2383 908 Samaritanus

1350 939 1488 978 antem
1506 936 1683 988 quidam
1698 938 1781 978 iter
1800 937 1983 987 faciens,
2003 937 2123 979 venit
2140 947 2257 978 secus
2271 947 2381 987 eum,

1349 1011 1387 1049 et
1405 1006 1558 1049 videns
1582 1018 1698 1057 eam,
1728 1006 2027 1049 misericordia
2058 1010 2194 1050 motas
2223 1011 2307 1058 est,
2326 1008 2384 1049 ita

1350 1081 1398 1118 ut
1417 1082 1556 1131 posset
1580 1078 1715 1119 dicere
1742 1078 1846 1119 illud
1868 1077 2143 1119 10;«14“10110111
2169 1079 2384 1132 quondam

1350 1161 1477 1202 super
1495 1161 1545 1190 eo
1565 1149 1637 1201 qui
1657 1149 1837 1189 afflictus
1857 1152 1967 1200 erat⁷
1989 1151 2031 1190 et
2053 1150 2386 1203 compatiebatur

1350 1220 1495 1261 anima
1513 1231 1609 1260 mea
1628 1220 1821 1272 pauperi.
1841 1234 1860 1258 ))
1885 1220 1934 1260 Et
1950 1231 2100 1261 rursus
2117 1220 2230 1262 Job²¹
2250 1235 2259 1261 :
2281 1235 2300 1260 ε(
2320 1221 2385 1262 Ab

1349 1291 1526 1332 infantia
1550 1303 1646 1332 mea
1674 1291 1803 1332 crevit
1831 1303 2000 1332 mecum
2029 1291 2258 1333 miseratio.
2289 1305 2308 1329 »
2335 1291 2387 1333 Et

1350 1363 1452 1415 quia
1484 1374 1586 1402 vera
1621 1361 1909 1402 misericordia
1941 1364 2117 1415 apparet
2152 1363 2195 1402 in
2233 1374 2381 1416 opere,

1350 1432 1444 1474 ideo
1469 1432 1609 1473 subdit
1631 1432 1698 1484 (v.
1723 1434 1795 1483 34)
1818 1445 1828 1472 z
1859 1433 1916 1475 Et
1943 1434 2295 1486 appropinquans
2319 1432 2382 1486 (b),

1351 1503 1551 1557 alliqavit
1577 1505 1756 1547 vulnera
1785 1503 1896 1556 effus,
1928 1504 2166 1555 infundens
2193 1504 2329 1547 oleam
2349 1508 2388 1547 et

1351 1575 1522 1625 vinum,
1545 1577 1593 1616 ut
1612 1576 1754 1616 oleum
1774 1575 1925 1616 leniret
1943 1575 2152 1626 dolorem,
2175 1578 2217 1616 et
2237 1576 2387 1616 vinum

1351 1649 1581 1699 purgaret,
1611 1651 1652 1686 et
1676 1646 1870 1697 alligatio
1905 1648 2187 1687 conservaret.
2226 1645 2277 1686 Et
2308 1646 2389 1687 1100

1352 1729 1458 1770 opus
1492 1719 1582 1757 erat
1615 1716 1765 1757 medici
1795 1716 1921 1767 boni,
1942 1716 2178 1757 secundum
2207 1716 2308 1758 iilud
2331 1718 2384 1758 ¹2:

1358 1788 1444 1828 «In
1465 1788 1530 1828 1115
1559 1798 1712 1828 curans
1750 1787 1965 1838 mitigabit
1993 1787 2208 1838 dolorem,
2238 1790 2278 1828 et
2307 1801 2388 1829 un-

1354 1859 1605 1912 guentarius
1642 1858 1764 1898 faciet
1800 1857 2024 1910 pigmenta
2062 1858 2310 1910 suavitatis,
2348 1864 2390 1900 et

1351 1932 1572 1971 unctiones
1591 1928 1783 1969 conficiet
1801 1928 2002 1969 sanitatis.
2025 1942 2044 1966 »
2063 1928 2091 1954 ¹³
2107 1943 2126 1967 ((
2146 1928 2389 1971 Thesaurus

1352 2001 1638 2044 desiderabilis
1659 2004 1699 2042 et
1721 2002 1865 2042 oleum
1894 2001 1939 2041 in
1962 2001 2204 2042 habitaculo
2224 2002 2342 2054 justi.
2363 2016 2383 2039 ))

1352 2074 1403 2115 Et
1422 2074 1524 2127 quia
1542 2085 1630 2114 non
1649 2074 1787 2114 solum
1813 2073 2036 2125 indigebat
2060 2073 2388 2124 medicamento,

1352 2157 1505 2186 verum
1525 2146 1652 2185 etiam
1678 2144 1896 2195 vehiculo,
1923 2147 1964 2185 et
1982 2144 2185 2197 hospitio,
2213 2146 2254 2184 et
2273 2143 2387 2195 cibo,

1353 2217 1446 2258 ideo
1476 2217 1646 2257 subdit:
1674 2217 1729 2259 Et
1747 2227 1906 2269 ponens
1935 2216 2125 2258 illumin
2142 2216 2389 2267 jumentum

1352 2299 1502 2338 suunt,
1533 2291 1741 2340 quantum
1770 2288 1822 2328 ad
1852 2287 2129 2337 vehicuiu1n3
2168 2287 2309 2329 Duoeic
2339 2289 2390 2329 in

1351 2359 1577 2409 stabulum,
1597 2362 1807 2412 quantuni
1828 2359 1880 2399 ad
1901 2359 2132 2411 hospitium
2145 2359 2231 2407 ,Et
2241 2369 2387 2400 curam,

1353 2430 1444 2483 ejus
1464 2431 1571 2482 eqit,
1600 2432 1812 2482 quantum
1833 2430 1884 2470 ad
1914 2429 2070 2469 cibum.
2093 2429 2143 2469 Et
2160 2429 2218 2470 sic
2240 2430 2387 2483 imple-

1352 2503 1414 2543 vit
1433 2502 1536 2543 illud
1555 2501 1686 2543 Isaiae
1705 2500 1731 2522 ¹⁴
1749 2514 1758 2540 ε
1776 2516 1795 2539 ((
1815 2500 1986 2552 Frange
2005 2500 2208 2541 esurienti
2235 2513 2389 2553 panem

1352 2576 1477 2614 tuum
1491 2605 1500 2623 ‚
1520 2576 1561 2613 et
1580 2584 1739 2624 egenos
1758 2583 1979 2624 vagosque
1998 2571 2127 2613 induc
2147 2571 2192 2612 in
2212 2571 2387 2613 domum

1352 2647 1493 2696 tuam,
1519 2659 1538 2683 ›>
1558 2647 1636 2685 ete.

1407 2716 1622 2765 Secundo,
1645 2717 1855 2768 quantum
1883 2713 1935 2754 ad
1959 2713 2291 2755 misericordiam
2319 2726 2387 2755 re-

1353 2788 1564 2830 levantem
1602 2785 1915 2827 mendicitatem
1940 2817 1950 2836 ,
1990 2785 2132 2826 subdit
2161 2787 2232 2836 (v.
2269 2787 2384 2837 35):

1354 2860 1409 2902 Et
1427 2859 1564 2902 altera
1577 2858 1648 2900 die
1662 2857 1842 2911 protulit
1856 2856 1962 2898 dnos
1983 2856 2196 2908 denari08‚
2213 2861 2251 2899 ec
2265 2856 2388 2899 dedit

1353 2931 1604 2974 stabulai-to.
1628 2929 1812 2970 Parvam
1831 2928 2052 2981 pecuniam
2075 2927 2263 2980 protulit,
2287 2928 2387 2980 quia

1353 3003 1542 3044 fortassis
1558 3012 1734 3054 parvam
1745 2999 1942 3050 habebat,
1961 2998 2195 3040 secundum
2207 2998 2311 3040 illud
2326 3000 2353 3024 ¹⁵
2374 3014 2382 3040 :
2402 3052 2404 3054 ,

1360 3089 1379 3113 ε(
1410 3073 1501 3123 Quo
1532 3072 1658 3113 modo
1684 3071 1893 3125 potueris,
1914 3071 1973 3111 ita
2010 3072 2098 3111 esto
2132 3069 2384 3111 misericors.

1355 3144 1401 3186 Si
1426 3143 1611 3185 multum
1640 3142 1716 3183 tibi
1745 3141 1896 3192 fuerit,
1925 3140 2189 3181 abundanter
2219 3140 2383 3192 tribue3

1355 3216 1390 3256 si
1421 3216 1631 3267 exiguum
1662 3212 1737 3254 tibi
1763 3212 1913 3261 fuerit,
1935 3211 2063 3252 etiam
2091 3211 2303 3264 exiguum
2331 3212 2386 3253 li-

1354 3287 1502 3328 benter
1527 3283 1736 3338 impartiri
1764 3282 1901 3324 stude.
1922 3296 1942 3320 »
1967 3281 2019 3323 Et
2038 3283 2140 3335 quia
2155 3313 2166 3332 ‚
2189 3282 2386 3336 quamvis

1359 3399 1380 3417 ¹²
1401 3398 1521 3439 Ecclt„
1546 3404 1701 3435 xxxvin,
1727 3397 1758 3428 7.
1779 3412 1820 3419 -
1841 3394 1869 3416 1³
1889 3395 2000 3436 Prov„
2020 3402 2100 3435 xm,
2125 3397 2177 3428 20.
2197 3412 2239 3419 —
2263 3395 2284 3414 ¹⁴
2305 3396 2384 3436 lsa„

1356 3454 1461 3487 Lvni,
1481 3447 1514 3478 7.
1532 3445 1618 3469 ...1⁵
1639 3443 1729 3484 Tob„
1749 3450 1794 3482 iv,
1817 3443 1849 3474 9.

1399 3512 1445 3552 (α)
1466 3511 1548 3544 Gaet.
1567 3509 1652 3541 edit.
1670 3508 1824 3539 vulnera.
1847 3524 1883 3531 —-
1907 3506 1951 3547 (b)
1972 3507 2071 3548 Vulg.
2091 3506 2302 3548 appropians,
