2634 3853
1037 195 1311 239 EXPOSITIO
1341 197 1393 239 IN
1424 197 1536 239 CAP.
1570 196 1656 238 VH.
2333 202 2405 239 391

281 294 381 333 runt
410 289 651 331 obstetrices
678 288 828 338 Deum,
859 286 1083 337 aedificavit
1115 285 1196 327 illis
1229 286 1305 327 do-

282 372 385 402 mos.
407 374 426 397 »

332 429 546 478 Quantum
572 431 623 471 ad
656 429 882 471 Salvatoris
911 427 1177 469 clementiam
1204 439 1303 467 con-

277 501 577 551 descendentis,
600 501 793 541 subditur
823 502 877 550 (v.
909 499 944 551 6)
977 513 986 539 ε
1014 498 1136 540 Jesus
1166 501 1307 539 autem

277 571 368 614 ibat
387 583 481 613 cum
507 572 610 621 illis,
630 572 804 612 omnino
832 569 1087 610 satisfaciens
1115 569 1305 621 petitioni

276 654 439 683 eorum.
462 643 608 683 Maluit
627 645 769 682 autem
792 640 994 681 Dominus
1014 639 1207 691 petitioni
1233 651 1304 680 eo-

275 725 371 754 rum
403 714 653 764 satisfacere,
681 724 811 766 quam
843 711 1034 764 petitioni
1066 710 1209 762 reguli
1243 710 1305 750 di-

276 784 407 825 centis
428 786 438 807 ¹
461 797 499 825 t«
520 784 708 835 Domine,
729 781 929 823 descende
949 781 1198 834 priusquam
1219 792 1308 820 mo-

275 855 411 896 riatur
439 856 552 896 filius
578 867 698 896 meus
717 869 735 892 1)
765 867 774 895 :
802 854 891 895 sive
910 854 1080 906 propter
1102 853 1307 904 maJ'orem

274 927 402 968 fidem
421 930 461 968 et
479 927 764 968 humilitatem
783 923 1060 974 centurionis,
1077 923 1145 964 cui
1165 923 1308 963 Domi-

276 1010 356 1038 nus
390 998 528 1049 magis
567 996 940 1044 condescendebat,
979 995 1214 1035 secundum
1252 994 1308 1033 il-

275 1069 344 1109 lud
364 1069 409 1109 ²:
437 1069 672 1119 «Domine,
695 1068 806 1109 oculi
834 1068 897 1108 tui
925 1067 976 1119 (a)
1002 1066 1229 1119 respiciunt
1253 1065 1308 1105 fi-

275 1140 391 1190 dem;
431 1155 450 1178 »
491 1138 670 1181 sive'ad
707 1138 1086 1180 commendandam
1132 1137 1307 1177 humili-

276 1213 418 1262 tatem,
448 1211 683 1252 secundum
714 1210 826 1263 quod
858 1209 956 1250 dicit
985 1208 1235 1249 Ambrosius
1256 1208 1269 1230 ³
1295 1220 1306 1248 :

275 1282 337 1322 Ad
391 1280 532 1323 filium⁴
567 1283 707 1334 reguli
749 1283 810 1322 ire
856 1281 1005 1331 noluit,
1045 1292 1098 1320 ne
1143 1280 1310 1321 divitias

275 1351 484 1393 honorare
503 1353 717 1394 videretur
726 1367 736 1402 ;
763 1353 814 1392 ad
843 1363 1016 1392 servum
1038 1363 1139 1392 vero
1170 1353 1311 1391 eentu-

274 1423 405 1463 rionis
424 1423 553 1474 vadit,
577 1435 631 1463 ne
657 1423 855 1463 servilem
880 1422 1163 1462 conditionem
1193 1433 1310 1473 spre-

273 1494 384 1535 visse
403 1496 634 1547 putaretur.
661 1493 807 1534 Elucet
827 1493 997 1546 quidem
1017 1493 1120 1533 fides
1145 1492 1190 1532 in
1215 1503 1312 1544 ope-

275 1564 410 1615 ribus,
433 1565 535 1606 dum
557 1568 678 1605 sanat
687 1579 697 1614 3
728 1565 801 1605 sed
830 1564 926 1617 plus
946 1566 1145 1616 operatur
1172 1562 1313 1603 humi-

275 1635 368 1676 litas
397 1636 441 1675 in
470 1636 706 1687 affectibUS,
730 1636 833 1677 dum
860 1636 988 1677 vadit.
1012 1635 1086 1676 Vel
1114 1635 1192 1674 hoc
1216 1634 1313 1674 facit

275 1706 327 1746 ad
356 1706 662 1747 excludendam
697 1718 974 1759 personarum
1007 1705 1307 1758 acceptionem,

275 1777 508 1817 secundum
540 1778 653 1830 quod
687 1778 841 1818 dicitur
870 1776 884 1798 '⁹
921 1791 930 1818 ε
975 1792 993 1814 a
1024 1776 1233 1818 Pusillum
1272 1780 1313 1817 et

276 1859 484 1899 magnum
523 1847 610 1900 ipse
643 1848 752 1898 fecit,
782 1850 821 1888 et
858 1848 1077 1900 aequaliter
1110 1860 1211 1889 cura
1250 1851 1312 1888 est

275 1917 334 1957 illi
355 1918 406 1958 de
425 1919 638 1959 omnibus.
655 1933 673 1956 »
702 1919 818 1959 Unde
844 1919 891 1958 in
910 1919 1030 1961 Actis
1051 1922 1063 1943 ⁵
1086 1932 1095 1958 ι
1125 1933 1143 1956 (1
1165 1919 1212 1959 Ι11
1235 1931 1313 1960 ve-

274 1989 398 2030 ritate
429 1990 640 2042 comperio
682 1990 749 2041 (b),
789 1989 889 2042 quia
931 2002 1016 2030 non
1054 1993 1117 2030 est
1163 2001 1312 2042 perso-

275 2073 429 2101 narum
456 2063 648 2114 acceptor
669 2061 789 2101 Deus.
818 2075 837 2099 ))
860 2060 911 2101 Et
939 2061 1032 2101 ideo
1059 2061 1240 2102 Jacobus
1260 2061 1273 2081 ⁶
1299 2072 1308 2098 ε

280 2147 300 2172 (1
329 2132 462 2174 Nolite
496 2133 541 2172 in
574 2144 851 2185 personarum
881 2132 1120 2184 acceptione
1151 2132 1308 2172 habere

275 2203 403 2243 fidem
429 2202 595 2243 Domini
627 2203 758 2243 nostri
789 2202 889 2243 Jesu
919 2203 1071 2243 Christi
1102 2203 1303 2255 gloriae.»

277 2273 396 2323 Quod
426 2274 488 2324 fit,
510 2274 678 2327 quando
706 2274 821 2316 dives
853 2274 1078 2326 praefertur
1116 2275 1308 2327 pauperi,

277 2345 385 2385 sicut
409 2345 561 2385 dicitur
577 2345 750 2385 ibidem.

330 2415 386 2456 Ec
417 2425 512 2455 cum
541 2414 635 2467 Jam
670 2425 756 2456 non
787 2414 903 2466 lonqe
936 2417 1055 2465 esset,
1093 2417 1170 2456 etc.
1213 2415 1312 2456 Post

279 2485 638 2537 opportunitatem
699 2485 874 2525 faciendi
935 2485 1211 2537 miraculum,
1271 2488 1312 2526 et

280 2555 531 2607 dignitatem
561 2555 817 2608 impetrandi
839 2555 1091 2605 remedium,
1115 2557 1312 2597 subditur

279 2625 348 2666 hic
386 2626 512 2667 modo
558 2627 803 2678 congruitas
847 2626 1105 2667 accelerandi
1152 2627 1310 2669 benefi—

280 2697 393 2737 cium
411 2710 418 2736 :
443 2709 540 2750 quae
559 2697 731 2750 quidem
752 2696 942 2737 consistit
961 2709 1089 2749 penes
1109 2699 1312 2740 meritum

280 2768 378 2808 fidei
412 2769 673 2820 excellentis,
718 2770 840 2820 cuius
878 2768 1124 2809 excellentia
1160 2770 1313 2822 triplex

282 2839 579 2892 comprobatur
612 2853 620 2880 :
651 2839 789 2892 prima
816 2839 969 2879 scilicet
994 2850 1047 2878 ex
1074 2839 1313 2881 humilitate

281 2911 553 2952 confessionis
573 2911 758 2960 devotae3
786 2911 971 2951 secunda
991 2923 1044 2950 ex
1070 2912 1314 2952 auctoritate

283 2983 585 3023 testificationis
619 2982 793 3033 divinae,
824 2982 882 3022 ibi
918 2981 972 3033 (v.
995 2982 1032 3034 9)
1066 2996 1075 3022 :
1111 2982 1203 3034 Quo
1234 2995 1312 3025 au-

287 3052 393 3104 dita,
415 3056 508 3105 etc.;
530 3054 655 3095 tertia
680 3066 734 3094 ex
755 3053 964 3094 celeritate
989 3053 1216 3093 curationis
1235 3067 1314 3107 op-

285 3124 396 3172 tatae,
417 3123 475 3162 ibi
502 3126 557 3175 (v.
581 3125 643 3177 10)
670 3139 678 3164 :
705 3125 758 3166 Et
786 3124 946 3165 reversi
973 3124 1050 3175 qui
1073 3124 1198 3165 missi
1224 3125 1314 3175 sue-

288 3196 405 3242 rcmt,
429 3197 506 3236 etc.
530 3195 744 3244 Quantum
766 3196 817 3236 ad
838 3194 1122 3235 humilitatem
1154 3195 1316 3238 devotae

288 3263 572 3316 confessionis,
584 3268 682 3306 nota
692 3266 804 3319 quod
815 3264 1013 3306 Centurio
1025 3265 1316 3307 excellentiam

335 3345 346 3365 ¹
368 3345 476 3385 Joan„
502 3354 549 3387 1v,
575 3349 624 3379 49.
650 3365 689 3371 —
716 3349 726 3367 ²
752 3349 884 3388 herem„
911 3356 944 3387 v,
971 3350 1000 3381 3.
1028 3366 1066 3372 —-
1091 3349 1104 3370 3
1127 3350 1256 3390 Ambr„
1283 3352 1316 3383 in

290 3390 380 3430 Luc„
408 3391 465 3423 lib.
490 3392 533 3432 V,
559 3402 593 3424 n.
622 3395 677 3434 84,
699 3395 812 3435 quoad
833 3405 982 3428 sensum.
1005 3413 1044 3418 —
1063 3395 1076 3416 ‘⁹
1097 3396 1190 3437 Sap„
1214 3405 1259 3438 vi,
1285 3399 1316 3430 8.

291 3452 330 3459 ·-
351 3438 361 3456 ⁵
383 3438 468 3476 Act„
488 3447 522 3478 x,
543 3441 595 3470 34.
615 3457 654 3462 —
673 3442 685 3459 ⁶
703 3443 788 3478 Jac„
811 3451 853 3482 11,
878 3446 904 3474 1.
926 3460 966 3465 ——-
986 3443 995 3461 ⁷
1014 3443 1106 3474 Psal.
1128 3451 1244 3483 (1xL1V,
1267 3446 1315 3476 18.

291 3500 330 3509 -
359 3485 369 3503 ⁸
391 3486 524 3525 Jerem.,
545 3494 619 3527 XII,
639 3488 669 3519 2.
691 3505 730 3511 —
756 3490 767 3508 ’δ
789 3490 898 3530 Ιοαη.,
927 3496 971 3530 IV,
992 3492 1023 3520 6.
1045 3507 1083 3513 -
1111 3491 1136 3510 ¹⁰
1165 3492 1263 3531 Sup.,
1284 3499 1315 3532 v,

1379 287 1534 328 divinae
1567 285 1784 338 potestatis
1813 284 1951 336 primo
1984 284 2191 334 insinuat3
2226 287 2409 327 secundo

1379 357 1557 409 explicat
1597 356 1752 406 verbo;
1792 354 1914 395 tertio
1951 355 2099 407 probat
2136 358 2407 406 argumento,

1380 426 1571 468 Insinuat
1597 429 1754 477 autem,
1776 438 1874 466 cum
1903 438 1989 466 non
2011 425 2138 466 audet
2166 437 2266 465 eum
2287 427 2411 466 susci-

1380 509 1499 549 pere3
1531 497 1710 549 explicat
1733 496 1879 545 verbo,
1895 508 1992 536 cum
2021 495 2118 535 dicit
2145 507 2245 535 eum
2265 497 2410 536 omnia

1381 580 1512 619 posse3
1531 570 1570 607 et
1590 567 1739 619 probat
1757 571 2034 618 argumento,
2052 566 2164 618 qnod
2183 566 2326 606 omnia
2347 567 2414 607 de-

1379 639 1478 678 bent
1503 638 1539 678 ei
1570 639 1872 689 obtemperare,
1896 640 2065 689 propter
2090 637 2203 689 quod
2234 639 2292 677 ait
2322 652 2330 678 :
2359 638 2414 680 Et

1379 709 1575 761 carrajam
1594 720 1679 750 non
1692 709 1809 761 lonae
1828 711 1932 751 esset
1945 720 1971 750 α
1991 707 2137 759 domo;
2151 720 2279 760 prope
2299 709 2413 749 enim

1380 783 1469 821 erat
1507 780 1652 820 domui
1688 780 1916 831 corporali,
1956 779 2028 818 sed
2064 779 2235 831 propior
2268 779 2414 819 domui

1382 852 1566 902 mentali,
1585 853 1710 903 juxta
1738 850 1841 890 illud
1874 850 2035 891 Psalmi
2051 851 2065 873 ⁷
2091 862 2100 888 :
2138 865 2157 888 <‹
2187 849 2322 903 Prope
2352 854 2414 891 est

1381 922 1584 963 Dominus
1614 921 1814 962 omnibus
1843 920 2138 962 invocantibus
2159 933 2272 961 eum.
2300 936 2318 959 »
2344 921 2412 961 Di-

1382 1005 1554 1035 versum
1573 992 1724 1033 dicitur
1744 992 1794 1032 de
1815 991 1936 1031 malis
1959 993 1972 1015 ⁸
1998 1005 2007 1031 ε
2033 1006 2052 1028 «
2073 989 2208 1043 Prope
2222 1003 2265 1031 es
2285 995 2332 1032 tu
2352 993 2412 1032 ori

1382 1076 1544 1115 eorum,
1564 1063 1690 1115 longe
1721 1075 1746 1103 a
1769 1062 1942 1103 renibus
1968 1074 2133 1103 eorum.
2153 1077 2172 1100 ))
2202 1063 2293 1104 Non
2320 1064 2416 1104 talis

1382 1139 1471 1177 erat
1491 1135 1567 1176 iste
1589 1147 1598 1175 :
1618 1136 1738 1187 cujus
1762 1134 1937 1185 signum
1965 1136 2055 1174 erat
2086 1135 2303 1187 praecipua
2331 1135 2416 1175 1111-

1384 1208 1537 1249 militas
1576 1219 1706 1260 quam
1743 1206 1951 1256 ostendit,
1990 1206 2129 1258 primo
2179 1207 2417 1247 confitendo

1384 1292 1504 1320 suam
1542 1277 1854 1329 indignitatem,
1888 1289 1986 1317 cum
2024 1276 2123 1317 dicit
2158 1288 2167 1316 ε
2205 1277 2330 1319 Misit
2359 1278 2418 1319 ad

1385 1362 1478 1392 eum
1502 1350 1695 1392 Centurio
1719 1350 1892 1397 amicos,
1915 1347 2061 1389 dicens
2077 1359 2090 1388 .·
2111 1348 2307 1398 Domine,
2330 1349 2420 1391 noli

1385 1421 1558 1465 varari:
1584 1420 1704 1472 quasi
1730 1420 1884 1459 diceret
1915 1431 1925 1459 :
1955 1417 2048 1459 Non
2068 1430 2164 1459 sum
2188 1419 2282 1459 talis
2306 1421 2419 1472 quod

1387 1496 1556 1546 propter
1585 1503 1653 1531 me
1682 1491 1833 1531 debeas
1858 1489 2048 1530 laborare
2078 1492 2118 1529 et
2150 1490 2420 1542 corporaliter

1386 1564 1556 1616 fatigari
1578 1578 1587 1603 :
1613 1563 1713 1616 quia
1729 1561 1988 1602 laboriosum
2008 1562 2098 1601 crat
2125 1560 2187 1600 illi
2212 1561 2313 1601 illuc
2340 1562 2417 1611 ire,

1386 1635 1621 1676 secundum
1647 1633 1749 1674 illud
1769 1634 1781 1654 ⁹
1812 1647 1820 1673 :
1862 1647 1880 1670 <‹
1901 1632 2022 1673 Jesus
2050 1634 2192 1672 autem
2221 1631 2420 1683 fatigatus

1385 1718 1438 1746 ex
1458 1705 1607 1745 itinere
1628 1704 1796 1744 sedebat
1816 1704 1874 1743 sic
1899 1715 2027 1754 supra
2053 1702 2228 1742 fontem.
2253 1716 2272 1739 ))
2300 1701 2419 1750 Quod

1386 1789 1473 1817 non
1520 1777 1705 1824 dicebat,
1747 1775 1847 1826 quia
1891 1775 2105 1813 recusaret
2148 1772 2418 1824 praesentiam

1389 1848 1540 1890 Christi
1573 1846 1861 1899 corporalem,
1893 1844 1964 1884 sed
2001 1846 2171 1896 propter
2205 1855 2328 1883 suam
2358 1844 2421 1883 in-

1388 1919 1639 1971 dignitatem
1653 1931 1663 1966 3
1686 1916 1800 1956 unde
1821 1918 1862 1955 et
1881 1914 1996 1954 addit
2028 1927 2036 1954 :
2060 1914 2154 1955 Non
2185 1914 2298 1955 enim
2328 1924 2422 1956 sum

1388 1990 1561 2042 dianus,
1584 1992 1633 2030 ut
1663 1986 1738 2028 sub
1768 1988 1921 2028 tectum
1950 1995 2088 2025 meum
2118 1985 2271 2034 intr683
2308 1985 2421 2037 quod

1387 2062 1487 2102 dicit
1501 2057 1836 2101 consideratione
1855 2068 1944 2096 suae
1964 2055 2262 2106 immunditiae,
2279 2059 2317 2096 et
2332 2068 2422 2109 pec-

1388 2132 1484 2179 cati,
1503 2131 1610 2171 sicut
1629 2132 1669 2170 et
1687 2129 1838 2170 Petrus
1852 2138 1980 2179 supra
1999 2126 2027 2150 ¹⁰
2050 2138 2089 2167 z«
2104 2125 2181 2166 Exi
2201 2138 2226 2165 a
2245 2137 2327 2177 me,
2348 2127 2422 2167 Do-

1389 2201 1518 2250 mine,
1558 2198 1658 2251 quia
1706 2197 1835 2237 homo
1877 2196 2070 2248 peccator
2106 2205 2216 2234 sum.
2252 2208 2271 2231 ))
2310 2194 2423 2235 Dixit

1389 2273 1561 2312 Areuna
1578 2269 1674 2321 regi
1694 2269 1721 2290 1¹
1748 2280 1756 2306 :
1784 2282 1802 2305 (‹
1823 2266 1930 2316 Quid
1952 2277 2089 2306 causae
2111 2267 2186 2316 est,
2209 2267 2256 2306 ut
2282 2266 2423 2307 veniat

1388 2341 1592 2383 Dominus
1621 2350 1742 2379 meus
1762 2350 1838 2378 rex
1862 2337 1915 2377 ad
1943 2348 2117 2377 servum
2138 2340 2296 2376 suum?
2324 2351 2344 2374 ι)
2370 2336 2421 2377 Et

1387 2412 1479 2452 haec
1500 2409 1731 2461 indignitas
1763 2419 1847 2447 non
1871 2407 2025 2446 latebat
2051 2418 2149 2446 eum
2171 2418 2245 2458 per
2270 2419 2418 2459 super-

1388 2483 1524 2531 biam;
1548 2480 1620 2520 sed
1638 2481 1740 2519 nota
1759 2480 1848 2518 erat
1867 2477 1904 2517 ei
1921 2488 1995 2529 per
2011 2476 2295 2517 humilitatem
2315 2490 2421 2530 prae-

1387 2554 1569 2606 cipuam.
1590 2551 1685 2591 Ideo
1711 2548 1910 2601 actjUngit
1932 2549 1988 2599 (v.
2011 2548 2048 2600 7)
2081 2562 2089 2587 z
2116 2548 2289 2600 Propter
2308 2549 2422 2601 quod

1387 2630 1425 2669 et
1444 2626 1652 2676 meipsum
1673 2632 1759 2664 non
1783 2632 1876 2662 sum
1901 2619 2081 2672 dissitum
2101 2619 2352 2671 arbitratae,
2374 2624 2422 2663 uc

1388 2697 1575 2740 venirem
1597 2693 1655 2735 ad
1675 2697 1710 2735 te
1732 2707 1746 2735 .·
1768 2691 1942 2742 signum
1975 2693 2036 2730 est
2066 2690 2332 2742 humilitatis,
2355 2704 2418 2732 se-

1389 2768 1579 2809 cundum
1598 2764 1702 2806 illud
1721 2765 1750 2788 ¹2
1774 2778 1782 2803 :
1819 2778 1837 2800 «
1858 2762 1906 2802 In
1928 2761 2165 2802 humilitate
2184 2762 2422 2815 superiores

1390 2839 1468 2880 sibi
1500 2837 1684 2880 invicem
1715 2835 1983 2875 arbitrantes.
2016 2847 2035 2870 ))
2075 2832 2163 2874 Hoc
2195 2834 2420 2875 arbitrium

1390 2912 1479 2951 erat
1493 2910 1539 2949 in
1557 2906 1755 2961 Apostolo
1774 2917 1847 2957 per
1866 2916 2013 2946 veram
2032 2904 2332 2956 humilitatem,
2349 2906 2423 2958 qui

1390 2981 1551 3022 dicebat
1588 2980 1617 3003 ¹³
1653 2992 1662 3019 :
1702 2992 1721 3016 <‹
1752 2976 1846 3027 Ego
1882 2988 1978 3016 sum
2017 2975 2220 3016 minimus
2256 2980 2422 3029 aposto-

1389 3054 1545 3103 lorum,
1568 3050 1642 3104 qui
1672 3060 1758 3089 non
1779 3059 1875 3087 sum
1907 3047 2063 3098 dignus
2088 3047 2231 3088 vocari
2253 3050 2420 3100 aposto-

1390 3126 1467 3166 lus.
1493 3139 1511 3162 ))
1537 3121 1784 3164 Ambrosius
1806 3120 1834 3145 ¹4
1858 3131 1904 3159 z«
1922 3119 2089 3160 Militari
2116 3122 2281 3159 tumore
2301 3120 2423 3172 depo-

1392 3196 1483 3246 sito,
1506 3192 1789 3236 reverentiam
1815 3189 1958 3240 sumit,
1980 3190 2032 3230 ad
2052 3190 2178 3230 fidem
2204 3189 2347 3238 facilis,
2369 3189 2422 3229 ad

1391 3264 1757 3308 honorificentiam
1777 3263 2009 3315 promptus
2032 3275 2051 3299 ))
2077 3260 2128 3301 Et
2146 3261 2226 3301 hoc
2249 3260 2421 3313 quidem

1394 3381 1424 3411 8.
1450 3396 1490 3402 —
1518 3380 1538 3397 ¹¹
1568 3379 1592 3410 11
1623 3378 1714 3417 neq„
1740 3381 1834 3414 xxm,
1868 3375 1919 3404 21.
1946 3390 1987 3396 -
2019 3373 2042 3391 ¹²
2069 3372 2211 3412 Philip„
2242 3376 2288 3413 11,
2321 3374 2350 3404 3.
2381 3389 2422 3396 -

1395 3427 1421 3448 ¹3
1444 3428 1455 3458 1
1483 3427 1572 3466 Corn,
1597 3432 1654 3464 xv,
1676 3426 1707 3455 9.
1728 3422 1813 3445 -14
1832 3421 1962 3460 Arnhr„
1987 3420 2022 3450 in
2051 3419 2139 3459 Luc„
2163 3419 2220 3452 lib.
2244 3420 2284 3460 V,
2305 3429 2341 3452 n.
2367 3421 2419 3453 85.

1439 3492 1483 3533 (a)
1508 3491 1590 3523 caet.
1610 3489 1688 3522 edit.
1710 3487 1772 3519 sui.
1790 3504 1830 3509 —
1854 3485 1895 3526 (b)
1921 3484 2017 3526 Vulq.
2039 3484 2200 3527 comperi.
