2634 3853
899 216 902 217 ’
940 212 1212 255 EXPOSITIO
1243 214 1295 255 IN
1324 215 1436 257 CAP.
1469 215 1540 257 lII.

183 308 479 351 documentum
501 305 551 346 de
569 305 730 358 rapinis
756 303 962 354 vitandis,
983 315 1081 343 cum
1101 303 1205 343 sub-

182 382 292 422 ditur
316 380 379 432 (v.
404 379 476 430 14)
497 392 505 418 :
530 378 854 430 Interrogabant
878 381 1017 418 autem
1049 386 1140 417 eum
1167 379 1207 417 et

181 450 350 500 milite&
373 449 560 491 dicentes
576 461 590 488 :
611 448 728 500 Quid
748 449 953 499 faciemus
974 449 1013 488 et
1029 456 1104 488 nos
1117 447 1138 486 P
1157 445 1207 485 Et

179 522 310 570 recte,
333 520 566 560 secundum
592 519 812 560 consilium
838 517 1003 557 Tobiael
1031 531 1039 557 2
1063 531 1081 554 α
1101 516 1204 557 Con-

179 589 321 631 silium
350 602 515 643 semper
534 603 558 630 a
587 590 772 642 sapiente
802 588 1012 640 perquire.
1035 602 1054 625 >³
1079 588 1130 628 Et
1162 588 1205 627 in

178 661 260 701 hoc
279 673 435 714 magna
452 663 624 713 apparet
641 660 778 700 virtus
801 659 846 698 in
869 658 1029 699 Joanne
1058 658 1207 711 praedi-

179 734 310 772 cante:
335 732 446 784 quod
461 731 512 772 ad
532 743 575 771 se
594 731 733 770 trahat
753 729 962 779 homines,
984 729 1058 781 qui
1075 729 1207 769 maxi-

179 814 248 843 me
258 802 455 843 videntur
469 802 687 843 mundani.
700 801 817 841 Unde
835 800 977 841 Glossa
993 812 1002 840 :
1019 816 1037 839 (ι
1051 800 1207 852 Magna

177 873 242 915 vis
260 873 303 913 in
323 885 517 914 sermone
534 872 718 923 loannis,
743 872 816 924 qui
835 874 874 913 et
899 871 1146 925 publicanos
1168 874 1208 911 et

178 944 330 985 milites
349 945 401 986 ad
428 944 651 985 consilium
678 955 768 984 suae
796 944 941 983 salutis
969 943 1096 995 cogit.
1118 957 1137 979 n
1159 942 1207 983 Et

178 1018 292 1066 nota,
311 1016 423 1068 quod
445 1017 661 1069 quaerunt:
690 1014 801 1063 Quid
823 1015 1041 1065 faciemus,
1066 1026 1209 1054 secun-

181 1086 283 1127 dum
310 1087 414 1127 illud
443 1086 716 1128 adolescentis
739 1088 778 1126 ²:
809 1101 827 1124 «
854 1086 1068 1138 Magister,
1103 1085 1208 1137 quid

181 1158 355 1208 faciens,
389 1158 521 1199 vitam
553 1160 754 1199 aeternam
780 1157 1026 1210 possidebo?
1060 1170 1078 1193 »
1117 1155 1209 1196 Non

182 1229 241 1269 sic
262 1228 467 1270 Pharisaei
483 1244 492 1279 ;
513 1230 583 1269 sed
603 1230 766 1270 curiose
786 1228 1009 1281 requirunt
1027 1227 1040 1248 ³
1058 1241 1065 1267 :
1098 1242 1115 1264 α
1135 1226 1211 1266 Mi—

181 1302 327 1339 serunt
355 1299 490 1340 Judaei
522 1301 573 1340 ab
604 1299 875 1352 jerosolymis
908 1298 1140 1338 sacerdotes
1171 1299 1211 1336 et

180 1368 329 1409 levitas
347 1369 400 1409 ad
424 1369 649 1419 Joannem,
672 1372 719 1409 ut
747 1369 1058 1419 interrogarent
1081 1379 1206 1407 eum:

181 1437 244 1479 Tu
264 1439 358 1492 quis
377 1441 450 1480 es‘?
471 1454 489 1477 >³
513 1439 563 1480 Et
583 1442 675 1492 post
697 1454 705 1479 :
736 1456 753 1477 ι(
775 1439 855 1488 Qui
883 1438 1002 1478 missi
1027 1438 1208 1488 fuerant,

181 1512 301 1550 erant
316 1523 369 1551 ex
383 1510 627 1560 Pharisaeis;
645 1514 685 1551 et
699 1511 1073 1561 interrogaverunt
1087 1521 1183 1549 eum
1199 1524 1207 1549 ε

184 1580 292 1629 Quid
318 1593 423 1633 ergo
447 1582 662 1634 baptizas?
683 1596 701 1619 ))
727 1581 778 1621 Et
804 1581 1007 1633 quoniam
1029 1580 1212 1620 salutare

183 1651 403 1692 consilium
420 1652 682 1705 quaerebant,
699 1654 739 1693 et
757 1653 939 1693 verbum
958 1651 1004 1691 in
1023 1653 1212 1703 tempore

184 1721 330 1763 salutis
347 1735 435 1763 non
453 1726 515 1764 est
535 1722 804 1763 retinendum
816 1754 826 1771 ,
849 1722 940 1762 ideo
960 1733 1212 1774 responsum

183 1792 444 1834 salutiferum
459 1795 700 1844 audierunt,
716 1806 814 1834 cum
834 1793 1027 1834 subditur
1052 1808 1059 1834 z
1080 1794 1136 1835 Et
1150 1793 1215 1835 ait

184 1862 289 1913 illis,
306 1866 382 1904 etc.
402 1863 449 1904 In
470 1876 555 1917 quo
569 1864 822 1905 documento
835 1863 979 1904 illicita
1000 1864 1210 1916 prohibet,

185 1946 284 1975 cum
304 1935 386 1975 ait:
419 1935 633 1977 Neminem
662 1936 940 1985 concutiatis,
964 1934 1007 1974 id
1026 1937 1107 1985 est,
1139 1947 1214 1987 per

184 2005 276 2046 vim
305 2007 526 2058 potentiae;
561 2007 700 2058 Neque
723 2006 981 2049 calzmmiam
1014 2007 1210 2057 faciatis,

184 2076 263 2117 sub
284 2077 419 2129 specie
433 2077 626 2130 justitiae.
645 2081 659 2103 ⁶
675 2092 694 2115 «
712 2077 805 2118 Non
819 2077 943 2118 facies
956 2076 1212 2117 calumniam

183 2146 378 2199 proximo
397 2149 492 2199 tuo,
515 2160 590 2189 nec
618 2148 662 2189 vi
688 2148 900 2201 opprimes
927 2160 1040 2189 eum.
1063 2163 1081 2185 n
1107 2148 1213 2189 Nam

184 2229 208 2257 e
228 2217 394 2259 diverso
419 2218 540 2259 malis
567 2219 728 2260 malum
761 2220 1046 2260 comminatur
1071 2219 1211 2260 Domi-

177 2289 320 2330 ›nus⁵:
350 2304 370 2328 «
395 2289 556 2342 Rapina
587 2290 785 2343 pauperis
814 2291 859 2330 in
885 2291 1011 2331 domo
1044 2293 1210 2331 vestra:

185 2371 318 2412 quare
348 2360 524 2401 atteritis
562 2362 768 2413 populum
807 2373 975 2408 meum,
1016 2365 1056 2401 et
1089 2361 1214 2401 facies

185 2442 423 2482 pauperum
452 2430 730 2471 commolitis?
751 2443 770 2467 ι)
794 2429 873 2470 Per
898 2431 1090 2483 rapinam
1119 2443 1214 2471 con-

187 2503 418 2541 sueverunt
437 2500 590 2541 milites
610 2512 780 2554 peccare
799 2515 806 2540 :
833 2503 872 2541 et
895 2501 988 2541 ideo
1009 2501 1125 2541 illam
1145 2502 1214 2542 do-

186 2573 250 2611 cet
275 2574 479 2624 tanquam
511 2572 696 2613 illicitam
730 2585 905 2614 cavere:
942 2574 1013 2614 sed
1045 2586 1098 2614 ne
1134 2574 1214 2614 hoc

186 2641 376 2683 videatur
395 2642 456 2683 eis
476 2655 623 2694 grave,
642 2643 736 2684 ideo
756 2644 869 2684 licita
887 2645 1091 2694 concedit,
1115 2637 1213 2685 cum

186 2712 348 2753 subdit:
372 2713 427 2756 Ει
441 2715 626 2756 contenti
641 2718 765 2757 estote
783 2715 1013 2768 stipendiis
1031 2717 1185 2758 vestris
1199 2729 1212 2756 .·

185 2783 422 2836 stipendiis,
443 2783 486 2825 id
507 2787 590 2836 est,
614 2797 691 2838 pro
711 2786 952 2827 defensione
970 2787 1214 2840 reipublicae

187 2854 353 2895 statutis
384 2867 408 2895 a
440 2856 729 2908 superioribus
766 2858 938 2907 vestris;
983 2858 1085 2910 quia
1120 2858 1214 2898 talis

180 2923 308 2965 miles
324 2924 407 2966 Deo
419 2929 618 2980 *acceptus
638 2930 700 2968 est
716 2929 730 2950 ⁶
748 2943 756 2969 :
786 2944 805 2967 c(
824 2927 897 2969 Vir
924 2929 960 2968 si
983 2929 1109 2969 fuerit
1122 2930 1216 2981 jus-

189 2996 278 3045 tus,
298 2997 340 3036 et
356 2996 574 3039 hominem
594 3010 683 3040 non
702 2999 1035 3050 contristaverit,
1058 3000 1216 3052 pignus

190 3063 366 3106 debitori
401 3068 648 3120 reddiderit,
684 3082 758 3123 per
793 3070 883 3112 vim
918 3071 1024 3110 nihil
1062 3082 1213 3123 rapue-

191 3134 266 3186 rit⁷
288 3137 384 3187 etc„
405 3138 494 3179 vita
517 3139 646 3181 vivet.
672 3155 692 3178 >›
715 3141 824 3182 Talis
852 3141 965 3182 enim
993 3144 1217 3186 contentus

191 3206 253 3244 est
275 3205 487 3258 stipendiis
507 3209 608 3249 suis.
637 3209 720 3252 Sed
739 3224 827 3253 non
846 3215 945 3253 sunt
966 3212 1068 3253 tales
1091 3224 1213 3252 exac-

191 3277 320 3327 toreS,
341 3277 391 3318 de
411 3278 563 3330 quibus
581 3282 722 3325 Isaias
736 3284 749 3305 ⁷
768 3298 777 3324 ε
799 3299 819 3323 (ι
840 3284 1050 3338 Populum
1072 3295 1216 3324 meum

235 3359 246 3379 1
267 3358 354 3398 Tob„
380 3367 428 3399 1v,
453 3362 502 3393 19.
521 3379 562 3384 —
585 3364 599 3385 2
621 3365 709 3404 Lae„
735 3374 842 3407 xvm,
869 3367 918 3399 18.
941 3385 981 3392 -
1010 3368 1023 3389 3
1049 3369 1159 3407 Ιοαη.,
1183 3374 1217 3406 1,

195 3409 246 3447 19,
275 3408 327 3438 24.
359 3423 399 3430 —
429 3407 441 3426 ⁴
469 3408 585 3448 Levz‘t.,
614 3419 696 3452 ΧΙΧ,
726 3415 774 3445 13.
800 3431 839 3438 -
868 3415 882 3436 5
905 3415 984 3454 Isa„
1011 3423 1069 3456 111,
1102 3415 1151 3446 14.
1176 3431 1218 3438 -—

193 3454 207 3476 θ
224 3454 357 3496 Ezech.,
376 3461 483 3495 xvm,
503 3457 522 3487 6
547 3459 580 3488 et
599 3466 670 3498 seq.
689 3476 725 3481 —
745 3461 759 3482 ⁷
779 3462 857 3502 Isca,
884 3469 937 3502 111,
956 3464 1006 3493 12.
1026 3480 1067 3485 —
1090 3462 1101 3480 ³
1118 3463 1216 3501 Aug,

193 3501 247 3533 vel
262 3502 411 3543 quisquis
428 3502 483 3533 ille
503 3502 545 3534 sit
567 3506 696 3544 auctor,
718 3505 756 3537 de
775 3507 862 3539 verb.
891 3509 1000 3548 Dom.,
1021 3518 1124 3540 serm.
1145 3516 1218 3547 xlx,

2226 227 2297 266 291

1279 307 1493 346 exactores
1512 305 1578 345 sui
1599 305 1899 358 spoliaverunt.
1918 320 1937 345 ›>
1952 306 2002 348 Et
2022 308 2116 349 ideo
2134 310 2304 361 Augus-

1279 375 1426 425 tInuss
1447 376 1498 418 cle
1528 377 1663 419 verbis
1691 377 1885 429 Domini,
1914 378 1972 419 ait
1990 381 2003 403 ⁸
2020 379 2037 419 ’;
2068 394 2087 418 (ι
2107 372 2303 433 Quisquis

1279 446 1442 486 militiae
1463 459 1550 487 suae
1573 447 1744 499 cingulo
1763 448 1911 498 utitur,
1931 451 1972 490 et
1998 450 2204 503 stipendia
2224 452 2304 492 sibi

1279 516 1445 568 publice
1459 518 1622 559 decreta
1637 520 1924 573 consequitur,
1941 521 1977 561 si
1993 522 2176 575 amplius
2193 535 2307 575 quee-

1279 587 1351 637 rit,
1376 589 1579 640 tanquam
1598 590 1876 631 calumniator
1895 594 1981 642 est,
2004 595 2044 633 et
2063 605 2302 635 concussor.

1280 660 1293 680 ⁹
1323 657 1458 698 «Ideo
1484 658 1599 698 enim
1624 660 1829 701 militibus
1855 663 2062 715 stipendia
2084 667 2308 706 constituta

1281 733 1398 779 sunt,
1437 742 1489 770 ne
1528 730 1630 771 dum
1668 735 1857 785 quaestus
1895 736 2120 787 quaeritur,
2163 737 2307 790 praedo

1281 804 1514 853 grassetur.
1547 817 1566 840 >³
1591 803 1641 844 Et
1670 808 1789 855 nota,
1821 807 1935 858 quod
1966 807 2131 848 videtur
2160 808 2309 850 beatus
2354 826 2397 855 An
2411 827 2467 853 mi-

1279 871 1459 913 Joannes
1494 873 1564 914 hic
1602 874 1782 915 militare
1823 876 2009 918 officium
2048 880 2280 931 approbare
2297 911 2307 929 ,
2328 868 2469 936 fflffdgfff

1281 956 1379 983 cum
1411 946 1552 985 tamen
1582 945 1776 986 videatur
1804 958 2047 999 repugnare
2077 950 2307 1000 mandatis,

1281 1015 1330 1054 de
1350 1015 1505 1067 quibus
1525 1016 1715 1069 praecipit
1734 1016 1956 1069 Dominus,
1980 1022 2028 1060 ut
2046 1020 2163 1061 nullo
2185 1021 2309 1062 modo

1281 1095 1324 1123 se
1359 1084 1540 1124 vindicet
1578 1084 1696 1137 quis,
1734 1098 1810 1126 nec
1848 1087 2052 1139 propellat
2083 1088 2306 1141 injuriam3

1282 1155 1368 1196 imo
1388 1156 1485 1197 dicit
1506 1158 1533 1181 ¹⁰
1555 1172 1563 1198 :
1587 1172 1606 1195 «
1629 1157 1672 1198 Si
1692 1159 1786 1211 quis
1810 1161 1850 1199 te
1870 1161 2123 1212 percusserit
2146 1162 2191 1202 in
2207 1163 2308 1203 dex-

1282 1229 1415 1267 teram
1447 1229 1664 1269 maxillam
1698 1233 1837 1282 tuam,
1872 1232 2014 1283 praebe
2039 1232 2099 1272 illi
2135 1235 2175 1273 et
2205 1233 2310 1274 alte-

1282 1310 1388 1338 ram.
1412 1313 1431 1335 »
1456 1298 1507 1338 Et
1532 1300 1625 1340 ideo
1647 1303 1768 1350 nota,
1793 1302 1904 1354 quod
1926 1314 2026 1342 usus
2053 1302 2214 1344 militiae
2233 1316 2307 1356 po-

1283 1370 1362 1408 test
1382 1381 1470 1409 esse
1490 1370 1627 1410 licitus
1647 1373 1687 1410 et
1703 1371 1896 1411 illicitus:
1920 1372 1971 1412 ad
1989 1372 2152 1413 licitum
2167 1377 2309 1414 autem
2358 1360 2445 1427 ὲξζζ

1284 1451 1412 1479 usum
1435 1440 1594 1481 militiae
1613 1443 1792 1493 oportet,
1817 1442 1929 1493 quod
1949 1447 2202 1485 concurrant
2219 1457 2315 1486 con·
2334 1442 2471 1519 qlss‘sstuffi

1283 1511 1458 1552 veniens
1478 1524 1671 1564 persona,
1696 1515 1736 1553 et
1755 1525 1892 1553 causa.
1917 1513 2118 1564 Persona,
2142 1516 2310 1568 scilicet,
2349 1525 2463 1559 quirau-

1284 1582 1508 1623 indicentis
1528 1584 1717 1625 bellum:
1746 1584 1792 1625 in
1819 1597 1903 1638 qua
1932 1586 2178 1637 requiritur,
2201 1588 2314 1641 quod
2346 1569 2401 1593 Μ’

1285 1652 1438 1694 habeat
1475 1656 1737 1706 potestatem.
1783 1655 1887 1696 Item
1934 1668 2111 1709 persona
2146 1660 2315 1711 agentis

1285 1724 1467 1776 bellum,
1497 1737 1595 1778 quae
1616 1726 1737 1767 debet
1757 1739 1845 1768 esse
1865 1726 1999 1768 laicus
2023 1731 2063 1768 et
2080 1730 2312 1781 saecularis,

1287 1807 1370 1836 non
1391 1796 1564 1836 clericus
1585 1797 1652 1837 vel
1670 1797 1911 1848 religiosus.
1926 1797 2030 1838 Item
2051 1812 2228 1852 persona
2245 1813 2315 1854 pa-

1286 1867 1425 1906 tientis
1444 1867 1626 1919 bellum,
1659 1880 1756 1921 quae
1783 1869 1877 1909 talis
1905 1869 1957 1910 sit
1989 1871 2245 1924 insolentiae,
2267 1875 2315 1913 ut

1286 1949 1361 1989 per
1391 1937 1551 1979 bellum
1578 1939 1632 1979 sit
1659 1941 1976 1992 compescenda.
2007 1944 2141 1983 Causa
2171 1946 2315 1984 autem

1288 2010 1542 2050 conveniens
1561 2012 1643 2060 est,
1667 2022 1765 2051 cum
1789 2014 1851 2052 est
1879 2024 1955 2064 pro
1980 2013 2112 2054 tutela
2139 2015 2287 2067 patriae
2304 2047 2314 2065 ,

1287 2080 1355 2119 vel
1385 2080 1517 2133 pacis,
1539 2081 1608 2122 vel
1632 2081 1745 2122 fidei.
1771 2080 1946 2131 Quando
1973 2097 2078 2137 ergo
2104 2085 2197 2126 haec
2215 2098 2315 2126 con-

1288 2154 1479 2201 currunt,
1490 2154 1590 2192 tunc
1598 2151 1762 2192 licitum
1774 2155 1835 2193 est
1846 2153 2026 2196 militare
2040 2168 2050 2206 ;
2066 2157 2137 2197 sed
2149 2157 2317 2209 quando

1288 2221 1427 2263 deficit
1451 2222 1621 2275 aliquod
1647 2224 1824 2274 horum,
1846 2227 1992 2278 utpote
2013 2228 2114 2280 quia
2133 2227 2318 2269 defectus

1289 2296 1349 2333 est
1367 2305 1419 2334 ex
1438 2297 1556 2346 parte
1574 2306 1766 2346 personae
1786 2295 1853 2336 vel
1873 2307 2032 2338 causae:
2055 2301 2199 2351 utpote
2219 2311 2317 2340 cum

1288 2364 1355 2404 vel
1384 2365 1582 2416 cleriCUS,
1615 2366 1683 2406 vel
1715 2366 1782 2406 vir
1811 2367 2058 2420 religiosus,
2095 2371 2168 2422 qui
2197 2371 2318 2411 debet

1289 2446 1379 2475 esse
1386 2436 1608 2487 perfectus,
1622 2436 1879 2477 vultbellum
1888 2450 2051 2489 gerere3
2065 2440 2133 2480 vel
2147 2441 2317 2493 quando

1288 2508 1460 2557 propter
1489 2505 1672 2557 gloriam
1700 2506 1950 2559 hominum,
1973 2510 2041 2551 vel
2061 2511 2311 2552 vindictam:

1289 2579 1390 2618 tunc
1411 2580 1474 2618 est
1498 2578 1707 2619 illicitum.
1731 2579 1850 2627 Quod
1879 2583 2021 2622 autem
2051 2583 2247 2636 objicitur
2266 2585 2317 2625 de

1289 2646 1487 2687 mandato
1506 2646 1769 2698 evangelico,
1792 2648 2038 2702 dicendum,
2060 2652 2172 2704 quod
2193 2653 2315 2694 intel-

1288 2715 1440 2767 ligitur
1459 2717 1510 2757 de
1534 2717 1734 2769 patientia
1752 2719 1947 2761 habenda
1973 2721 2019 2761 in
2039 2723 2205 2775 animo,
2231 2736 2319 2765 non

1289 2788 1340 2828 de
1365 2788 1571 2841 corporali
1601 2788 1881 2841 exhibitione,
1915 2793 2022 2832 sieut
2049 2793 2319 2846 Augustinus

1291 2858 1470 2899 ostendit
1489 2860 1516 2880 ¹1
1533 2859 1581 2899 in
1597 2870 1793 2900 sermone
1815 2859 1980 2902 Domini
2001 2863 2046 2903 in
2066 2867 2223 2906 monte.
2244 2865 2320 2907 Vel

1290 2929 1371 2980 dic,
1392 2929 1506 2983 quod
1523 2929 1628 2970 illud
1649 2929 1809 2971 dictum
1829 2934 1891 2971 est
1909 2933 2117 2985 perfectis,
2133 2947 2319 2988 quorum

1290 3012 1376 3041 non
1388 3003 1450 3041 est
1466 3001 1495 3026 ¹²
1510 3015 1529 3039 ε(
1541 3000 1696 3042 vincia
1717 3001 1843 3052 malo,
1862 3003 1934 3043 sed
1953 3004 2124 3048 vincere
2141 3007 2187 3048 in
2206 3009 2319 3050 bono

1290 3070 1466 3111 malum.
1496 3085 1516 3109 n
1547 3070 1713 3112 Dictum
1744 3075 1805 3112 est
1838 3073 1965 3115 etiam
1998 3077 2201 3129 subditis,
2233 3092 2318 3121 non

1291 3141 1497 3194 praelatis,
1520 3142 1589 3183 vel
1609 3142 1872 3195 principibus
1892 3147 1933 3185 et
1954 3157 2104 3188 eorum
2128 3149 2315 3190 officiali-

1291 3212 1389 3262 bus;
1413 3213 1512 3265 quia
1537 3225 1635 3253 cum
1663 3214 1740 3266 ipsi
1761 3214 1844 3255 sint
1867 3216 2054 3258 ministri
2078 3219 2207 3271 legiS,
2232 3232 2319 3261 non

1291 3282 1372 3335 ipsi
1392 3283 1573 3336 puniunt
1591 3283 1660 3326 vel
1678 3284 1889 3336 occidunt,
1913 3287 1985 3328 sed
2002 3288 2087 3330 lex.

1293 3365 1334 3397 al.
1355 3373 1484 3406 Lxxxn,
1505 3375 1539 3397 n.
1559 3368 1590 3404 9,
1612 3367 1646 3398 in
1663 3368 1817 3407 Append.
1838 3369 1938 3409 Oper.
1966 3372 2001 3402 S.
2022 3373 2107 3412 Aug.
2127 3390 2168 3396 —
2186 3374 2199 3395 ⁹
2219 3373 2318 3414 lhid„

1293 3421 1327 3443 n.
1348 3415 1376 3444 1.
1394 3429 1432 3436 --
1450 3413 1478 3434 1⁰
1494 3413 1632 3452 Matth„
1653 3421 1683 3453 v,
1703 3414 1754 3446 39.
1772 3431 1812 3437 —
1831 3416 1856 3437 11
1875 3417 1973 3458 Aug„
1992 3417 2031 3448 de
2049 3427 2146 3451 serm.
2167 3419 2262 3452 Dom.
2285 3421 2320 3451 z'n

1293 3460 1414 3499 monte,
1438 3458 1495 3490 lib.
1524 3460 1554 3497 1,
1577 3468 1608 3491 c.
1632 3468 1716 3497 x1x,
1739 3469 1775 3492 n.
1801 3463 1865 3501 593
1890 3462 1929 3492 de
1953 3464 2076 3504 Mend.‚
2096 3474 2124 3496 c.
2146 3473 2210 3506 xv3
2233 3469 2318 3499 cont.

1293 3506 1424 3545 Faust„
1440 3506 1497 3538 lib.
1515 3507 1618 3545 xxti,
1635 3516 1665 3538 e.
1688 3515 1802 3547 Lxxw,
1820 3516 1987 3540 Lxx1x.—
2001 3511 2025 3531 ¹²
2045 3511 2148 3553 Rom„
2167 3521 2236 3553 xil,
2261 3516 2313 3546 21.

2367 1318 2409 1345 Ad
2421 1318 2471 1344 mi-
