2634 3853
98 1118 171 1144 Prim
178 1126 209 1144 a-

71 1162 117 1185 tus
136 1160 209 1186 Petri

242 236 320 278 1460

239 325 350 379 elegi
390 339 478 370 vos,
511 344 531 367 »
572 329 645 371 Vel
681 346 689 372 :
730 333 808 372 Vos
843 332 991 380 amici,
1027 330 1260 371 secundum

236 396 340 437 illud
363 399 373 420 ¹
398 410 407 438 :
442 415 461 438 ((
489 399 572 440 Vos
600 404 740 441 autem
772 402 858 442 dixi
890 402 1061 442 amicos.
1087 416 1105 439 »
1142 400 1216 442 Vel
1249 413 1258 441 :

238 467 320 509 Vos
353 470 552 522 speciales
592 471 798 523 discipuli,
830 472 1062 512 secundum
1097 472 1258 512 illud²z

238 553 257 576 11
282 537 406 579 Vobis
433 541 576 581 datum
608 547 668 582 est
700 555 821 583 nosse
853 543 1103 596 mysterium
1136 543 1261 595 regni

235 608 320 649 Dei.
355 624 373 647 »
418 610 517 661 Vos,
552 611 749 663 inquam,
785 613 857 666 qui
892 614 935 654 in
969 627 1037 654 me
1078 614 1257 665 creditis,

235 692 362 733 quem
395 693 462 720 me
493 693 582 721 0550
612 682 779 723 dicitis?
812 683 855 724 ld
883 686 959 735 est,
985 686 1257 736 confitemini,

235 751 333 803 quia
354 754 366 776 ³
392 767 410 789 «
428 752 549 792 corde
568 753 751 794 creditur
769 754 821 794 ad
838 755 1063 807 Justitiam,
1089 768 1161 797 ore
1182 770 1257 797 au-

234 824 320 861 tem
345 822 546 863 confessio
571 823 617 863 fit
646 824 698 864 ad
728 825 922 866 salutem.
944 840 962 863 »
990 826 1086 868 Ideo
1112 828 1257 868 subdi-

234 895 303 931 tur
344 905 352 930 :
391 892 662 945 Respondeas
708 896 862 938 Simon
897 897 1044 939 Petrus
1085 898 1204 941 discit
1245 912 1258 937 :

236 961 450 1005 Christum
469 965 576 1016 Dec';
604 966 703 1018 quia
723 979 836 1007 unus
857 980 932 1020 pro
951 969 1149 1009 omnibus
1169 981 1259 1010 res-

231 1035 399 1086 pondet,
421 1038 468 1076 ut
487 1037 806 1079 commendetur
837 1040 972 1080 unitas
993 1039 1187 1081 Ecclesiae
1214 1041 1258 1081 in

233 1105 326 1155 fide,
353 1107 611 1148 confessione
644 1111 684 1148 et
724 1109 983 1161 praelatione.
1020 1110 1137 1151 Unde
1178 1111 1255 1152 Pe-

231 1178 340 1225 trus,
378 1179 580 1230 tanquam
612 1191 724 1219 unus
761 1179 965 1221 Praelatus
1002 1182 1258 1223 uniVersalis

227 1245 448 1298 Ecclesiae,
496 1261 610 1289 unus
652 1262 728 1302 pro
771 1252 969 1293 omnibus
1014 1254 1252 1306 respondet.

228 1315 401 1369 Propter
420 1319 532 1370 quod
559 1320 721 1361 dicebat
747 1320 905 1363 Paulus
929 1322 942 1344 ¹·
963 1335 973 1364 :
1012 1340 1030 1362 (1
1060 1323 1254 1377 Obsecro,

225 1390 274 1428 ut
311 1388 493 1442 idipsum
526 1390 670 1431 dicatis
701 1405 868 1445 omnes,
899 1397 940 1434 et
973 1407 1061 1436 non
1097 1397 1180 1437 sint
1212 1397 1256 1438 in

228 1459 347 1501 vobis
375 1460 617 1503 schismata.
642 1477 662 1501 ›)
691 1462 807 1504 Unde
837 1465 988 1506 merito
1014 1467 1136 1508 istius
1156 1481 1256 1509 con—

225 1530 414 1571 fessionis
442 1532 571 1573 unius
603 1545 679 1586 pro
705 1535 919 1586 omnibus,
952 1549 1108 1579 nomen
1143 1539 1255 1579 Petri

225 1603 288 1640 est
321 1601 400 1641 sibi
431 1603 754 1655 confirmatum,
793 1609 832 1647 et
863 1608 1115 1649 universalis
1150 1622 1255 1662 11100-

224 1670 324 1712 latio
358 1684 484 1725 super
513 1673 741 1716 Ecclesiam
768 1679 830 1716 est
861 1690 1069 1730 concessa,
1105 1692 1253 1720 secun-

224 1742 325 1782 dum
340 1743 451 1795 quod
471 1744 624 1785 dicitur
638 1746 651 1767 ⁵
669 1758 677 1785 :
704 1762 722 1784 «
743 1747 793 1787 Et
812 1760 893 1799 ego
911 1749 1003 1789 dico
1023 1750 1115 1800 tibi,
1134 1766 1152 1787 »
1172 1754 1250 1792 etc.

224 1811 339 1853 Unde
359 1817 529 1867 apparet
548 1816 662 1868 quod
681 1829 766 1857 non
788 1829 841 1858 ex
861 1819 1038 1872 impetu,
1060 1820 1132 1860 sed
1153 1820 1252 1874 Spi-

221 1885 304 1924 ritu
322 1888 466 1925 sancto
483 1885 693 1938 incitatus,
714 1889 830 1941 prior
849 1891 1064 1943 respondit
1085 1890 1249 1934 Petrus.

273 1955 324 1996 Et
367 1956 446 1997 1100
484 1961 546 1998 est
582 1959 694 2011 quod
734 1948 888 2001 dicitur
928 1961 973 2001 in
1014 1961 1158 2003 Glossa
1190 1964 1203 1985 ‘⁵
1239 1977 1247 2003 :

227 2043 246 2066 «
266 2027 382 2069 Unus
407 2042 483 2082 pro
507 2031 723 2081 0111011105,
745 2035 786 2073 et
805 2022 1128 2085 prae‘omnibus‚
1152 2035 1252 2087 quia

221 2098 363 2139 senior
397 2102 438 2140 et
473 2101 668 2155 princeps
701 2103 1017 2155 Apostolorum.
1053 2119 1072 2142 ›>
1113 2106 1250 2146 Conti-

220 2170 345 2210 tendo
381 2174 526 2212 autem
556 2173 698 2225 ipsum
739 2174 952 2215 Christum
988 2177 1082 2227 Dei,
1118 2178 1247 2217 conti-

220 2241 332 2280 tetur
353 2241 480 2282 simul
500 2242 632 2284 Deum
652 2257 804 2285 verum
825 2249 865 2286 et
883 2247 1114 2288 hominem.
1133 2246 1250 2288 Unde

218 2309 469 2353 Ambrosius
506 2314 551 2354 in
589 2315 730 2356 Glossa
761 2318 774 2339 ⁷
808 2333 817 2359 :
859 2333 878 2356 (1
907 2318 1158 2371 Complexus
1190 2322 1251 2359 est

219 2383 376 2433 omnia,
391 2384 464 2436 qui
484 2387 524 2424 et
542 2388 740 2426 naturam
761 2389 802 2428 et
817 2400 974 2429 nomen
991 2390 1243 2441 expressit.»

221 2452 264 2493 In
286 2455 458 2495 nomine
478 2455 590 2496 enim
618 2456 784 2509 Christi,
807 2461 848 2500 et
868 2459 1102 2501 divinitatis
1122 2463 1163 2501 et
1187 2461 1249 2500 in-

218 2526 469 2566 carnationis
500 2530 563 2568 est
588 2529 803 2581 expressio
825 2532 866 2570 et
896 2531 999 2571 fides
1025 2531 1245 2583 passionis.

218 2596 405 2638 Christus
424 2598 538 2638 enim
566 2600 766 2652 exprimit
792 2613 1017 2653 personam
1041 2615 1173 2643 unam
1202 2604 1248 2644 in

216 2667 381 2709 duabus
412 2671 599 2722 naturis,
635 2674 676 2712 et
707 2673 961 2724 dignitatem
991 2676 1178 2727 regiam,
1209 2678 1249 2716 et

215 2740 529 2792 sacerdotalem,
557 2745 598 2783 et
625 2744 777 2794 gratiae
797 2745 1105 2797 plenitudinem
1126 2759 1249 2800 prop-

213 2811 276 2849 ter
322 2812 533 2852 unctionis
579 2816 936 2867 praerogativam,
974 2817 1025 2857 de
1070 2830 1155 2870 quo
1203 2818 1247 2858 in

212 2880 379 2923 Psalmo
401 2885 414 2907 ⁸
438 2895 447 2921 2
476 2898 495 2921 1(
515 2882 643 2925 Unxit
662 2887 703 2926 te
725 2885 848 2936 Deus,
874 2887 981 2928 Deus
1012 2890 1133 2939 tuus,
1156 2889 1247 2930 oleo

212 2952 385 2993 laetitiae.
407 2968 425 2990 n
466 2953 583 2995 Unde
615 2956 658 2995 in
690 2957 861 2998 nomine
896 2958 1058 3001 Clu-ista·
1091 2960 1244 3000 intelli-

211 3022 330 3073 gitur
375 3026 552 3075 unctus,
601 3039 793 3079 ungens,
842 3031 883 3069 et
931 3042 1016 3083 quo
1050 3031 1243 3082 ungitur.

209 3093 270 3133 Ac
296 3105 370 3146 per
397 3095 478 3135 hoc
505 3096 633 3137 simul
669 3097 801 3150 Pater,
826 3099 1028 3151 Verbum,
1052 3105 1091 3142 ct
1112 3101 1244 3154 Spiri-

210 3166 294 3215 tus,
316 3166 552 3207 secundum
576 3167 678 3208 illud
699 3170 825 3212 Isctioe
856 3174 869 3196 ⁹
897 3185 905 3212 :
932 3171 1152 3224 «Spiritus
1171 3173 1247 3213 Do-

209 3235 316 3275 mini
349 3248 477 3289 super
505 3249 588 3288 me,
624 3250 673 3279 eo
704 3241 817 3292 1111011
838 3242 1010 3283 unxerit
1044 3243 1246 3285 Dominus

253 3343 259 3360 ¹
278 3343 386 3381 Jocm„
408 3350 465 3384 κν,
488 3345 537 3375 15.
557 3361 592 3366 ——
616 3344 627 3362 ²
646 3346 741 3385 Sup„
763 3350 958 3387 V1H‚10.—
978 3350 988 3367 ³
1006 3350 1111 3390 Rom„
1133 3359 1166 3390 Χ,
1192 3355 1242 3384 10.

210 3406 251 3412 -
277 3389 291 3410 ⁸
317 3391 327 3420 l
357 3390 498 3431 Cor.,1‚
525 3393 574 3424 10.
596 3409 635 3415 -
660 3393 670 3411 ⁵
691 3394 825 3431 Mami„
853 3403 930 3435 XVI,
959 3399 1007 3427 17.
1030 3415 1069 3420 —
1095 3399 1108 3419 ⁰
1131 3399 1243 3431 Closs.

210 3435 361 3468 interlin.
389 3437 424 3470 in
447 3438 536 3470 hunc
561 3439 625 3471 loe.
647 3457 687 3462 —
712 3440 724 3462 '¹
753 3442 884 3482 Ambiu,
913 3444 946 3474 in
975 3444 1065 3482 Luc„
1096 3444 1152 3477 lib.
1184 3447 1242 3488 Vl,

211 3492 246 3513 n.
270 3485 319 3514 93.
340 3502 381 3508 —
402 3486 413 3503 ⁸
432 3485 521 3517 Psal.
544 3495 638 3527 xL1V,
659 3490 688 3520 8.
706 3504 746 3512 —
766 3489 869 3529 Usa„
890 3497 960 3529 LXI,
986 3494 1014 3523 1.
1033 3509 1072 3514 —
1096 3494 1119 3514 ¹⁰
1141 3493 1241 3532 Dan„

211 3536 266 3569 ix,
289 3532 341 3562 24.
362 3549 401 3555 -
428 3533 452 3555 ¹¹
481 3534 492 3564 1
518 3534 609 3575 Cor..
634 3543 690 3576 111,
715 3538 764 3567 11.
787 3554 822 3559 —
847 3537 872 3559 12
898 3537 974 3579 lnL,
1003 3546 1098 3580 xxn,
1126 3542 1177 3573 32.
1208 3558 1243 3562 -

968 242 1251 284 EVANGELn
1283 225 1468 285 SANC'ri
1498 245 1647 288 LucAE

1337 344 1420 374 me.
1444 348 1462 371 >)
1503 333 1760 386 intelligitur
1788 345 1892 386 ergo
1923 335 2050 376 etiam
2078 338 2195 378 uncti
2229 337 2369 390 gratia

1337 415 1421 455 qua
1449 405 1647 456 ungitur,
1668 406 1707 444 et
1733 403 1920 455 dignitas
1940 405 1988 445 ad
2012 419 2140 459 quam
2162 409 2360 461 ungitur,

1337 474 1427 515 sive
1448 475 1637 515 officium
1658 475 1686 499 ¹0
1711 487 1749 512 t«
1770 473 1820 514 Et
1840 474 2066 526 impleatur
2087 477 2193 518 visio
2215 482 2254 519 ct
2273 492 2367 531 pro-

1337 543 1492 595 phetia,
1526 547 1567 585 et
1597 547 1789 596 ungatur
1827 544 2006 585 Sanctus
2039 545 2306 590 Sanctorum.
2342 564 2361 587 »

1337 613 1593 666 Intelligitur
1621 616 1749 655 etiam
1780 615 1965 666 dignitas
1993 616 2163 667 regaliS,
2192 620 2232 657 et
2265 630 2365 670 pro-

1335 685 1532 737 phetaliS,
1567 689 1608 727 et
1640 687 1928 737 sacerdotaliS,
1961 687 2192 727 secundum
2224 687 2367 740 tripli-

1335 767 1426 796 cem
1455 756 1747 797 excellentiam
1776 752 1913 808 suam,
1949 757 2104 797 scilicet
2135 757 2365 810 potestatis,

1336 827 1538 878 veritatis,
1559 830 1600 867 et
1626 828 1823 869 honitatis
1847 842 1855 868 z
1886 828 1931 868 in
1952 829 2074 880 quus
2092 827 2154 868 rei
2181 828 2368 879 figuram

1334 897 1378 937 in
1395 898 1489 949 lege
1504 899 1635 940 veteri
1654 899 1722 941 hae
1738 902 1821 941 tres
1840 910 2034 952 personae
2054 900 2367 941 consueverunt

1334 968 1507 1021 inungi.

1389 1039 1505 1081 Unde
1539 1041 1586 1081 in
1614 1041 1695 1082 hoc
1725 1042 1836 1082 clare
1870 1044 2003 1094 patet,
2026 1042 2140 1095 quod
2175 1042 2367 1083 Christus

1333 1109 1412 1151 hoc
1427 1111 1558 1152 verbo
1587 1113 1820 1154 confutavit
1847 1125 2036 1163 errores,
2059 1115 2099 1153 et
2124 1112 2272 1152 stravit
2300 1115 2364 1152 to-

1332 1177 1416 1218 tius
1434 1179 1530 1219 fidei
1551 1179 1898 1231 fundamentum,
1923 1180 2161 1221 secundum
2182 1180 2284 1220 illud
2304 1180 2329 1201 ¹¹
2353 1191 2364 1219 ε

1340 1249 1717 1290 «Fundamentum
1732 1250 1847 1291 aliud
1860 1263 1985 1291 nemo
2005 1252 2137 1302 potest
2153 1262 2323 1302 ponere.
2342 1264 2360 1287 »

1332 1319 1440 1360 Hinc
1460 1323 1520 1360 est
1539 1321 1651 1372 quod
1673 1320 1823 1361 Petrus
1844 1323 1905 1361 est
1925 1324 2120 1371 vocatus,
2143 1324 2183 1361 et
2205 1322 2243 1361 ei
2270 1333 2366 1362 con-

1332 1404 1492 1432 cessum
1527 1395 1613 1443 est,
1648 1395 1696 1433 ut
1721 1393 1772 1434 de
1801 1392 1985 1433 Ecclesia
2017 1393 2111 1445 ejus
2142 1404 2363 1445 nunquam

1331 1463 1496 1503 deficiat
1525 1475 1628 1504 vera
1657 1463 1761 1504 fides
1780 1464 1809 1485 1²
1830 1476 1839 1503 ε
1868 1479 1886 1502 (1
1905 1463 1998 1515 Ego
2025 1462 2179 1515 rogavi
2198 1474 2274 1515 pro
2294 1466 2333 1504 te
2350 1496 2359 1514 ‚

1330 1533 1474 1584 Petre,
1497 1537 1543 1574 ut
1562 1546 1647 1574 non
1666 1534 1856 1584 deficiat,
1877 1549 1896 1572 »
1922 1537 1998 1574 etc.

1383 1604 1539 1654 Quarto
1576 1617 1700 1655 vero,
1737 1607 1946 1657 quantum
1985 1605 2036 1644 ad
2075 1605 2361 1656 cognitionem

1330 1675 1521 1729 mysterii
1542 1676 1860 1727 redemptionis,
1883 1675 2079 1715 subditur
2104 1676 2170 1727 (v.
2193 1679 2239 1716 ⁶21
2258 1676 2285 1728 ):
2309 1678 2364 1718 At

1328 1746 1398 1788 ille
1417 1747 1643 1798 increpans
1661 1745 1770 1796 illos,
1791 1746 1995 1798 prcecepz‘t
2013 1757 2064 1788 ne
2080 1747 2152 1788 cui
2172 1746 2361 1789 dicerem

1327 1818 1416 1860 hoc.
1445 1818 1496 1858 Et
1524 1819 1625 1869 hoc,
1650 1818 1750 1872 quia
1783 1831 1870 1859 non
1902 1821 1991 1859 erat
2020 1823 2361 1860 consummatum

1326 1890 1629 1943 redemptionis
1671 1890 1923 1943 mysterium
1946 1921 1959 1940 ,
1994 1890 2107 1942 quod
2138 1891 2253 1942 justo
2290 1891 2362 1931 Dei

1320 1961 1481 2013 judicio
1519 1964 1608 2001 erat
1643 1961 1792 2001 mundi
1836 1961 2099 2014 principibus
2141 1962 2359 2002 occultan-

1326 2032 1442 2072 dum.
1472 2032 1590 2073 Unde
1612 2033 1671 2072 ¹³:
1703 2047 1721 2069 «
1751 2031 1987 2085 Loquimur
2008 2032 2079 2073 Dei
2108 2033 2360 2086 sapientiam

1326 2103 1371 2142 in
1386 2103 1606 2155 mysterio,
1624 2115 1722 2156 quae
1744 2103 1984 2143 abscondita
2004 2106 2113 2144 est.»
2131 2102 2356 2156 Sequitur:

1331 2189 1350 2212 <‹
1371 2173 1506 2222 Quam
1527 2185 1652 2214 nemo
1687 2173 1930 2226 principum
1963 2174 2095 2226 hujus
2125 2175 2267 2215 saeculi
2289 2188 2357 2216 00-

1326 2245 1477 2296 gnovit
1513 2259 1521 2285 ε
1556 2244 1592 2284 51
1624 2245 1739 2284 0111111
1773 2243 2100 2295 cognovissent,
2136 2257 2358 2298 nunquam

1324 2316 1551 2356 Dominum
1580 2315 1729 2367 gloriae
1759 2314 2080 2355 crucifixissent.
2105 2329 2123 2352 »
2150 2315 2262 2356 Licet
2281 2328 2358 2356 au-

1323 2389 1410 2427 tem
1442 2398 1527 2426 non
1556 2388 1663 2425 esset
1690 2385 1889 2425 omnibus
1920 2385 2247 2437 publicandum,
2270 2389 2360 2427 erat

1323 2461 1467 2498 tamen
1515 2455 1730 2509 discipulis
1780 2455 2098 2508 praedicendum
2127 2469 2136 2507 3
2188 2461 2359 2510 propter

1323 2529 1438 2582 quod
1469 2527 1637 2568 additur
1660 2527 1710 2579 (a)
1739 2526 1805 2579 (v.
1841 2526 1915 2578 202)
1939 2540 1947 2566 :
1982 2527 2134 2568 Dicens
2156 2540 2171 2566 .·
2193 2528 2359 2580 oportet

1323 2601 1464 2654 filium
1482 2600 1669 2642 hominis
1687 2598 1821 2640 multa
1839 2599 1951 2650 pati.
1974 2598 2094 2639 Ratio
2114 2602 2255 2640 autem
2274 2600 2358 2641 hu-

1316 2674 1389 2725 jus
1419 2671 1702 2725 praedictionis
1740 2670 1983 2721 assignatur
2015 2670 2082 2710 his
2122 2671 2263 2712 verbis
2290 2672 2316 2694 ¹*
2344 2685 2355 2714 ε

1324 2760 1343 2783 a
1367 2744 1488 2785 Nunc
1516 2743 1603 2784 dixi
1634 2741 1769 2792 vobis,
1791 2741 2041 2793 priusquam
2063 2742 2151 2792 fiat,
2173 2746 2235 2792 ut,
2257 2755 2356 2784 cum

1321 2817 1479 2857 factum
1498 2813 1646 2863 fuerit,
1669 2812 1861 2852 credatis.
1887 2826 1906 2849 »
1929 2811 2036 2852 Nam
2063 2812 2143 2864 ipsi
2160 2813 2355 2866 discipuli

1321 2887 1514 2928 nondum
1535 2886 1615 2925 hoc
1635 2884 1878 2937 capiebant,
1900 2883 2135 2924 secundum
2160 2885 2272 2937 quod
2290 2885 2353 2925 di—

1321 2958 1430 2999 citur
1444 2958 1472 2981 ¹5
1493 2971 1528 2997 z«
1552 2955 1794 3007 Assumpsit
1813 2956 1954 2995 autem
1974 2954 2095 2995 Jesus
2113 2955 2351 3007 duodecim,

1321 3033 1362 3071 et
1393 3029 1452 3069 ait
1484 3027 1564 3068 illis
1595 3041 1603 3068 :
1637 3026 1740 3067 Ecce
1771 3025 2052 3065 ascendimus.
2089 3039 2108 3062 1>
2141 3024 2192 3065 Et
2223 3028 2316 3078 post
2341 3041 2350 3076 3

1323 3115 1342 3140 11
1375 3100 1427 3141 Et
1458 3098 1538 3151 ipsi
1568 3098 1674 3137 nihil
1704 3097 1861 3137 horum
1892 3094 2213 3146 intellexerunt,
2236 3110 2254 3133 ›)
2282 3097 2354 3137 sed

1319 3172 1401 3212 hoc
1415 3170 1667 3222 acceperunt
1684 3170 1776 3220 post
1789 3165 2216 3207 consummationem.
2235 3166 2353 3208 Unde

1320 3242 1476 3284 dicitur
1490 3241 1598 3280 infra
1618 3240 1646 3261 ¹⁶
1669 3251 1709 3279 :«
1729 3238 1829 3279 Haec
1846 3238 1945 3277 sunt
1962 3236 2091 3277 verba
2111 3249 2207 3290 quae
2235 3238 2352 3279 ]000-

1320 3317 1387 3355 tus
1414 3325 1510 3354 sum
1539 3312 1590 3353 ad
1621 3322 1721 3361 vos,
1744 3319 1843 3350 cum
1875 3307 2013 3348 adhuc
2044 3320 2178 3349 essem
2208 3309 2349 3351 vobis·

1323 3429 1348 3450 ¹³
1372 3428 1379 3459 Ι
1404 3427 1495 3466 Cor„
1512 3433 1550 3465 n,
1567 3425 1599 3464 7,
1616 3425 1646 3455 8.
1666 3439 1707 3445 -
1729 3421 1753 3442 'b
1771 3420 1876 3455 Joan„
1895 3427 1966 3460 xiv,
1987 3422 2037 3452 29.
2056 3420 2231 3463 —151nf.‚
2249 3428 2351 3462 mm,

1321 3477 1372 3515 31,
1394 3476 1448 3506 34.
1470 3491 1505 3496 -
1527 3473 1553 3493 1ss
1577 3469 1652 3521 inf„
1677 3475 1770 3508 mv,
1791 3469 1843 3507 44,
1865 3468 1914 3498 45.

1363 3541 1404 3580 (a)
1431 3540 1511 3572 Coee.
1535 3535 1616 3568 edit.
1636 3532 1741 3566 addit.
