2587 3845
35 2837 129 2865 Malo-

0 2884 57 2905 ·um
68 2878 130 2912 plu·

0 2927 26 2947 :a
37 2918 130 2948 initia.

1057 130 1227 173 CAPUT
1251 128 1355 173 XIV.

147 233 297 272 usum,
320 234 340 258 n
361 220 438 260 etc.
463 217 723 270 Nuptiarum
753 219 1069 267 inconstantia,
1094 219 1167 258 sci-

145 292 238 331 licet
277 299 432 330 uxores
462 300 538 340 pro
569 288 788 329 voluntate
822 288 1062 340 accipiendo
1083 320 1095 339 ‚
1127 291 1167 329 et

146 359 419 412 repudiando,
441 371 539 399 cum
574 362 716 398 tamen
746 359 945 399 deberent
967 369 1054 398 esse
1083 359 1166 398 duo

142 430 185 469 iu
207 440 330 469 carne
348 441 435 469 una
454 443 464 478 3
487 429 546 468 ita
561 432 572 453 ¹
597 444 606 469 ε
628 429 779 477 «Quod
799 428 908 468 Deus
927 428 1163 480 conjunxit,

141 500 269 540 homo
288 512 375 540 non
395 502 571 552 separet.
595 515 614 537 »
660 499 931 541 Inorclz‘natz‘o
952 500 1164 550 moeclzz'oe,

142 570 184 611 id
201 572 276 621 θεῖ,
296 570 491 610 adulterii
509 573 656 611 contra
675 570 864 610 ordinem
883 569 1164 620 matrimonii,

142 642 286 680 contra
320 641 433 692 quod
453 641 466 662 ²
502 655 510 681 ε
543 655 562 677 c<
597 639 691 680 Non
725 639 1038 689 moechaberis;
1080 654 1098 677 υ
1129 644 1168 682 ec

141 710 425 762 impudicitiae
440 741 450 761 ‚
487 710 530 750 id
550 712 613 750 θεῖ
629 741 640 760 ,
662 709 949 749 fornicationis
977 740 986 749 .
1021 712 1167 749 contra

141 781 331 833 qu0d³5a
350 779 443 821 Non
455 780 499 819 in
519 779 752 829 cubilibus,
776 781 817 819 et
834 779 1122 831 impudicitiis.
1141 793 1160 816 ›>

194 853 260 891 27.
303 850 586 902 Infandorum
601 880 611 894 ,
646 851 725 889 etc.
755 863 763 890 :
798 849 868 889 hic
905 850 1138 889 ostenditur
1153 881 1164 900 ,

141 921 254 974 quod
272 920 508 961 idololatria
529 922 592 960 est
622 931 746 960 causa
765 919 897 971 hujus
929 920 1165 972 corruptio-

141 992 221 1032 nis.
241 990 293 1032 Et
305 991 442 1044 primo
461 991 664 1041 ostendit,
685 1002 770 1043 quo
789 990 916 1030 modo
936 990 1168 1030 idololatria

142 1064 203 1103 est
229 1071 354 1102 causa
372 1061 566 1102 omnium
602 1061 814 1101 malorum
836 1060 880 1100 in
910 1060 1164 1110 idololatris;

142 1131 324 1173 secundo
372 1133 545 1183 propter
582 1130 685 1182 quid
712 1161 722 1180 ,
760 1130 960 1182 quoniam
998 1133 1169 1183 propter

142 1213 260 1253 spem
272 1201 533 1253 impunitatis
548 1215 556 1240 ε
575 1201 682 1241 Dum
695 1201 805 1242 enim
817 1200 1056 1251 confidunt,
1071 1203 1166 1251 etc.;

141 1271 266 1311 tertio
285 1271 463 1311 ostendit
482 1270 595 1322 quod
614 1270 694 1310 hoc
713 1270 851 1323 ipsum
871 1273 932 1309 est
960 1271 1018 1309 eis
1040 1282 1166 1310 causa

141 1340 374 1393 punitionis
395 1353 404 1379 :
436 1339 615 1391 Utraque
629 1369 640 1387 ,
660 1343 756 1388 etc.;
783 1342 935 1392 quarto
955 1340 1136 1379 ostendit
1156 1370 1165 1389 ,

142 1421 239 1462 quae
259 1409 312 1449 sit
331 1409 402 1449 illa
421 1410 608 1462 punitio,
631 1409 789 1448 scilicet
810 1422 931 1449 casus
957 1413 997 1450 et
1017 1410 1166 1462 praeci-

141 1480 287 1535 pitatio
303 1480 348 1520 in
368 1480 450 1520 alia
469 1482 637 1532 peccata
659 1492 668 1520 :
698 1479 791 1521 Non
818 1481 956 1530 enim,
986 1483 1062 1521 ete.
1094 1483 1170 1522 In-

141 1550 398 1602 sanderum,
422 1552 500 1590 etc.
524 1549 584 1589 Ita
610 1550 719 1599 dixi,
749 1550 862 1602 quod
889 1552 952 1590 tot
985 1552 1024 1590 et
1054 1553 1171 1591 tanta

143 1621 255 1662 mala
271 1620 430 1661 faciunt
466 1619 697 1660 idololatrae
719 1634 727 1660 :
753 1620 1033 1671 infandorum
1056 1622 1170 1662 enirn

143 1692 379 1742 idolorum,
408 1691 451 1731 id
480 1693 563 1740 est,
585 1691 888 1741 nefandorum,
911 1692 953 1731 id
983 1695 1069 1742 est,
1100 1705 1171 1733 no-

144 1763 374 1804 minatione
424 1763 701 1814 indignorum
730 1794 744 1812 ,
785 1763 1018 1803 secundum
1066 1764 1170 1804 illud

146 1834 305 1876 Psalmi
338 1834 353 1856 ⁴
399 1848 408 1874 ε
449 1849 468 1872 ε(
503 1833 587 1874 Nec
626 1845 790 1874 memor
827 1846 899 1874 ero
947 1835 1171 1875 nominum

146 1916 295 1945 eorum
323 1915 398 1956 per
422 1904 534 1944 labia
567 1915 680 1953 mea3
716 1917 734 1941 n
763 1904 1041 1954 infandorum
1062 1937 1074 1954 ,
1110 1906 1171 1944 iu-

147 1986 276 2027 quam
290 2006 301 2025 ,
323 1973 533 2016 idolorum
553 1973 723 2016 cultura
742 1976 880 2016 omnis
901 1976 1068 2016 malicia
1087 1979 1169 2026 est,

146 2044 300 2084 scilicet
319 2056 394 2097 per
412 2044 647 2084 intellectus
666 2045 1018 2096 excaecationem,
1043 2048 1082 2085 et
1101 2058 1173 2086 vo-

145 2113 319 2155 luntatis
338 2114 685 2164 subversionem;
713 2118 751 2157 et
778 2115 984 2166 inicium,
1016 2116 1172 2156 scilicet

146 2197 222 2237 per
238 2184 375 2238 operis
394 2185 707 2226 inchoationem
727 2199 738 2237 ;
760 2190 799 2228 et
818 2187 922 2237 sinis
938 2217 949 2236 ,
971 2198 1045 2238 per
1064 2188 1099 2239 ej
1108 2200 1173 2227 us-

146 2255 242 2296 dem
277 2255 601 2308 completionem
640 2271 648 2297 :
691 2257 801 2297 sicut
832 2257 936 2297 fides
965 2260 1005 2297 et
1034 2257 1173 2298 cultus

146 2325 218 2367 Dei
236 2337 360 2366 causa
375 2328 438 2366 est
458 2327 599 2366 omnis
617 2327 716 2367 boni
735 2358 744 2376 ‚
763 2329 810 2366 ut
830 2327 979 2379 probat
999 2327 1173 2380 Aposto-

146 2396 214 2436 lus
235 2396 309 2448 qui
330 2396 390 2435 ait
407 2396 420 2418 ⁵
442 2410 450 2435 :
481 2410 500 2434 «
519 2396 639 2436 Fides
658 2399 720 2436 est
746 2397 1051 2448 sperandarum
1072 2398 1173 2437 sub-

147 2464 300 2506 stantia
310 2478 473 2506 rerum.
489 2480 507 2503 n
526 2465 606 2506 Sed
625 2469 768 2506 contra
785 2467 822 2506 ⁶:
852 2481 871 2503 <‹
893 2466 1065 2506 Initium
1081 2480 1171 2508 om-

148 2536 215 2576 nis
234 2535 405 2588 peccati,
421 2535 631 2588 superbia.
652 2550 671 2572 >³
699 2535 804 2576 Item
820 2536 833 2557 '¹
858 2551 866 2577 :
899 2551 918 2575 (‹
937 2536 1071 2577 Radix
1087 2550 1174 2578 om-

148 2605 271 2646 nium
307 2605 546 2655 malorum,
586 2605 793 2658 cupiditas
824 2620 833 2646 :
866 2621 885 2643 ›>
924 2607 1034 2647 male
1067 2620 1173 2658 ergo

149 2675 301 2716 dicitur
317 2675 409 2726 hic,
429 2675 541 2728 quod
560 2676 754 2716 omnium
773 2676 982 2717 malorum
1003 2678 1172 2718 initium

149 2747 210 2786 est
228 2745 464 2785 infidelitas.
487 2744 716 2785 Dicendum
730 2776 743 2796 ,
766 2746 879 2798 quod
907 2758 993 2786 non
1019 2750 1081 2787 est
1102 2747 1172 2787 in-

150 2816 402 2857 conveniens
421 2815 545 2868 plura
570 2828 659 2856 esse
688 2816 809 2856 initia
842 2817 1054 2857 malorum
1073 2849 1083 2867 ‚
1107 2831 1173 2859 se-

150 2886 334 2928 cundum
354 2886 540 2928 diversos
559 2890 793 2939 respectus,
817 2886 925 2927 sicut
952 2888 1079 2928 unius
1111 2888 1173 2928 rei

150 2960 248 2999 sunt
264 2959 445 3010 quatuor
465 2969 625 3008 causae,
647 2957 802 2998 scilicet
824 2957 1022 3008 efficiens,
1046 2961 1174 2998 mate-

150 3027 282 3078 rialis,
305 3029 398 3079 etc„
420 3029 461 3068 et
488 3028 631 3067 tamen
662 3027 782 3067 initia
809 3027 853 3067 in
882 3039 968 3068 uno
989 3040 1145 3080 genere
1160 3060 1171 3080 ,

151 3097 249 3149 quia
268 3109 322 3138 ex
342 3100 456 3151 parte
478 3097 692 3138 rationalis
712 3098 958 3150 infidelitas,
978 3111 1032 3140 ex
1057 3102 1174 3152 parte

152 3168 482 3220 concupiscibilis
503 3169 729 3222 cupiditas,
752 3180 806 3209 ex
832 3171 950 3222 parte
982 3169 1172 3211 irascibi-

151 3234 203 3276 lis
221 3238 428 3289 superbia.

197 3342 203 3359 ¹
224 3341 355 3383 Manli„
372 3350 445 3384 xlx,
463 3346 494 3376 6.
511 3360 550 3369 -
566 3344 578 3364 ²
596 3344 719 3385 Exod„
739 3351 797 3385 xx,
817 3345 866 3377 14.
883 3361 922 3368 —
940 3345 954 3367 ³
974 3345 1075 3386 Rom„
1095 3353 1173 3386 xm,

154 3389 204 3421 13.
225 3405 264 3413 —
282 3389 293 3408 ⁴
315 3389 405 3422 Psal.
422 3397 480 3433 xv,
499 3394 532 3424 4.
547 3408 587 3417 -
605 3393 616 3411 ⁵
635 3391 748 3433 Helm,
774 3400 829 3434 xl,
849 3394 880 3425 5.
904 3409 944 3416 —
963 3393 976 3414 ⁶
994 3392 1112 3432 Eccli„
1135 3401 1170 3433 x,

2191 141 2267 180 103

1297 221 1362 260 28.
1396 220 1483 261 Aut
1502 219 1615 261 enim
1644 220 1746 261 dunt
1766 221 1990 273 laetantur,
2013 223 2269 279 insaniunt,-

1240 290 1411 330 Glossa:
1442 305 1460 328 c<
1480 289 1528 330 In
1558 291 1672 330 festis
1700 294 1740 331 et
1770 292 1902 341 ludis,
1921 307 1940 330 ›)
1965 296 2005 333 et
2036 294 2117 334 hoc
2136 307 2268 348 quan-

1238 362 1331 399 tum
1369 360 1421 400 ad
1449 360 1610 399 malum
1641 361 1686 400 in
1716 361 1934 403 affectione
1961 378 1971 413 ;
2009 366 2264 416 insaniunt,

1240 430 1362 480 dicit,
1385 430 1485 482 quia
1511 431 1656 471 laetitia
1687 431 1965 483 irrationalis,
1987 434 2151 475 insania
2182 439 2266 486 θεῖ,

1240 499 1345 538 sicut
1373 499 1485 538 risus
1513 499 1829 540 hoereticorum.
1852 501 1969 543 Unde
1988 507 2001 528 ⁸
2025 518 2034 544 ε
2064 518 2083 542 <‹
2104 504 2269 545 Insania

1239 569 1284 608 in
1303 569 1427 609 domo
1448 569 1518 608 Dei
1538 571 1645 621 ejus.
1678 585 1697 608 ›)
1717 571 1806 613 Aut
1834 576 1939 614 certe
1967 575 2269 618 vaticinantur

1241 639 1351 690 salsa
1376 670 1388 688 ,
1429 638 1585 678 scilicet
1616 639 1719 680 falso
1749 642 2052 693 prophetando.
2100 644 2152 684 Et
2188 645 2270 685 hoc

1240 712 1446 761 quantum
1478 709 1530 749 ad
1565 709 1726 749 malum
1764 713 2052 764 cogitationis,
2085 715 2197 756 unde
2216 720 2230 740 ⁹
2256 730 2265 755 ε

1246 796 1265 819 <‹
1286 781 1368 821 Ero
1394 781 1566 833 spiritus
1590 782 1774 822 mendax
1800 783 1845 823 in
1872 796 1945 825 ore
1965 785 2157 826 omnium
2176 799 2270 840 pro-

1240 851 1481 903 phetarum.
1516 866 1534 888 n
1565 852 1652 893 Aut
1689 853 1845 896 vivunt
1883 855 2041 906 injuste
2064 888 2077 906 ,
2111 859 2152 897 et
2192 857 2272 899 hoc

1240 924 1451 974 quantum
1476 921 1527 962 ad
1554 922 1717 962 malum
1745 925 2075 966 conversationis
2088 926 2116 948 ¹0
2138 939 2178 967 z«
2197 927 2276 967 Im-

1240 992 1336 1044 pius
1357 992 1492 1032 multo
1513 994 1703 1045 tempore
1726 993 1837 1034 vivit
1864 994 1909 1034 in
1929 995 2106 1036 malitia.
2137 1010 2156 1034 ›>
2185 997 2273 1039 Aut

1237 1062 1333 1115 perj
1339 1066 1482 1113 urant,
1503 1063 1544 1103 id
1564 1066 1645 1112 est,
1663 1065 1874 1116 pejerant,
1891 1067 1930 1105 et
1949 1065 2031 1105 hoc
2048 1069 2272 1118 peccatum

1241 1132 1467 1174 locutionis
1494 1147 1503 1173 ε
1527 1133 1608 1175 cilo
1627 1163 1638 1181 ‚
1658 1133 1701 1174 id
1732 1136 1818 1185 est,
1854 1135 1904 1175 de
1938 1135 2072 1186 facili,
2102 1138 2274 1189 propter

1242 1203 1398 1243 malam
1420 1215 1543 1242 suam
1564 1204 1935 1255 consuetudinem,
1956 1209 2128 1258 propter
2154 1208 2272 1259 quod

1243 1273 1395 1314 dicitur
1410 1273 1434 1295 ¹¹
1452 1286 1492 1313 :a
1504 1272 1520 1313 J
1530 1274 1711 1313 urationi
1729 1286 1816 1315 non
1831 1279 2042 1316 assuescat
2056 1288 2102 1317 os
2115 1280 2239 1318 tuum
2254 1291 2264 1318 z

1242 1343 1365 1384 multi
1387 1344 1500 1383 enim
1520 1356 1643 1383 casus
1663 1345 1708 1384 in
1728 1343 1813 1385 issa.
1837 1360 1856 1382 >³

1296 1415 1361 1453 ⁶29.
1404 1416 1513 1454 Dum
1547 1414 1593 1465 (b)
1631 1414 1744 1455 enim,
1779 1415 2001 1467 confidunt
2040 1417 2089 1457 in
2127 1417 2274 1468 idolis,

1243 1495 1339 1535 qzcae
1355 1484 1448 1524 sine
1480 1485 1770 1534 animasum,
1804 1485 1942 1536 quoad
1977 1485 2132 1537 vitam,
2166 1487 2276 1529 Male

1237 1554 1454 1604 jurantes,
1475 1554 1630 1594 scilicet
1656 1567 1709 1594 ex
1730 1558 1847 1607 parte
1868 1556 1944 1606 rei,
1967 1569 2097 1609 quam
2110 1559 2274 1610 Jurant,

1243 1625 1355 1676 quod
1374 1625 1540 1674 salsum,
1558 1627 1704 1665 eontra
1723 1625 1825 1665 illud
1847 1627 1875 1649 ¹²
1900 1641 1908 1667 :
1935 1642 1953 1664 (ι
1972 1627 2152 1679 Jurabis,
2172 1629 2279 1670 vivit

1244 1694 1473 1744 Dominus,
1507 1695 1550 1733 in
1570 1695 1774 1745 veritate,
1816 1699 1856 1735 et
1892 1696 1938 1736 in
1966 1698 2142 1749 judicio,
2165 1702 2205 1740 et
2232 1700 2276 1740 in

1239 1765 1428 1817 justitia:
1453 1780 1471 1801 »
1498 1765 1649 1807 Noeerz'
1680 1776 1766 1806 non
1799 1770 1996 1817 sperant,
2025 1767 2067 1808 id
2087 1771 2169 1819 est,
2190 1782 2277 1810 non

1244 1835 1407 1875 timent.
1432 1835 1513 1876 Sed
1529 1836 1741 1888 quomodo
1760 1849 1847 1877 non
1871 1837 2036 1888 timent,
2063 1851 2159 1878 cum
2186 1852 2276 1880 esse

1245 1916 1368 1945 veros
1389 1905 1488 1945 deos
1521 1906 1717 1945 credant?
1748 1906 2004 1957 Dicendum,
2038 1909 2152 1960 quod
2180 1910 2277 1950 licet

1245 1975 1358 2027 ipsos
1379 1974 1477 2014 deos
1493 1974 1644 2025 colant,
1668 1988 1754 2016 non
1774 1979 1918 2016 tamen
1938 1977 1997 2017 eis
2024 1978 2162 2019 inesse
2181 1992 2273 2020 om-

1245 2045 1526 2097 nipotentiam
1545 2048 1712 2098 putant.
1728 2045 1804 2087 Vel
1826 2059 1912 2088 non
1932 2048 2109 2090 credunt
2123 2082 2134 2100 ,
2165 2052 2279 2104 quod

1246 2118 1415 2168 peccata
1437 2116 1668 2156 hominum
1715 2117 1908 2168 puniant.
1945 2117 1997 2158 Et
2034 2131 2183 2162 revera
2219 2123 2280 2163 eis

1246 2199 1330 2227 non
1351 2190 1526 2239 possunt
1543 2199 1709 2236 nocere,
1727 2191 1897 2240 propter
1917 2189 2030 2240 quod
2050 2190 2204 2232 dicitur
2223 2192 2277 2234 13;

1253 2256 1425 2298 «Nolite
1446 2257 1595 2297 timere
1626 2258 1716 2308 illa,
1740 2272 1759 2295 »
1793 2258 1948 2299 scilicet
1980 2259 2115 2312 idola,
2141 2277 2161 2300 c(
2182 2264 2283 2316 quia

1246 2340 1322 2368 nec
1359 2328 1491 2378 male⁷
1532 2340 1610 2368 nec
1635 2328 1743 2368 bene
1774 2332 1951 2380 possunt
1982 2330 2132 2372 facere.
2154 2347 2174 2371 ›)
2200 2332 2280 2375 Sed

1247 2400 1391 2437 tamen
1412 2410 1436 2437 a
1457 2397 1541 2437 Deo
1562 2397 1793 2449 punientur
1812 2411 1888 2450 pro
1902 2403 2071 2451 peccato
2087 2404 2277 2454 perjurii.

1248 2466 1365 2507 Unde
1393 2467 1585 2519 sequitur
1619 2467 1676 2517 (v.
1712 2469 1808 2517 30):
1842 2468 2021 2520 Utraque
2060 2481 2155 2523 erqo
2192 2473 2280 2516 illis

1249 2537 1469 2586 evenient,
1502 2535 1657 2576 scilicet
1687 2536 1848 2576 malum
1869 2537 2026 2590 culpae,
2046 2541 2146 2592 quia
2171 2543 2280 2584 male

1243 2608 1390 2658 Jurare
1416 2606 1722 2659 permittuntur
1736 2620 1746 2655 3
1771 2609 1812 2646 et
1834 2607 1995 2648 malum
2012 2622 2163 2663 poenae,
2180 2614 2281 2665 quia

1248 2679 1418 2728 propter
1449 2676 1529 2716 hoc
1554 2675 1801 2728 punientur.
1834 2677 2066 2730 Evenient,
2087 2681 2278 2735 inquam,

1249 2746 1392 2799 diane,
1414 2746 1568 2786 scilicet
1586 2758 1664 2798 pro
1681 2746 1840 2786 meritis
1849 2761 1858 2796 ;
1887 2749 2000 2789 unde
2017 2749 2044 2771 ¹⁴
2065 2765 2073 2791 :
2095 2766 2114 2789 ε(
2134 2752 2212 2801 Qui
2235 2754 2280 2795 in

1249 2817 1444 2856 sordibus
1477 2819 1558 2866 est,
1598 2817 1807 2857 sordescat
1837 2817 1989 2860 adhuc.
2016 2834 2036 2857 »
2073 2822 2281 2870 Quoniam

1248 2886 1355 2927 male
1388 2891 1611 2928 senserunt
1640 2886 1690 2928 de
1720 2887 1804 2929 Deo
1837 2889 2097 2933 attendentes
2132 2893 2276 2946 idolis,

1248 2956 1289 2995 id
1310 2958 1386 3006 est,
1408 2957 1603 2998 divinum
1623 2957 1784 2997 cultum
1811 2958 1870 2998 eis
1899 2960 2139 3013 tribuendo,
2161 2967 2276 3018 peje-

1248 3030 1345 3067 rant
1369 3039 1443 3080 per
1464 3027 1639 3068 idolum.
1674 3028 1730 3070 Ec
1758 3027 1920 3079 inJ'usce
1945 3030 2200 3081 jnraverunt
2230 3038 2278 3078 z'n

1249 3098 1362 3141 idolo
1382 3101 1685 3142 contemnentes
1705 3099 1949 3153 justitiam,
1972 3104 2127 3146 scilicet
2158 3107 2278 3149 illici-

1250 3194 1299 3223 15.
1319 3210 1360 3216 --
1381 3194 1389 3212 ⁷
1410 3194 1420 3224 l
1444 3194 1540 3234 Tim,
1561 3196 1684 3234 vr,10.
1708 3211 1748 3217 —
1767 3194 1780 3216 ⁸
1800 3195 1871 3234 Ose,
1898 3203 1953 3234 lx,
1974 3199 2005 3229 8.
2025 3215 2066 3222 —
2085 3200 2096 3218 ⁰
2117 3201 2160 3232 111
2182 3203 2274 3243 Ress„

1247 3247 1341 3279 xxn,
1363 3242 1414 3271 22.
1436 3258 1476 3264 —
1503 3242 1530 3263 ¹0
1549 3241 1670 3282 Eccle.‚
1697 3248 1763 3280 v11,
1793 3244 1841 3274 16.
1864 3259 1903 3265 —
1925 3244 1946 3261 ¹¹
1968 3245 2085 3286 Eccli„
2112 3255 2218 3288 xxm,
2250 3251 2281 3282 9.

1249 3303 1288 3309 —
1311 3287 1338 3308 ¹2
1354 3287 1487 3328 Jerem„
1519 3295 1565 3328 Ν,
1594 3289 1625 3320 2.
1643 3304 1683 3311 -
1711 3288 1735 3309 ¹³
1760 3289 1895 3329 Jerem„
1922 3296 1964 3330 x,
1988 3293 2018 3322 5.
2046 3309 2088 3316 --
2117 3294 2140 3315 ¹¹·
2163 3295 2279 3336 apoc„

1247 3341 1336 3375 xxu,
1355 3338 1407 3367 11.

1294 3393 1344 3433 ta)
1367 3393 1452 3427 Edit.
1479 3395 1566 3427 Ven.
1588 3394 1683 3426 Cum,
