2634 3853
348 257 427 297 612

346 344 499 386 dicitur
519 346 530 367 ¹
557 338 671 394 quod
696 337 809 378 filius
836 334 971 374 Abobi
996 333 1093 373 fecit
1124 332 1372 374 convivium

347 423 557 465 magnum
583 408 742 451 Simoni
766 420 774 446 ε
798 408 839 445 01
863 415 960 445 011111
986 403 1219 444 inebriatus
1246 404 1369 452 esset,

347 483 496 525 occidit
524 493 623 523 eum
653 482 694 520 et
722 478 826 519 duos
858 475 966 516 filios
1001 476 1106 526 ejus.
1141 474 1211 514 Est
1245 474 1373 514 etiam

347 555 593 597 convivium
618 552 780 591 bonum
806 547 981 599 triplex,
1011 545 1165 585 scilicet
1193 546 1368 594 bonum,

346 626 521 675 melius,
553 626 594 663 et
620 620 846 674 optimum.
875 617 1066 657 Primum
1095 618 1156 655 est
1185 614 1369 667 pietatis,

345 697 396 738 de
427 706 512 748 quo
547 692 656 733 infra
685 692 699 713 ¹
732 705 741 730 ι
778 704 796 728 α
829 688 933 729 Cum
969 686 1068 727 facis
1098 685 1371 731 convivium,

345 777 450 807 voca
479 773 685 817 pauperes
710 763 751 801 et
774 759 930 800 debiles
945 790 956 808 ,
979 772 998 795 n
1023 759 1101 798 etc.
1128 755 1373 797 Secundum

344 840 406 878 est
424 833 654 884 charitatis,
677 832 728 873 de
746 842 831 884 quo
855 831 903 871 in
926 828 1114 870 Caniicis
1131 828 1144 849 ³
1167 842 1175 867 :
1197 843 1215 865 (ι
1230 826 1373 868 Come-

344 907 442 957 dite,
464 905 604 955 amici,
628 906 668 944 et
687 902 837 952 bibite,
857 902 896 940 et
917 898 1201 939 inebriamini.
1225 912 1244 935 »
1271 896 1374 938 Ter-

343 978 452 1018 tium
492 978 554 1017 est
589 973 796 1016 felicitatis
831 972 844 993 ¹·
885 986 893 1011 :
934 986 953 1009 «
993 970 1132 1011 Faciet
1169 969 1372 1009 Dominus

343 1049 610 1091 exercituum
631 1044 830 1087 omnibus
858 1041 1025 1096 populis
1051 1041 1095 1080 in
1120 1042 1265 1080 monte
1291 1039 1374 1080 hoe

343 1119 588 1162 convivium
630 1114 888 1170 pinguium,
928 1111 1176 1153 convivium
1221 1109 1371 1150 vinde-

342 1191 466 1239 miae,
500 1188 731 1242 pinguium
761 1183 1110 1233 medullatorum,
1144 1181 1372 1222 vindemiae

342 1260 569 1301 defaecatae.
590 1272 609 1296 »
636 1258 830 1299 Primum
853 1254 1120 1304 convivium,
1143 1252 1185 1293 id
1214 1254 1276 1293 est
1306 1252 1371 1292 111-

342 1330 562 1381 differens,
596 1327 878 1382 permittitur3
911 1324 1168 1374 secundum,
1205 1323 1247 1363 id
1286 1324 1371 1373 est,

342 1401 449 1442 illud
468 1401 647 1450 malum,
663 1397 938 1452 prohibetur3
961 1395 1139 1436 tertium
1160 1405 1261 1436 vero
1281 1405 1374 1434 sua-

344 1472 482 1514 detur.

397 1542 537 1584 Tertio
551 1573 561 1593 ,
584 1541 794 1594 quantum
814 1538 867 1579 ad
887 1537 1093 1578 rationem
1116 1535 1373 1588 persuaden-

344 1617 450 1665 tem,
474 1612 616 1653 subdit
637 1625 646 1652 ε
669 1611 728 1653 Ne
753 1611 858 1661 forie
885 1611 920 1650 te
949 1610 988 1649 et
1011 1607 1100 1659 ipsi
1127 1607 1372 1656 reinvitent,

345 1690 383 1730 et
403 1686 483 1737 fiai
504 1685 585 1727 tibi
606 1683 843 1725 retributio.
873 1680 979 1728 Quia
1010 1679 1085 1731 qui
1119 1690 1248 1730 opera
1277 1677 1375 1718 facit

344 1769 421 1810 pro
450 1759 619 1797 terrena
639 1752 851 1801 mercede,
873 1761 960 1790 non
982 1749 1110 1789 habet
1137 1748 1219 1788 nisi
1242 1749 1374 1788 terre-

343 1840 445 1869 nam
492 1826 812 1868 retributionem
851 1825 892 1863 et
936 1820 1229 1873 temporalem.
1270 1818 1377 1860 Nam

346 1911 506 1941 merces
535 1900 693 1940 aeterna
718 1895 1005 1936 commutatur
1028 1891 1074 1931 in
1100 1890 1378 1943 temporalem

346 1984 422 2026 per
441 1982 632 2013 amorem
654 1966 807 2020 gloriae
827 1965 839 1987 ⁵
871 1979 879 2005 :
907 1978 926 2003 α
945 1962 1152 2004 Attendite
1175 1973 1228 2001 ne
1247 1962 1374 2014 ,111511-

343 2043 448 2084 tiam
475 2044 660 2083 vestram
688 2037 847 2079 faciatis
873 2047 1017 2076 coram
1042 2033 1312 2084 hominihus,
1332 2037 1379 2074 ut

345 2111 575 2157 videamini
604 2111 656 2152 ab
687 2110 765 2160 eis,
798 2106 989 2160 alioquin
1022 2104 1261 2145 mercedem
1293 2116 1379 2145 non

345 2182 555 2225 habebitis
575 2180 685 2234 apud
705 2182 868 2232 patrem
887 2179 1094 2226 vestrum,
1111 2175 1185 2227 qui
1202 2175 1246 2215 in
1264 2175 1379 2216 coelis

347 2258 424 2297 est.
445 2270 464 2294 1)
491 2253 609 2295 Unde
634 2252 685 2293 de
707 2249 941 2303 hypocritis
961 2248 1112 2289 dicitur
1131 2247 1143 2268 ⁰
1168 2261 1177 2287 ε
1205 2247 1381 2287 «Amen

347 2328 439 2368 dico
468 2325 609 2374 vohis,
636 2322 889 2373 receperunt
918 2318 1156 2359 mercedem
1184 2329 1328 2367 suam,
1355 2332 1374 2354 n

347 2410 425 2452 pro
452 2407 596 2438 amore
622 2391 892 2435 terrenitatis.
921 2389 1038 2430 Unde
1059 2401 1185 2441 super
1207 2389 1311 2430 illud
1331 2389 1344 2410 ⁷
1368 2404 1377 2428 :

354 2485 373 2508 (1
392 2467 645 2510 Timuerunt
663 2462 906 2505 obstetrices
928 2460 1077 2511 Deum,
1097 2463 1138 2500 et
1157 2459 1382 2500 aedificavit

349 2540 430 2581 illis
465 2539 634 2587 domos,
663 2550 682 2574 »
721 2534 820 2575 dicit
853 2531 996 2572 Glossa
1026 2530 1140 2583 quod
1173 2545 1192 2568 c(
1222 2541 1382 2570 merces

351 2613 510 2653 aeterna
539 2609 622 2649 illis
651 2607 697 2647 in
727 2603 1004 2657 temporalem
1033 2603 1291 2643 commutata
1320 2604 1383 2643 est

352 2695 430 2738 pro
461 2692 607 2723 amore
632 2675 897 2720 carnalitatis.
926 2688 945 2712 ›>
984 2674 997 2695 ⁸
1023 2688 1042 2711 <‹
1063 2672 1142 2722 Qui
1168 2674 1281 2713 amat
1303 2684 1383 2725 pa-

354 2760 464 2796 trem
493 2755 568 2794 aut
598 2753 777 2792 matrem
806 2747 901 2800 plus
932 2756 1062 2798 quam
1088 2755 1176 2793 me,
1207 2754 1296 2783 non
1322 2745 1385 2783 est

354 2837 424 2866 me
449 2822 623 2876 dignus.
647 2835 666 2859 ))
692 2820 745 2861 Et
772 2819 854 2859 hoc
883 2819 964 2866 est,
996 2814 1119 2868 quia,
1148 2813 1255 2854 sicut
1281 2812 1386 2854 dici-

354 2898 426 2937 tur
452 2899 489 2946 ⁹,
522 2909 542 2933 (1
572 2903 698 2934 1101110
729 2890 864 2943 potest
891 2886 1056 2928 duobus
1087 2884 1268 2926 dominis
1297 2896 1385 2925 ser-

354 2967 462 3007 vire.
489 2980 508 3003 n
541 2964 591 3005 Et
622 2976 633 3003 t
670 2977 689 3000 (t
719 2960 902 3002 Intentio
934 2956 1051 3010 operi
1082 2958 1177 3005 tuo,
1207 2957 1254 2996 ut
1285 2955 1386 2996 dicit

355 3035 621 3084 Ambrosius,
644 3043 802 3073 nomen
820 3028 1015 3082 imponit.
1036 3040 1055 3064 1)
1082 3026 1177 3066 ldeo
1195 3025 1268 3078 qui
1287 3025 1385 3065 facit

356 3120 447 3149 rem
469 3118 547 3160 pro
567 3103 760 3145 mercede
778 3098 1014 3153 temporali,
1035 3097 1258 3137 fraudatur
1278 3108 1386 3137 mer-

357 3178 456 3220 cede
482 3178 663 3225 aeterna,
689 3173 789 3226 quia
813 3171 921 3212 nulli
951 3168 1068 3222 operi
1097 3168 1273 3208 debetur
1299 3179 1382 3208 coe-

357 3249 463 3299 lum,
479 3247 592 3301 quod
614 3245 661 3286 fit
685 3246 856 3296 propter
872 3240 1098 3281 mundum.
1123 3237 1204 3279 Sed
1222 3240 1380 3289 contra,

400 3356 410 3377 ¹
433 3355 444 3386 1
465 3353 589 3391 Maclz„
608 3358 683 3391 xvi,
711 3351 761 3380 15.
786 3365 815 3370 -
851 3348 862 3366 ²
886 3347 962 3387 1111,
985 3354 1017 3384 ν,
1046 3346 1095 3377 13.
1119 3361 1154 3366 —-
1177 3343 1190 3364 ³
1215 3343 1325 3383 Cant„
1352 3351 1383 3384 v,

358 3405 387 3434 1.
410 3419 446 3425 —
467 3401 580 3440 ⁴1sa ,
599 3405 680 3438 xxv,
701 3398 732 3428 6.
755 3412 796 3418 —-
816 3395 826 3413 ⁵
846 3393 979 3433 Mami.7
1004 3400 1055 3430 VI,
1080 3395 1109 3423 1.
1130 3408 1169 3413 -
1193 3391 1204 3408 ⁰
1230 3390 1326 3430 thid„
1352 3394 1383 3422 2.

355 3466 396 3472 —
416 3448 428 3470 ⁷
451 3447 573 3486 Exod„
600 3453 629 3486 Ι,
651 3446 701 3477 17.
724 3459 759 3465 ——
780 3441 794 3464 ⁸
816 3441 952 3479 Mattlz„
970 3449 1012 3478 x,
1036 3440 1085 3469 37.
1112 3454 1152 3461 —
1178 3438 1190 3455 ⁹
1212 3437 1308 3478 thid„
1334 3446 1382 3476 VI,

354 3497 406 3528 24·
425 3494 538 3524 -101
564 3492 726 3532 Tim.,1v‚
746 3491 778 3520 8.
799 3488 881 3511 —-¹¹
904 3485 1106 3524 Mattl1.,v1,
1127 3485 1236 3515 33.-
1259 3485 1383 3523 ¹21nf.‚

353 3550 429 3582 xvi,
456 3543 507 3573 25.
534 3539 624 3564 --13
648 3540 727 3576 1sa.‚
750 3543 857 3574 Lvni,
880 3535 911 3565 7.
935 3550 976 3557 —
1002 3533 1027 3554 ¹⁴
1055 3532 1167 3569 Deus„
1192 3539 1247 3570 xv,
1272 3534 1320 3562 Μ.
1341 3549 1381 3554 -

1075 242 1358 286 EVANGELH
1388 230 1574 282 SANGTI
1605 240 1754 282 LUCAE

1447 342 1495 369 ea
1523 340 1620 381 quae
1647 331 1816 382 propter
1839 329 1973 369 Deum
2000 330 2129 379 fiunt,
2160 331 2340 381 utraque
2359 338 2471 368 mer-

1448 400 1545 441 cede
1572 401 1702 453 digna
1730 404 1849 450 sunt3
1884 400 1997 441 unde
2025 399 2177 440 dicitur
2198 402 2229 424 ¹⁰
2252 413 2260 438 :
2290 414 2309 437 «
2334 397 2473 439 Pietas

1447 471 1497 511 ad
1531 471 1672 511 omnia
1704 471 1820 511 utilis
1850 473 1911 511 051
1923 497 1942 520 ,-
1966 469 2288 522 promissionem
2314 469 2475 509 habens
2538 499 2553 512 κ

1447 541 1561 591 vitae,
1584 554 1681 594 quae
1700 553 1814 582 nunc
1834 544 1910 592 est,
1933 543 1974 581 et
1993 541 2165 581 futurae.
2188 553 2206 577 >³
2234 539 2284 580 Et
2304 540 2396 580 ideo
2416 539 2474 579 di-

1449 614 1567 653 cebat
1587 613 1794 654 Dominus
1819 615 1844 635 ¹¹
1873 628 1882 654 ε
1911 629 1930 652 α
1957 612 2141 662 Quaerite
2160 612 2348 665 primum
2373 624 2476 664 reg-

1446 696 1553 724 num
1579 684 1672 736 Dei,
1702 688 1742 726 et
1765 685 1976 738 Justitiam
2002 686 2116 736 eJus,
2146 685 2186 724 et
2210 683 2302 723 haec
2332 683 2478 723 omnia

1446 754 1696 807 adjicientur
1721 755 1859 796 vobis.
1888 769 1907 792 >³
1934 754 2106 795 Homini
2132 765 2233 794 vero
2261 753 2477 794 mundano

1446 824 1600 866 dicitur
1635 826 1664 849 ¹²
1697 838 1706 865 z
1731 839 1751 863 <1
1775 824 1876 875 Fili,
1904 823 2126 865 recordare
2157 823 2258 875 quia
2285 823 2479 875 recepisti

1447 895 1559 935 bona
1578 895 1622 935 in
1639 895 1728 936 vita
1750 897 1836 946 tua,
1857 897 1898 935 et
1916 895 2099 935 Lazarus
2119 893 2312 933 similiter
2332 893 2444 933 mala
2467 907 2476 933 ;

1446 978 1559 1008 nunc
1591 969 1735 1007 autem
1766 966 1837 1006 hic
1872 965 2133 1016 consolatur,
2171 967 2218 1005 tu
2248 976 2349 1006 vero
2379 977 2479 1005 cru-

1447 1037 1582 1078 ciaris.
1609 1051 1628 1075 1)

1502 1110 1568 1148 13.
1596 1108 1684 1150 Sed
1710 1118 1805 1149 cum
1826 1108 1936 1159 facis
1962 1108 2228 1158 convivium,
2249 1109 2326 1148 etc.
2358 1106 2478 1147 Post-

1447 1190 1577 1231 quam
1611 1179 1788 1219 retraxit
1820 1191 1845 1219 a
1871 1178 2103 1219 curialitate
2136 1177 2379 1226 mundana,
2411 1177 2480 1217 1110

1447 1249 1632 1290 secundo
1674 1249 1824 1291 invitat
1866 1249 1919 1289 ad
1959 1249 2237 1290 curialitatem
2272 1247 2477 1289 divinam.

1448 1321 1567 1371 Quod
1604 1321 1776 1373 quidem
1808 1320 1903 1361 facit
1939 1320 2183 1373 tripliciter,
2220 1318 2377 1359 scilicet
2406 1330 2482 1371 per

1447 1392 1858 1434 commendationem
1886 1391 2052 1444 pietatis
2079 1391 2297 1440 fraternae,
2319 1401 2394 1442 per
2414 1401 2480 1429 as-

1449 1463 1736 1515 signationem
1762 1462 1938 1504 rationis
1966 1462 2195 1504 inductivee
2211 1493 2222 1513 ‚
2243 1463 2284 1501 et
2308 1471 2383 1513 per
2408 1472 2482 1511 ap-

1447 1535 1740 1588 probationem
1757 1533 1931 1574 rationis
1948 1533 2145 1573 inductae.
2168 1532 2312 1573 Primo
2329 1531 2481 1583 igitur,

1450 1608 1658 1658 quantum
1687 1605 1739 1645 ad
1769 1603 2181 1644 commendationem
2204 1601 2370 1654 pietatis
2398 1601 2483 1640 fra-

1449 1678 1608 1726 ternae,
1640 1674 1741 1714 dicit
1777 1688 1785 1714 :
1823 1672 1905 1714 Sed
1936 1683 2032 1714 cum
2065 1673 2176 1724 racis
2211 1671 2484 1721 convivium,

1451 1756 1554 1788 voca
1597 1754 1828 1798 pauperes,
1872 1748 2043 1796 propter
2089 1743 2296 1783 defectum
2339 1753 2486 1782 rerum

1452 1816 1715 1858 exteriorum
1747 1816 1774 1838 ¹³
1807 1827 1818 1856 t
1856 1815 2063 1867 «Frange
2094 1813 2295 1855 esurienti
2328 1824 2482 1866 panem

1452 1892 1591 1939 tuum,
1617 1891 1658 1929 01
1677 1898 1836 1939 egenos
1855 1898 2074 1939 vagosque
2094 1886 2223 1926 induc
2242 1885 2287 1926 in
2306 1885 2482 1926 domum

1452 1963 1586 2011 tuam,
1604 1974 1623 1998 »
1640 1963 1718 2000 etc.
1741 1958 1792 1999 Et
1808 1958 1888 1999 hoc
1907 1956 2233 2010 praecipiebatur
2252 1956 2296 1996 in
2314 1956 2408 2008 lege
2424 1955 2452 1977 ¹⁸
2471 1969 2481 1997 :

1459 2047 1478 2071 (ι
1500 2030 1594 2072 Νο11
1615 2030 1793 2072 deerunt
1817 2039 2024 2081 pauperes
2051 2028 2095 2068 in
2123 2030 2236 2068 terra
2254 2026 2482 2067 habitatio-

1453 2103 1518 2142 nis
1542 2104 1628 2142 tuee
1652 2116 1661 2142 :
1684 2100 1839 2142 idcirco
1866 2111 1950 2152 ego
1975 2099 2174 2152 praecipio
2192 2098 2288 2149 tibi,
2312 2100 2360 2138 ut
2379 2109 2482 2150 ape-

1453 2173 1538 2213 rias
1557 2183 1735 2212 manum
1755 2170 1876 2211 fratri
1894 2173 1967 2211 tuo
1988 2181 2126 2222 egeno
2145 2172 2185 2210 et
2203 2168 2391 2222 pauperi,
2411 2168 2483 2220 qui

1453 2245 1594 2283 tecum
1633 2242 1828 2283 versatur
1864 2240 1910 2279 in
1947 2243 2074 2280 terra.
2110 2253 2129 2277 ›>
2168 2239 2274 2280 Huic
2308 2237 2484 2290 pauperi

1455 2313 1580 2353 debes
1618 2311 1782 2364 aperire
1820 2322 2023 2360 manum,
2057 2312 2097 2350 et
2134 2308 2321 2349 maxime
2349 2309 2480 2360 justo.

1456 2382 1572 2423 Unde
1591 2382 1919 2424 Ecclesiasticus
1940 2381 1968 2402 ¹⁵
1991 2395 2000 2422 :
2030 2395 2050 2419 «
2067 2379 2156 2421 Viri
2173 2379 2280 2432 Justi
2303 2379 2388 2418 sint
2405 2378 2483 2418 tibi

1456 2453 1669 2504 convivae,
1691 2456 1732 2494 et
1750 2453 1795 2493 in
1815 2453 1965 2493 timore
1986 2453 2041 2503 (a)
2065 2450 2138 2493 Dei
2158 2451 2210 2491 sit
2227 2449 2303 2490 tihi
2324 2449 2484 2501 gloria—

1455 2525 1528 2565 tio.
1549 2539 1568 2562 »
1587 2524 1637 2566 Et
1655 2523 1700 2564 in
1724 2523 1852 2566 Tobia
1868 2523 2021 2564 dicitur
2039 2523 2068 2548 ¹⁶
2087 2536 2127 2563 :«
2144 2520 2250 2562 Cum
2270 2522 2378 2561 esset
2397 2519 2484 2560 (1105

1456 2596 1606 2645 1051115,
1633 2597 1674 2636 01
1699 2595 1857 2635 factum
1877 2595 1984 2634 esset
2005 2592 2234 2646 prandium
2258 2591 2420 2632 bonurn
2442 2590 2486 2629 in

1458 2667 1582 2708 domo
1602 2665 1758 2716 Tobiae,
1783 2664 1888 2706 dixit
1904 2664 1990 2704 filio
2011 2675 2087 2704 suo
2106 2675 2116 2702 :
2137 2661 2265 2714 Vade,
2290 2664 2331 2702 et
2350 2661 2485 2701 adduc

1458 2738 1623 2790 aliquos
1647 2737 1698 2778 de
1727 2736 1843 2776 tribu
1868 2737 2012 2776 nostra
2037 2734 2233 2775 timentes
2261 2732 2416 2783 Deum,
2441 2734 2488 2773 ut

1458 2809 1682 2862 epulentur
1718 2807 1955 2848 nobiscum.
1995 2820 2015 2844 ›>
2060 2805 2177 2847 Unde
2213 2804 2485 2847 Ειῑίὶίθεῑαεῐὶὲ

1459 2891 1532 2922 cus
1554 2880 1582 2902 ¹⁷
1606 2894 1645 2920 :«
1666 2879 1723 2920 Da
1742 2879 1854 2920 bono
1867 2910 1878 2929 ,
1902 2880 1942 2919 et
1961 2889 2048 2918 non
2066 2875 2274 2929 receperis
2294 2876 2484 2928 peccato-

1459 2963 1566 2992 rem.
1603 2950 1780 2991 Benefac
1809 2948 1985 2999 humili,
2017 2950 2058 2989 et
2086 2959 2173 2988 non
2204 2945 2366 2987 dederis
2404 2945 2487 2985 im-

1459 3021 1544 3074 pio.
1566 3034 1585 3058 ))
1606 3020 1908 3062 Verumtamen
1921 3031 2009 3060 non
2026 3017 2264 3059 excluditur
2281 3016 2365 3067 hic,
2382 3016 2486 3069 quin

1459 3092 1587 3133 etiam
1607 3091 1698 3132 aliis
1722 3090 1982 3144 pauperibus
2011 3089 2158 3130 debeat
2186 3088 2279 3129 fieri
2308 3087 2487 3128 eleemo-

1460 3176 1580 3216 syna,
1604 3166 1644 3204 et
1662 3163 1765 3216 quin
1783 3163 1864 3215 ipsi
1881 3162 2058 3203 debeant
2075 3160 2234 3210 vocari,
2257 3159 2366 3200 sicut
2385 3158 2485 3199 satis

1459 3235 1599 3275 innuit
1630 3234 1954 3287 Chrysostomus
1993 3241 2120 3284 Super
2150 3229 2394 3274 Matilioeum
2426 3228 2488 3270 di-

1460 3309 1625 3347 centem
1644 3306 1672 3327 13
1694 3320 1735 3345 z«
1759 3303 1969 3354 Quamdiu
1989 3314 2076 3343 non
2094 3301 2246 3344 fecistis
2266 3300 2342 3342 uni
2361 3298 2487 3340 mini-

1460 3419 1484 3439 11
1504 3417 1623 3457 Εεσῖιᾏ,
1651 3425 1706 3457 ix,
1735 3418 1786 3448 22.
1806 3432 1847 3439 —
1871 3415 1899 3437 ¹⁶
1919 3414 2007 3454 Tob„
2025 3422 2069 3456 11,
2095 3417 2156 3446 1-2.
2179 3430 2217 3438 —
2238 3413 2263 3435 1⁷
2284 3412 2403 3452 Eccli.,
2424 3419 2486 3451 ΧΠ,

1459 3467 1490 3505 5,
1511 3467 1541 3496 c.
1563 3482 1602 3488 -
1621 3465 1646 3486 1⁸
1663 3463 1796 3503 Manli„
1819 3469 1899 3501 xxv,
1921 3464 1973 3494 45.

1501 3531 1546 3571 (ιι)
1567 3521 1646 3561 Coet.
1667 3528 1749 3560 edit.
1769 3528 1939 3559 timorem.
1962 3529 2047 3560 LXX
2069 3537 2076 3558 ε
2099 3529 2130 3559 ἐν
2153 3528 2254 3568 φὸὃῳ.
