2634 3853
1019 108 1293 150 EXPOSITlO
1322 108 1378 150 IN
1407 109 1521 151 CAP.
1554 109 1605 150 11.

251 205 351 247 bovi
363 202 590 253 trituranti,
606 215 625 239 >³
647 202 724 242 etc.
741 200 944 243 Inventus
957 199 1075 241 estin
1088 199 1239 240 domo¹
1261 212 1271 241 :

257 291 277 316 α
305 275 510 316 Intrantes
543 272 738 324 domum,
774 286 793 310 ›>
830 273 873 314 id
905 274 966 313 est
996 271 1041 311 in
1073 271 1275 312 scrutinio

249 344 515 386 conscientiae
558 344 727 396 quietae.
770 345 784 366 2
830 359 849 383 «
887 343 1052 384 Intrans
1097 342 1274 383 domum

248 426 408 465 meam,
444 415 739 468 conquiescam
770 427 867 456 cum
898 415 981 455 illa.
1017 428 1036 452 ))
1074 413 1275 455 Inventus

247 488 310 527 est
324 488 365 527 et
383 486 429 526 in
448 486 625 538 templo,
651 486 757 527 sicut
777 486 867 536 hic,
899 485 941 525 id
961 487 1023 525 est
1042 485 1086 524 in
1106 497 1276 526 consor-

246 557 305 598 tio
334 559 488 598 sanctae
522 557 740 607 Ecclesiae,
775 556 875 610 quia
905 556 919 578 ³
942 571 961 595 <‹
992 556 1196 597 Dominus
1229 556 1275 596 in

246 628 402 681 templo
423 630 564 669 sancto
583 640 673 669 suo.
696 642 715 665 ›)
741 627 832 669 Non
859 627 972 667 enim
990 627 1210 669 invenitur
1230 627 1274 667 in

246 701 524 740 monumento
543 698 744 740 doctrinae
764 709 953 739 erroneae
968 701 981 723 ¹
1004 713 1012 739 ;
1044 697 1275 739 «Mulieres

243 772 454 813 venerunt
473 771 523 811 ad
550 772 878 811 monumentum
893 801 902 819 ,
926 770 966 809 et
988 780 1075 809 non
1095 769 1274 810 invene-

243 844 344 883 runt
371 854 524 896 corpus
550 841 715 882 Domini
748 843 863 881 Jesu.
899 854 918 878 n
956 839 1041 881 Nec
1072 840 1199 880 etiam
1230 839 1275 879 in

243 912 398 954 lectulo
426 912 692 954 conscientiae
721 911 921 964 inquietae
939 912 982 952 ⁵:
1012 926 1031 950 «
1050 910 1098 951 In
1118 911 1275 952 lectulo

245 996 340 1025 meo
359 996 434 1037 per
451 986 595 1024 noctes
619 982 798 1036 quaesivi
828 994 956 1035 quem
975 982 1114 1035 diligit
1133 982 1275 1023 anima

245 1067 358 1106 mea;
391 1054 569 1108 quaesivi
598 1054 746 1104 illum,
783 1056 823 1094 et
843 1065 926 1094 non
958 1054 1115 1095 inveni.
1146 1068 1165 1091 »
1193 1054 1276 1096 Nec

245 1126 461 1168 invenitur
495 1125 540 1165 in
572 1124 782 1166 consortio
816 1125 915 1166 vitae
953 1125 1179 1166 mundanae
1215 1126 1228 1147 ⁶
1263 1139 1271 1164 :

252 1196 505 1250 «Sapientia
530 1196 604 1237 ubi
624 1195 900 1236 invenitur?»
933 1195 983 1236 Et
999 1200 1117 1248 post:
1144 1196 1275 1238 «Non

245 1267 460 1310 invenitur
479 1254 524 1307 in
542 1268 656 1306 terra
674 1266 861 1307 suaviter
876 1266 1162 1307 viventium.»

297 1340 363 1379 47.
394 1336 626 1390 Stupebant
656 1339 812 1385 autem,
848 1338 926 1376 etc.
957 1335 1033 1376 Hic
1078 1340 1170 1389 post
1199 1337 1276 1378 hu-

244 1410 535 1460 miliationem,
554 1408 782 1460 subjungit
799 1407 1160 1459 clarificationem,
1177 1422 1274 1450 cum

244 1482 397 1524 dicitur
429 1495 439 1522 :
475 1480 705 1533 Stupebant
734 1483 877 1523 autem
906 1490 1060 1532 omnes,
1086 1482 1163 1533 qui
1182 1492 1275 1523 eum

246 1552 493 1602 audiebant,
533 1562 660 1604 super
706 1552 940 1604 prudentia
979 1558 1015 1594 et
1059 1554 1275 1606 responsis

245 1624 334 1677 effus
355 1636 369 1665 .·
396 1635 473 1677 pro
493 1635 542 1664 eo
562 1623 676 1676 quod
695 1623 1023 1675 prudentissime
1045 1625 1273 1677 responde-

245 1696 317 1736 bat
348 1707 477 1748 supra
510 1694 849 1736 aestimationem.
885 1694 1043 1747 Stupor
1070 1698 1133 1736 est
1161 1697 1275 1737 enim

244 1777 298 1808 ex
316 1766 499 1817 insolita,
521 1769 561 1807 et
581 1778 740 1818 magna
760 1766 1090 1818 imaginatione'*
1110 1782 1118 1808 z
1146 1783 1164 1806 α
1184 1768 1276 1809 Stu-

243 1849 322 1891 por
340 1840 380 1879 et
399 1837 610 1879 mirabilia
629 1838 736 1878 facta
757 1840 856 1878 sunt
875 1837 920 1877 in
942 1840 1070 1879 terra.
1092 1852 1110 1875 n
1136 1839 1233 1881 Job⁸
1261 1851 1275 1880 :

250 1925 269 1948 <‹
293 1910 476 1952 Adducit
500 1910 759 1951 consiliarios
784 1910 829 1949 in
867 1910 1046 1950 stultum
1067 1911 1213 1961 finem,
1236 1913 1276 1951 et

238 1981 402 2034 judices
426 1981 473 2022 in
495 1983 727 2034 stuporem.
750 1994 768 2017 n
795 1980 845 2020 Et
871 1980 929 2020 sic
954 1980 1176 2033 impletum
1215 1985 1276 2023 est

242 2051 404 2092 illud⁹z
441 2066 460 2090 ε(
492 2051 663 2092 Habebo
700 2063 775 2103 per
811 2051 924 2091 hane
956 2051 1188 2093 claritatem
1224 2053 1276 2093 ad

242 2123 405 2173 turbaS,
426 2123 466 2163 et
483 2122 691 2162 honorem
714 2121 826 2174 apud
855 2121 1040 2162 seniores
1065 2123 1263 2175 Juvenis3

242 2195 283 2234 et
303 2195 450 2234 acutus
469 2192 666 2234 inveniar
680 2192 724 2231 in
734 2192 913 2244 Judicio,
935 2195 975 2233 et
992 2192 1034 2233 in
1052 2196 1276 2246 conspectu

242 2264 477 2317 potentium
500 2262 760 2304 admirabilis
789 2275 875 2312 ero,
907 2265 948 2304 et
974 2263 1099 2305 facies
1118 2265 1272 2317 princi-

242 2347 346 2388 pum
367 2335 638 2375 mirabuntur
660 2346 743 2374 me.
765 2348 783 2371 »
811 2334 899 2374 Hoc
913 2335 957 2374 in
979 2335 1142 2376 Christo
1160 2349 1275 2377 nunc

242 2405 468 2458 impletum
487 2407 562 2445 est.
588 2403 728 2455 HujUs
748 2405 890 2456 figura
918 2406 1147 2457 praecessit,
1175 2419 1273 2447 cum

244 2474 413 2527 dicItur,
426 2475 538 2528 quod
558 2477 586 2500 ¹⁰
613 2490 632 2515 α
651 2475 800 2516 videns
821 2476 972 2528 regina
986 2475 1095 2517 Saba
1114 2478 1275 2530 sapien-

244 2547 348 2588 tiam
377 2546 635 2597 Salomonis,
669 2558 755 2587 non
794 2547 975 2588 habebat
1005 2548 1116 2588 ultra
1148 2549 1272 2601 spiri·

243 2619 338 2659 tum
371 2632 390 2656 ›>
432 2620 605 2671 propter
638 2617 817 2658 nimiam
855 2618 1191 2660 admirationem.
1224 2619 1274 2660 Et

244 2701 332 2730 non
351 2688 489 2730 solum
511 2689 572 2729 illi
591 2689 782 2730 extranei
798 2689 1038 2742 stupebant,
1055 2690 1127 2731 sed
1147 2691 1273 2731 etiam

243 2762 459 2814 parentes3
483 2760 596 2801 unde
623 2760 816 2801 subditur
840 2760 894 2814 (v.
918 2762 981 2813 48)
1014 2776 1022 2802 :
1056 2762 1111 2803 Et
1129 2762 1275 2804 viden-

245 2834 304 2874 tes
329 2831 537 2874 admirati
553 2832 699 2874 sunt.1¹
725 2846 743 2870 (ι
763 2832 813 2873 Et
834 2832 1155 2873 admirabantur
1177 2836 1274 2874 tur-

244 2902 310 2942 bae
331 2914 458 2955 super
476 2902 666 2949 doctrina
685 2904 792 2955 ejus,
812 2915 831 2940 »
860 2902 911 2943 Et
932 2915 1033 2944 vere
1061 2904 1269 2956 mirabile,

245 2973 357 3025 quod
392 2973 671 3026 respondebat
707 2986 806 3027 quae
844 2986 930 3014 non
969 2974 1168 3016 didicerat
1202 2977 1231 2999 ¹²
1259 2988 1270 3017 ε

240 3056 268 3081 ἀ
301 3043 563 3086 Mirabantur
593 3045 730 3088 Judaei
780 3046 965 3087 dicentes
1005 3061 1015 3087 τ
1052 3047 1272 3097 Quomodo

246 3112 316 3154 hic
332 3113 488 3156 litteras
507 3117 597 3167 scit,
618 3129 715 3158 cum
735 3129 823 3158 non
852 3117 1068 3159 didicerit?
1087 3133 1106 3156 ›)

287 3218 300 3239 1
318 3218 590 3261 Matth.,11,11.
609 3239 651 3246 —-
669 3222 681 3242 ²
699 3222 793 3264 Sap„
812 3230 894 3264 vni,
917 3224 967 3255 16.
992 3240 1027 3245 —-
1045 3223 1057 3243 ³
1072 3223 1163 3256 Ρεαῖ.
1182 3234 1218 3267 x,
1239 3229 1270 3258 5.

245 3281 286 3288 -
318 3264 330 3284 ⁴
360 3266 450 3306 Luc„
478 3275 571 3309 xxiv,
603 3271 655 3301 22.
683 3286 723 3293 —
750 3271 761 3289 ⁵
792 3271 902 3309 Cant„
935 3279 996 3309 111,
1027 3273 1058 3303 2.
1090 3290 1125 3294 —
1163 3273 1174 3290 ὃ
1199 3273 1270 3314 Job,

245 3318 374 3353 xxviii,
402 3314 460 3353 12,
488 3316 539 3346 13.
561 3333 596 3338 -
625 3317 636 3336 ⁷
654 3317 789 3358 levem,
811 3324 841 3359 v,
861 3320 914 3350 30.
933 3335 974 3342 —-
997 3317 1011 3340 8
1028 3318 1106 3357 Job‚
1129 3327 1197 3360 ΧΠ,
1219 3323 1270 3352 17.

244 3375 286 3383 --
306 3359 321 3381 9
339 3360 432 3401 Sap„
459 3368 539 3401 vm,
554 3363 607 3394 10.
626 3380 667 3388 --
688 3365 715 3387 1⁶
735 3365 777 3396 111
802 3365 891 3406 Req„
914 3375 954 3406 x,
975 3367 1005 3397 5.
1029 3383 1064 3388 —
1085 3367 1108 3388 1¹
1135 3367 1272 3409 Martia,

245 3412 315 3446 vn,
347 3408 399 3439 28.
427 3422 468 3432 —
499 3408 527 3430 ²²
556 3408 663 3450 Joan„
697 3419 764 3451 vu,
791 3413 843 3445 15.
871 3430 907 3438 -
943 3413 970 3436 13
995 3415 1123 3455 Supra,
1149 3416 1202 3447 19.
1230 3431 1270 3440 —-—

2299 113 2373 152 281

1405 199 1460 242 Et
1477 198 1598 242 dixit
1616 200 1751 241 mater
1772 197 1880 251 ejus,
1901 199 1980 240 etc.
2001 198 2079 241 Hie
2096 200 2219 242 tertio
2242 203 2379 242 osten-

1351 269 1434 321 dit,
1482 269 1662 324 qualiter
1700 270 1833 310 factus
1877 271 1940 310 est
1982 269 2061 311 sub
2101 269 2198 323 lege
2230 272 2380 313 morali

1351 343 1560 393 quantum
1588 341 1641 382 ad
1667 340 1857 381 officium
1883 340 2064 393 pietatis.
2103 341 2151 381 In
2171 353 2255 395 quo
2274 353 2380 395 prae-

1352 413 1533 453 mittitur
1551 413 1689 466 primo
1709 411 1965 463 humiliatio,
1990 414 2030 453 et
2049 412 2243 454 subditur
2262 413 2379 454 clari-

1350 483 1514 533 ficatio,
1544 484 1602 523 ihi
1628 484 1655 505 ¹³
1679 498 1687 524 ι
1721 485 1778 526 Et
1807 486 1939 526 mater
1979 483 2070 535 ejus
2108 485 2380 528 conservabat

1351 556 1496 597 omnia
1520 555 1646 597 verba
1674 555 1772 597 haec.
1809 554 2057 596 Humiliatio
2075 557 2218 596 autem
2238 557 2378 596 osten-

1351 625 1466 665 ditur
1494 625 1563 666 hic
1589 626 1634 665 in
1665 626 1845 677 duobus,
1869 626 2024 667 scilicet
2048 626 2092 667 in
2125 627 2383 679 subJ'acendo

1351 696 1608 749 corripienti,
1642 699 1682 737 et
1716 697 1760 736 in
1797 697 2066 749 obsequendo
2103 697 2379 751 praecipienti.

1352 767 1454 819 Subj
1462 766 1542 808 ecit
1562 767 1676 807 enim
1695 778 1738 808 se
1761 766 1952 808 Christus
1968 767 2091 807 matri
2109 768 2376 821 corripienti3

1350 840 1522 891 propter
1552 838 1663 891 quod
1696 838 1848 879 dicitur
1873 851 1883 880 ε
1916 838 1969 880 Et
1994 838 2115 881 dixit
2134 843 2266 882 mater
2294 840 2385 892 ejus

1352 909 1409 951 ad
1428 909 1549 951 illum
1570 921 1584 948 .·
1610 910 1715 961 Fili,
1737 908 1845 962 quid
1870 909 2016 961 fecisti
2034 910 2154 952 nobis
2175 912 2236 953 sic
2250 912 2271 952 ,Ρ
2292 911 2385 964 Ipsa

1351 980 1589 1021 fiducialius
1630 979 1835 1032 loquitur,
1873 982 1913 1020 et
1940 980 2176 1032 interrogat
2215 993 2384 1022 causam

1351 1051 1622 1103 dimissionis,
1657 1063 1754 1092 cum
1792 1051 1894 1092 sciat
1929 1063 1972 1092 se
2002 1051 2202 1092 honorari
2232 1052 2385 1095 debere

1351 1122 1403 1162 ab
1426 1134 1490 1173 eo,
1513 1122 1747 1163 secundum
1769 1121 1863 1162 illu(
1895 1122 1921 1144 ¹¹
1943 1135 1952 1164 z
1971 1136 1990 1161 α
2020 1122 2190 1163 Honora
2219 1125 2383 1176 patrem

1350 1195 1476 1234 tuum
1496 1195 1536 1234 et
1554 1194 1735 1233 matrem
1756 1195 1894 1243 tuam3
1908 1206 1927 1231 n
1951 1193 2050 1234 etin
2068 1193 2308 1237 Proverbiis
2321 1195 2348 1218 ¹⁵
2370 1207 2380 1237 :

1357 1279 1376 1302 α
1391 1265 1612 1311 Conserva,
1626 1265 1687 1305 fili
1708 1265 1781 1315 mi,
1804 1267 2013 1318 praecepta
2033 1266 2161 1318 patris
2179 1266 2258 1317 tui,
2272 1270 2312 1307 et
2330 1279 2384 1308 ne

1351 1335 1538 1375 dimittas
1560 1335 1702 1387 legem
1721 1335 1867 1375 matris
1886 1338 1986 1376 tuae.
2007 1349 2027 1373 ›)
2048 1336 2129 1377 Sed
2148 1339 2210 1387 tu,
2231 1337 2382 1390 inquit,

1351 1406 1610 1446 conturbasti
1648 1417 1726 1446 nos
1775 1420 1784 1447 ε
1839 1406 1952 1447 unde
2006 1407 2147 1447 subdit
2195 1419 2205 1448 ε
2261 1408 2385 1452 Pater

1352 1480 1464 1527 tuus,
1505 1480 1601 1528 etc.,
1631 1478 1784 1518 scilicet
1815 1477 2048 1530 putativus,
2081 1478 2149 1519 vel
2178 1479 2385 1532 adoptati-

1351 1561 1444 1601 vus,
1467 1550 1556 1591 sive
1576 1550 1839 1592 educativus.
1860 1550 1902 1591 E
1906 1554 1923 1593 t
1939 1560 2011 1604 eqo
2031 1549 2213 1593 dolentes
2233 1562 2385 1604 quoere-

1352 1620 1498 1662 bamus
1530 1625 1584 1672 te,
1622 1621 1750 1662 simui
1782 1621 1966 1662 dicentes
2001 1621 2104 1663 illud
2128 1623 2156 1648 ¹⁶
2181 1636 2188 1663 :
2213 1636 2233 1662 α
2266 1622 2380 1674 Heu,

1350 1693 1436 1734 lieu
1466 1705 1547 1744 me,
1579 1693 1637 1733 fili
1671 1692 1745 1743 mi,
1773 1695 1822 1733 ut
1852 1692 1954 1745 quid
1985 1695 2024 1733 te
2052 1693 2246 1734 misimus
2268 1706 2383 1747 pere-

1351 1764 1530 1816 grinari,
1561 1764 1706 1804 lumen
1727 1763 1947 1804 oculorum
1972 1765 2233 1815 nostrorum,
2255 1765 2382 1806 bacu-

1350 1834 1441 1874 lum
1502 1835 1728 1876 senectutis
1789 1836 1945 1876 nostrae
1956 1866 1969 1886 ,
2027 1835 2225 1876 solatium
2281 1836 2382 1878 vitae

1349 1907 1521 1956 nostrae,
1544 1919 1563 1942 ῡ
1588 1907 1694 1946 etc.‘?
1720 1905 1920 1958 Sequitur
1944 1920 1952 1946 :
1982 1906 2164 1948 «Omnia
2183 1906 2312 1948 simul
2337 1907 2382 1947 in

1350 1978 1389 2017 te
1408 1989 1495 2017 uno
1520 1977 1736 2028 habentes,
1764 1980 1804 2017 te
1823 1988 1908 2017 non
1928 1977 2155 2018 debuimus
2173 1978 2382 2019 dimittere

1350 2059 1374 2087 a
1404 2048 1543 2089 nobis,
1565 2062 1583 2085 »
1634 2047 1685 2088 Et
1723 2050 1823 2088 nota
1854 2048 1966 2100 quod
1998 2048 2050 2089 ad
2103 2049 2381 2102 quaestionem

1348 2120 1572 2172 respondet
1596 2119 1816 2161 humiliter
1848 2123 1886 2160 et
1913 2120 2125 2172 sapienter
2157 2133 2168 2161 ε
2200 2121 2311 2161 unde
2340 2123 2381 2162 et

1349 2192 1542 2232 subditur
1571 2194 1627 2244 (v.
1649 2192 1713 2244 49)
1745 2203 1754 2232 :
1778 2192 1833 2234 Et
1852 2193 1917 2234 ait
1943 2191 2001 2233 ad
2020 2192 2115 2235 illos
2142 2205 2155 2231 .·
2192 2191 2302 2239 Ouid
2323 2196 2382 2236 est

1349 2263 1462 2315 quod
1484 2274 1546 2305 me
1566 2263 1819 2316 quoerebatts
1835 2295 1845 2313 ,
1879 2263 2002 2315 quasi
2028 2263 2260 2314 absentem,
2282 2276 2381 2304 eum

1348 2345 1431 2385 ego
1451 2345 1586 2374 essem
1606 2334 1728 2375 vobis
1744 2335 1962 2386 praesens?
1981 2334 2008 2356 ¹⁷
2029 2348 2049 2372 <‹
2063 2333 2278 2386 Numquid
2295 2346 2382 2375 non

1348 2404 1502 2444 coelum
1534 2407 1574 2444 et
1610 2406 1769 2445 terram
1809 2416 1892 2455 ego
1926 2404 2112 2457 impleo?
2159 2419 2178 2442 ))
2223 2404 2273 2445 Et
2310 2405 2380 2445 hic

1347 2474 1542 2525 ostendit,
1561 2475 1660 2528 quia
1677 2475 1791 2515 filius
1811 2477 1899 2515 erat
1919 2475 2067 2515 aeterni
2088 2474 2239 2516 Patris.
2262 2475 2380 2517 Unde

1348 2546 1542 2587 subditur
1582 2560 1591 2586 :
1627 2547 1901 2598 Nesciebatz‘s,
1943 2547 2048 2599 quia
2081 2547 2130 2589 in
2165 2547 2247 2597 htS,
2287 2559 2380 2600 quoe

1347 2617 1492 2660 Patris
1516 2618 1730 2669 weisunt,
1764 2620 1921 2670 oportet
1949 2628 2012 2659 me
2046 2617 2157 2660 esse?
2188 2619 2217 2643 1⁸
2243 2632 2262 2657 α
2279 2618 2380 2660 Des-

1347 2690 1467 2730 cendi
1494 2689 1544 2731 de
1573 2689 1702 2740 coelo,
1732 2701 1819 2730 non
1849 2691 1897 2730 ut
1934 2689 2085 2730 faciam
2115 2689 2380 2732 voluntatem

1347 2773 1501 2813 meam,
1527 2761 1598 2802 sed
1616 2761 1879 2803 voluntatem
1902 2762 2010 2813 ejiis,
2027 2761 2103 2814 qui
2122 2761 2236 2802 misit
2251 2773 2334 2802 me.
2354 2774 2374 2799 ›)

1347 2832 1464 2874 Unde
1501 2845 1588 2874 non
1618 2833 1777 2874 debetis
1824 2831 1999 2881 mirari,
2038 2831 2074 2871 si
2114 2843 2191 2874 vos
2237 2832 2377 2873 dimisi

1344 2906 1516 2957 propter
1533 2906 1742 2945 aeternum
1754 2902 1941 2953 Patrem;
1958 2902 2060 2955 quia
2079 2902 2137 2942 sic
2153 2902 2305 2943 dicitur
2320 2903 2375 2944 ¹⁹:

1351 2990 1370 3014 «
1401 2975 1576 3016 Obedire
1596 2976 1759 3027 oportet
1784 2973 1866 3014 Deo
1898 2973 2054 3025 magis,
2075 2985 2203 3026 quam
2233 2974 2378 3014 homi-

1345 3046 1485 3087 nibus.
1518 3061 1536 3085 »
1581 3046 1631 3087 Et
1661 3048 1759 3099 quia
1792 3045 1973 3087 verbum
2013 3047 2102 3085 erat
2135 3045 2372 3094 occultum,

1345 3116 1439 3158 ideo
1458 3117 1653 3159 subditur
1670 3118 1724 3169 (v.
1750 3117 1811 3169 50)
1834 3130 1844 3157 ι
1864 3117 1919 3159 Et
1938 3117 2026 3169 ipsi
2049 3126 2136 3159 ηοη
2158 3117 2375 3159 intellexe-

1344 3190 1460 3231 runt.
1477 3189 1508 3215 2⁰
1539 3203 1558 3228 t(
1575 3188 1808 3241 Loquimur
1829 3188 1902 3230 Dei
1922 3188 2172 3242 sapientiam
2194 3188 2239 3228 in
2257 3198 2376 3240 mys·

1345 3319 1372 3342 1⁶
1391 3320 1512 3360 Exod„
1539 3329 1604 3361 xx,
1632 3321 1683 3351 12.
1712 3338 1753 3344 —
1784 3319 1812 3344 ¹⁸
1839 3321 1950 3360 Prov„
1984 3328 2031 3360 VI,
2054 3321 2086 3351 6.
2111 3335 2153 3344 -
2176 3317 2207 3341 1⁶
2227 3317 2316 3359 Tob„
2338 3328 2373 3360 x,

1345 3369 1375 3407 4»,
1402 3369 1433 3400 5.
1462 3384 1501 3390 —
1520 3368 1545 3389 1⁷
1571 3368 1704 3409 Jerem„
1732 3376 1838 3406 xxm,
1863 3369 1914 3400 24.
1943 3385 1978 3391 -
2004 3368 2030 3389 1·
2051 3368 2158 3405 Joan..
2178 3373 2232 3406 vl,
2260 3367 2312 3398 38.
2332 3382 2373 3390 ——

1343 3415 1369 3439 1⁹
1389 3416 1477 3454 Act.,
1497 3423 1531 3457 v,
1550 3417 1601 3449 29.
1620 3432 1662 3441 --
1680 3416 1741 3450 ¹01
1764 3417 1855 3457 Cor.‚
1877 3424 1915 3456 11,
1937 3417 1967 3447 7.

2433 201 2541 230 Christi

2410 246 2528 273 humili-

2410 289 2469 317 tas.
