<?xml version="1.0" encoding="UTF-8"?>
<!DOCTYPE html PUBLIC "-//W3C//DTD XHTML 1.0 Transitional//EN"
    "http://www.w3.org/TR/xhtml1/DTD/xhtml1-transitional.dtd">
<html xmlns="http://www.w3.org/1999/xhtml" xml:lang="en" lang="en">
 <head>
  <title>
</title>
<meta http-equiv="Content-Type" content="text/html;charset=utf-8" />
  <meta name='ocr-system' content='tesseract 3.04.00' />
  <meta name='ocr-capabilities' content='ocr_page ocr_carea ocr_par ocr_line ocrx_word'/>
</head>
<body>
  <div class='ocr_page' id='page_1' title='image "./operaomniasixtiv10bonauoft/operaomniasixtiv10bonauoft_0334.png"; bbox 0 0 2634 3853; ppageno 0'>
   <div class='ocr_carea' id='block_1_1' title="bbox 73 2839 212 2947">
    <p class='ocr_par' dir='ltr' id='par_1_1' title="bbox 73 2839 212 2947">
     <span class='ocr_line' id='line_1_1' title="bbox 84 2839 212 2865; baseline 0 -1"><span class='ocrx_word' id='word_1_1' title='bbox 84 2839 212 2865; x_wconf 86' lang='lat' dir='ltr'>Consue-</span> 
     </span>
     <span class='ocr_line' id='line_1_2' title="bbox 73 2879 212 2905; baseline 0 0"><span class='ocrx_word' id='word_1_2' title='bbox 73 2879 141 2905; x_wconf 87' lang='lat' dir='ltr'>tudo</span> <span class='ocrx_word' id='word_1_3' title='bbox 149 2887 212 2905; x_wconf 87' lang='lat' dir='ltr'>ma-</span> 
     </span>
     <span class='ocr_line' id='line_1_3' title="bbox 74 2920 181 2947; baseline 0.009 -1"><span class='ocrx_word' id='word_1_4' title='bbox 74 2920 168 2947; x_wconf 87' lang='lat' dir='ltr'>lorum</span> <span class='ocrx_word' id='word_1_5' title='bbox 175 2939 181 2947; x_wconf 94' lang='lat'><strong>.</strong></span> 
     </span>
    </p>
   </div>
   <div class='ocr_carea' id='block_1_2' title="bbox 223 251 299 288">
    <p class='ocr_par' dir='ltr' id='par_1_2' title="bbox 223 251 299 288">
     <span class='ocr_line' id='line_1_4' title="bbox 223 251 299 288; baseline 0 0"><span class='ocrx_word' id='word_1_6' title='bbox 223 251 299 288; x_wconf 75' lang='lat'>314</span> 
     </span>
    </p>
   </div>
   <div class='ocr_carea' id='block_1_3' title="bbox 223 332 1260 3364">
    <p class='ocr_par' dir='ltr' id='par_1_3' title="bbox 223 332 1260 3364">
     <span class='ocr_line' id='line_1_5' title="bbox 223 332 1244 390; baseline -0.006 -14"><span class='ocrx_word' id='word_1_7' title='bbox 223 337 430 378; x_wconf 84' lang='lat' dir='ltr'>hentium.</span> <span class='ocrx_word' id='word_1_8' title='bbox 463 337 513 378; x_wconf 86' lang='lat' dir='ltr'>Et</span> <span class='ocrx_word' id='word_1_9' title='bbox 543 338 646 390; x_wconf 86' lang='lat' dir='ltr'>quia</span> <span class='ocrx_word' id='word_1_10' title='bbox 677 337 950 384; x_wconf 87' lang='lat' dir='ltr'>detractores,</span> <span class='ocrx_word' id='word_1_11' title='bbox 974 344 1071 373; x_wconf 86' lang='lat' dir='ltr'>cum</span> <span class='ocrx_word' id='word_1_12' title='bbox 1101 332 1244 372; x_wconf 84' lang='lat' dir='ltr'>consu-</span> 
     </span>
     <span class='ocr_line' id='line_1_6' title="bbox 225 401 1243 457; baseline -0.007 -10"><span class='ocrx_word' id='word_1_13' title='bbox 225 408 369 447; x_wconf 87' lang='lat' dir='ltr'>tantur</span> <span class='ocrx_word' id='word_1_14' title='bbox 394 440 404 457; x_wconf 91' lang='lat'>,</span> <span class='ocrx_word' id='word_1_15' title='bbox 438 408 546 447; x_wconf 85' lang='lat' dir='ltr'>fiunt</span> <span class='ocrx_word' id='word_1_16' title='bbox 577 407 801 447; x_wconf 82' lang='lat' dir='ltr'>deteriores</span> <span class='ocrx_word' id='word_1_17' title='bbox 835 408 844 457; x_wconf 85' lang='lat'>(</span> <span class='ocrx_word' id='word_1_18' title='bbox 873 416 972 444; x_wconf 87' lang='lat' dir='ltr'>nam</span> <span class='ocrx_word' id='word_1_19' title='bbox 1004 401 1243 443; x_wconf 85' lang='lat' dir='ltr'>efficiuntur</span> 
     </span>
     <span class='ocr_line' id='line_1_7' title="bbox 225 472 1244 530; baseline -0.007 -12"><span class='ocrx_word' id='word_1_20' title='bbox 225 479 558 530; x_wconf 74' lang='lat' dir='ltr'>persecutoresl,</span> <span class='ocrx_word' id='word_1_21' title='bbox 582 477 674 517; x_wconf 84' lang='lat' dir='ltr'>ideo</span> <span class='ocrx_word' id='word_1_22' title='bbox 695 477 737 515; x_wconf 91' lang='lat' dir='ltr'>in</span> <span class='ocrx_word' id='word_1_23' title='bbox 767 475 845 515; x_wconf 89' lang='lat' dir='ltr'>hac</span> <span class='ocrx_word' id='word_1_24' title='bbox 873 476 990 526; x_wconf 89' lang='lat' dir='ltr'>parte</span> <span class='ocrx_word' id='word_1_25' title='bbox 1024 475 1121 513; x_wconf 90' lang='lat' dir='ltr'>sunt</span> <span class='ocrx_word' id='word_1_26' title='bbox 1148 472 1244 512; x_wconf 64' lang='lat' dir='ltr'>duee</span> 
     </span>
     <span class='ocr_line' id='line_1_8' title="bbox 226 542 1243 601; baseline -0.007 -12"><span class='ocrx_word' id='word_1_27' title='bbox 226 551 385 601; x_wconf 87' lang='lat' dir='ltr'>partes,</span> <span class='ocrx_word' id='word_1_28' title='bbox 409 548 452 588; x_wconf 92' lang='lat' dir='ltr'>in</span> <span class='ocrx_word' id='word_1_29' title='bbox 473 559 654 600; x_wconf 86' lang='lat' dir='ltr'>quarum</span> <span class='ocrx_word' id='word_1_30' title='bbox 671 546 807 598; x_wconf 89' lang='lat' dir='ltr'>prima</span> <span class='ocrx_word' id='word_1_31' title='bbox 827 544 999 596; x_wconf 89' lang='lat' dir='ltr'>ponitur</span> <span class='ocrx_word' id='word_1_32' title='bbox 1015 542 1243 583; x_wconf 85' lang='lat' dir='ltr'>confutatio</span> 
     </span>
     <span class='ocr_line' id='line_1_9' title="bbox 226 613 1246 668; baseline -0.007 -8"><span class='ocrx_word' id='word_1_33' title='bbox 226 619 559 668; x_wconf 84' lang='lat' dir='ltr'>detrahentium;</span> <span class='ocrx_word' id='word_1_34' title='bbox 588 618 632 657; x_wconf 88' lang='lat' dir='ltr'>in</span> <span class='ocrx_word' id='word_1_35' title='bbox 662 615 843 656; x_wconf 89' lang='lat' dir='ltr'>secunda</span> <span class='ocrx_word' id='word_1_36' title='bbox 873 627 997 663; x_wconf 89' lang='lat' dir='ltr'>vero,</span> <span class='ocrx_word' id='word_1_37' title='bbox 1025 613 1246 655; x_wconf 79' lang='lat' dir='ltr'>declinatio</span> 
     </span>
     <span class='ocr_line' id='line_1_10' title="bbox 226 687 1247 745; baseline -0.005 -12"><span class='ocrx_word' id='word_1_38' title='bbox 226 691 588 745; x_wconf 75' lang='lat' dir='ltr'>persequentium,</span> <span class='ocrx_word' id='word_1_39' title='bbox 610 690 667 729; x_wconf 90' lang='lat' dir='ltr'>ibi</span> <span class='ocrx_word' id='word_1_40' title='bbox 693 690 747 741; x_wconf 89' lang='lat' dir='ltr'>(v.</span> <span class='ocrx_word' id='word_1_41' title='bbox 770 690 834 739; x_wconf 71' lang='lat'>28)</span> <span class='ocrx_word' id='word_1_42' title='bbox 853 702 860 728; x_wconf 91' lang='lat'><strong>:</strong></span> <span class='ocrx_word' id='word_1_43' title='bbox 884 689 938 731; x_wconf 79' lang='lat' dir='ltr'>Et</span> <span class='ocrx_word' id='word_1_44' title='bbox 959 687 1124 741; x_wconf 73' lang='lat' dir='ltr'>impleti</span> <span class='ocrx_word' id='word_1_45' title='bbox 1148 690 1247 728; x_wconf 73' lang='lat' dir='ltr'>sunt</span> 
     </span>
     <span class='ocr_line' id='line_1_11' title="bbox 227 758 1248 814; baseline -0.007 -9"><span class='ocrx_word' id='word_1_46' title='bbox 227 774 365 805; x_wconf 71' lang='grc'>01111163</span> <span class='ocrx_word' id='word_1_47' title='bbox 397 764 445 804; x_wconf 71' lang='lat' dir='ltr'>in</span> <span class='ocrx_word' id='word_1_48' title='bbox 473 770 710 814; x_wconf 69' lang='lat' dir='ltr'>synaqoqa,</span> <span class='ocrx_word' id='word_1_49' title='bbox 730 763 806 800; x_wconf 87' lang='lat' dir='ltr'>etc.</span> <span class='ocrx_word' id='word_1_50' title='bbox 830 759 970 799; x_wconf 85' lang='lat' dir='ltr'>Prima</span> <span class='ocrx_word' id='word_1_51' title='bbox 995 771 1092 812; x_wconf 83' lang='lat' dir='ltr'>pars</span> <span class='ocrx_word' id='word_1_52' title='bbox 1120 758 1248 798; x_wconf 82' lang='lat' dir='ltr'>habet</span> 
     </span>
     <span class='ocr_line' id='line_1_12' title="bbox 225 831 1246 886; baseline -0.005 -12"><span class='ocrx_word' id='word_1_53' title='bbox 225 835 331 875; x_wconf 86' lang='lat' dir='ltr'>duas</span> <span class='ocrx_word' id='word_1_54' title='bbox 354 849 362 874; x_wconf 77' lang='grc' dir='ltr'>ε</span> <span class='ocrx_word' id='word_1_55' title='bbox 386 834 431 873; x_wconf 85' lang='grc'>111</span> <span class='ocrx_word' id='word_1_56' title='bbox 451 833 587 886; x_wconf 84' lang='lat' dir='ltr'>prima</span> <span class='ocrx_word' id='word_1_57' title='bbox 606 834 901 885; x_wconf 86' lang='lat' dir='ltr'>proponuntur</span> <span class='ocrx_word' id='word_1_58' title='bbox 933 831 1246 872; x_wconf 78' lang='lat' dir='ltr'>detrahentium</span> 
     </span>
     <span class='ocr_line' id='line_1_13' title="bbox 227 902 1249 953; baseline -0.005 -8"><span class='ocrx_word' id='word_1_59' title='bbox 227 904 434 953; x_wconf 83' lang='lat' dir='ltr'>convitia;</span> <span class='ocrx_word' id='word_1_60' title='bbox 476 903 521 943; x_wconf 88' lang='lat' dir='ltr'>in</span> <span class='ocrx_word' id='word_1_61' title='bbox 560 903 742 944; x_wconf 88' lang='lat' dir='ltr'>secunda</span> <span class='ocrx_word' id='word_1_62' title='bbox 780 914 882 943; x_wconf 88' lang='lat' dir='ltr'>vero</span> <span class='ocrx_word' id='word_1_63' title='bbox 919 902 1249 942; x_wconf 84' lang='lat' dir='ltr'>introducuntur</span> 
     </span>
     <span class='ocr_line' id='line_1_14' title="bbox 225 972 1248 1027; baseline -0.004 -12"><span class='ocrx_word' id='word_1_64' title='bbox 225 974 417 1027; x_wconf 77' lang='lat' dir='ltr'>exempla</span> <span class='ocrx_word' id='word_1_65' title='bbox 447 974 719 1027; x_wconf 80' lang='lat' dir='ltr'>prophetica,</span> <span class='ocrx_word' id='word_1_66' title='bbox 749 974 1003 1014; x_wconf 79' lang='lat' dir='ltr'>detractores</span> <span class='ocrx_word' id='word_1_67' title='bbox 1033 972 1248 1012; x_wconf 83' lang='lat' dir='ltr'>confutan-</span> 
     </span>
     <span class='ocr_line' id='line_1_15' title="bbox 226 1043 1247 1098; baseline -0.002 -13"><span class='ocrx_word' id='word_1_68' title='bbox 226 1047 308 1096; x_wconf 78' lang='lat' dir='ltr'>tia,</span> <span class='ocrx_word' id='word_1_69' title='bbox 331 1045 387 1085; x_wconf 83' lang='lat' dir='ltr'>ibi</span> <span class='ocrx_word' id='word_1_70' title='bbox 414 1045 468 1098; x_wconf 82' lang='lat' dir='ltr'>(v.</span> <span class='ocrx_word' id='word_1_71' title='bbox 491 1045 554 1097; x_wconf 68' lang='grc'>2-1)</span> <span class='ocrx_word' id='word_1_72' title='bbox 581 1059 589 1085; x_wconf 89' lang='lat'><strong>:</strong></span> <span class='ocrx_word' id='word_1_73' title='bbox 615 1045 690 1086; x_wconf 76' lang='lat' dir='ltr'>Aic</span> <span class='ocrx_word' id='word_1_74' title='bbox 711 1048 850 1086; x_wconf 79' lang='lat' dir='ltr'>autem</span> <span class='ocrx_word' id='word_1_75' title='bbox 874 1058 882 1084; x_wconf 90' lang='lat'>:</span> <span class='ocrx_word' id='word_1_76' title='bbox 905 1046 1037 1085; x_wconf 75' lang='lat' dir='ltr'>Amen</span> <span class='ocrx_word' id='word_1_77' title='bbox 1062 1043 1156 1084; x_wconf 75' lang='lat' dir='ltr'>dico</span> <span class='ocrx_word' id='word_1_78' title='bbox 1176 1052 1247 1083; x_wconf 77' lang='lat' dir='ltr'>vo-</span> 
     </span>
     <span class='ocr_line' id='line_1_16' title="bbox 230 1113 1250 1168; baseline -0.003 -13"><span class='ocrx_word' id='word_1_79' title='bbox 230 1116 291 1158; x_wconf 72' lang='lat' dir='ltr'>bis</span> <span class='ocrx_word' id='word_1_80' title='bbox 318 1128 331 1156; x_wconf 92' lang='lat'>.·</span> <span class='ocrx_word' id='word_1_81' title='bbox 359 1117 463 1168; x_wconf 75' lang='lat' dir='ltr'>quia</span> <span class='ocrx_word' id='word_1_82' title='bbox 500 1125 618 1157; x_wconf 73' lang='lat' dir='ltr'>nemo</span> <span class='ocrx_word' id='word_1_83' title='bbox 651 1115 858 1167; x_wconf 73' lang='lat' dir='ltr'>propheta</span> <span class='ocrx_word' id='word_1_84' title='bbox 878 1146 890 1164; x_wconf 90' lang='lat'>,</span> <span class='ocrx_word' id='word_1_85' title='bbox 922 1116 999 1154; x_wconf 85' lang='lat' dir='ltr'>etc.</span> <span class='ocrx_word' id='word_1_86' title='bbox 1041 1113 1250 1166; x_wconf 81' lang='lat' dir='ltr'>Exprimit</span> 
     </span>
     <span class='ocr_line' id='line_1_17' title="bbox 227 1184 1252 1237; baseline -0.003 -11"><span class='ocrx_word' id='word_1_87' title='bbox 227 1190 367 1227; x_wconf 88' lang='lat' dir='ltr'>autem</span> <span class='ocrx_word' id='word_1_88' title='bbox 391 1186 577 1226; x_wconf 86' lang='lat' dir='ltr'>convitia</span> <span class='ocrx_word' id='word_1_89' title='bbox 596 1185 907 1225; x_wconf 80' lang='lat' dir='ltr'>detrahentium</span> <span class='ocrx_word' id='word_1_90' title='bbox 924 1184 1154 1237; x_wconf 84' lang='lat' dir='ltr'>tripliciter,</span> <span class='ocrx_word' id='word_1_91' title='bbox 1175 1184 1252 1224; x_wconf 85' lang='lat' dir='ltr'>sci-</span> 
     </span>
     <span class='ocr_line' id='line_1_18' title="bbox 225 1256 1252 1309; baseline -0.002 -12"><span class='ocrx_word' id='word_1_92' title='bbox 225 1257 317 1297; x_wconf 91' lang='lat' dir='ltr'>licet</span> <span class='ocrx_word' id='word_1_93' title='bbox 332 1269 407 1309; x_wconf 89' lang='lat' dir='ltr'>per</span> <span class='ocrx_word' id='word_1_94' title='bbox 420 1256 596 1296; x_wconf 89' lang='lat' dir='ltr'>modum</span> <span class='ocrx_word' id='word_1_95' title='bbox 609 1259 764 1308; x_wconf 66' lang='lat' dir='ltr'>apertae</span> <span class='ocrx_word' id='word_1_96' title='bbox 779 1256 1059 1306; x_wconf 82' lang='lat' dir='ltr'>contumeliae,</span> <span class='ocrx_word' id='word_1_97' title='bbox 1073 1268 1147 1308; x_wconf 89' lang='lat' dir='ltr'>per</span> <span class='ocrx_word' id='word_1_98' title='bbox 1163 1267 1252 1296; x_wconf 89' lang='lat' dir='ltr'>mo-</span> 
     </span>
     <span class='ocr_line' id='line_1_19' title="bbox 226 1326 1251 1379; baseline -0.002 -11"><span class='ocrx_word' id='word_1_99' title='bbox 226 1328 328 1368; x_wconf 91' lang='lat' dir='ltr'>dum</span> <span class='ocrx_word' id='word_1_100' title='bbox 341 1327 513 1368; x_wconf 60' lang='lat' dir='ltr'>occultae</span> <span class='ocrx_word' id='word_1_101' title='bbox 533 1327 696 1377; x_wconf 84' lang='lat' dir='ltr'>ironiae,</span> <span class='ocrx_word' id='word_1_102' title='bbox 710 1338 784 1379; x_wconf 88' lang='lat' dir='ltr'>per</span> <span class='ocrx_word' id='word_1_103' title='bbox 804 1327 980 1367; x_wconf 87' lang='lat' dir='ltr'>modum</span> <span class='ocrx_word' id='word_1_104' title='bbox 997 1326 1251 1367; x_wconf 87' lang='lat' dir='ltr'>invectionis</span> 
     </span>
     <span class='ocr_line' id='line_1_20' title="bbox 227 1397 1253 1451; baseline -0.001 -13"><span class='ocrx_word' id='word_1_105' title='bbox 227 1410 453 1451; x_wconf 79' lang='lat' dir='ltr'>expressae.</span> <span class='ocrx_word' id='word_1_106' title='bbox 472 1397 550 1438; x_wconf 90' lang='lat' dir='ltr'>Per</span> <span class='ocrx_word' id='word_1_107' title='bbox 570 1398 760 1448; x_wconf 90' lang='lat' dir='ltr'>modum,</span> <span class='ocrx_word' id='word_1_108' title='bbox 782 1397 973 1450; x_wconf 80' lang='lat' dir='ltr'>inquam,</span> <span class='ocrx_word' id='word_1_109' title='bbox 988 1402 1144 1450; x_wconf 71' lang='lat' dir='ltr'>apertae</span> <span class='ocrx_word' id='word_1_110' title='bbox 1159 1409 1253 1437; x_wconf 92' lang='lat' dir='ltr'>con-</span> 
     </span>
     <span class='ocr_line' id='line_1_21' title="bbox 226 1468 1253 1521; baseline 0.001 -12"><span class='ocrx_word' id='word_1_111' title='bbox 226 1469 412 1510; x_wconf 75' lang='lat' dir='ltr'>tumeliae</span> <span class='ocrx_word' id='word_1_112' title='bbox 452 1468 683 1521; x_wconf 78' lang='lat' dir='ltr'>exprimit,</span> <span class='ocrx_word' id='word_1_113' title='bbox 717 1480 815 1508; x_wconf 89' lang='lat' dir='ltr'>cum</span> <span class='ocrx_word' id='word_1_114' title='bbox 848 1468 904 1508; x_wconf 86' lang='lat' dir='ltr'>ait</span> <span class='ocrx_word' id='word_1_115' title='bbox 936 1469 1003 1520; x_wconf 87' lang='lat' dir='ltr'>(v.</span> <span class='ocrx_word' id='word_1_116' title='bbox 1037 1469 1116 1519; x_wconf 70' lang='lat'>22)</span> <span class='ocrx_word' id='word_1_117' title='bbox 1148 1482 1156 1508; x_wconf 92' lang='lat'>:</span> <span class='ocrx_word' id='word_1_118' title='bbox 1191 1469 1253 1510; x_wconf 81' lang='lat' dir='ltr'>Et</span> 
     </span>
     <span class='ocr_line' id='line_1_22' title="bbox 226 1538 1253 1591; baseline -0.002 -10"><span class='ocrx_word' id='word_1_119' title='bbox 226 1540 422 1582; x_wconf 72' lang='lat' dir='ltr'>dicebant</span> <span class='ocrx_word' id='word_1_120' title='bbox 442 1551 455 1579; x_wconf 93' lang='lat'>.·</span> <span class='ocrx_word' id='word_1_121' title='bbox 493 1538 639 1580; x_wconf 73' lang='lat' dir='ltr'>Nonne</span> <span class='ocrx_word' id='word_1_122' title='bbox 684 1539 752 1580; x_wconf 78' lang='lat' dir='ltr'>hic</span> <span class='ocrx_word' id='word_1_123' title='bbox 798 1542 857 1581; x_wconf 75' lang='lat' dir='ltr'>esc</span> <span class='ocrx_word' id='word_1_124' title='bbox 890 1538 1011 1590; x_wconf 75' lang='lat' dir='ltr'>filius</span> <span class='ocrx_word' id='word_1_125' title='bbox 1053 1539 1204 1591; x_wconf 76' lang='lat' dir='ltr'>Joseph</span> <span class='ocrx_word' id='word_1_126' title='bbox 1231 1541 1253 1580; x_wconf 76' lang='grc' dir='ltr'><em>Ρ</em></span> 
     </span>
     <span class='ocr_line' id='line_1_23' title="bbox 227 1609 1251 1663; baseline 0 -13"><span class='ocrx_word' id='word_1_127' title='bbox 227 1611 383 1651; x_wconf 88' lang='lat' dir='ltr'>Filium</span> <span class='ocrx_word' id='word_1_128' title='bbox 410 1609 482 1650; x_wconf 93' lang='lat' dir='ltr'>Dei</span> <span class='ocrx_word' id='word_1_129' title='bbox 502 1609 710 1649; x_wconf 86' lang='lat' dir='ltr'>vocabant</span> <span class='ocrx_word' id='word_1_130' title='bbox 742 1609 879 1650; x_wconf 88' lang='lat' dir='ltr'>filium</span> <span class='ocrx_word' id='word_1_131' title='bbox 911 1610 1020 1650; x_wconf 81' lang='lat' dir='ltr'>fabri</span> <span class='ocrx_word' id='word_1_132' title='bbox 1043 1624 1052 1650; x_wconf 74' lang='grc' dir='ltr'>ε</span> <span class='ocrx_word' id='word_1_133' title='bbox 1076 1623 1251 1663; x_wconf 90' lang='lat' dir='ltr'>concep-</span> 
     </span>
     <span class='ocr_line' id='line_1_24' title="bbox 226 1679 1251 1733; baseline -0.002 -11"><span class='ocrx_word' id='word_1_134' title='bbox 226 1685 319 1722; x_wconf 83' lang='lat' dir='ltr'>tum</span> <span class='ocrx_word' id='word_1_135' title='bbox 349 1681 399 1721; x_wconf 90' lang='lat' dir='ltr'>de</span> <span class='ocrx_word' id='word_1_136' title='bbox 431 1680 590 1733; x_wconf 85' lang='lat' dir='ltr'>Spiritu</span> <span class='ocrx_word' id='word_1_137' title='bbox 623 1682 766 1719; x_wconf 85' lang='lat' dir='ltr'>sancto</span> <span class='ocrx_word' id='word_1_138' title='bbox 796 1679 842 1719; x_wconf 91' lang='lat' dir='ltr'>in</span> <span class='ocrx_word' id='word_1_139' title='bbox 873 1683 995 1720; x_wconf 89' lang='lat' dir='ltr'>utero</span> <span class='ocrx_word' id='word_1_140' title='bbox 1022 1681 1251 1733; x_wconf 82' lang='lat' dir='ltr'>virginali,</span> 
     </span>
     <span class='ocr_line' id='line_1_25' title="bbox 226 1750 1253 1804; baseline -0.001 -11"><span class='ocrx_word' id='word_1_141' title='bbox 226 1753 419 1793; x_wconf 79' lang='lat' dir='ltr'>dicebant</span> <span class='ocrx_word' id='word_1_142' title='bbox 431 1751 625 1804; x_wconf 81' lang='lat' dir='ltr'>genitum</span> <span class='ocrx_word' id='word_1_143' title='bbox 640 1750 869 1790; x_wconf 85' lang='lat' dir='ltr'>concubitu</span> <span class='ocrx_word' id='word_1_144' title='bbox 887 1751 1117 1803; x_wconf 81' lang='lat' dir='ltr'>conjugali.</span> <span class='ocrx_word' id='word_1_145' title='bbox 1137 1751 1253 1792; x_wconf 90' lang='lat' dir='ltr'>Unde</span> 
     </span>
     <span class='ocr_line' id='line_1_26' title="bbox 226 1820 1255 1875; baseline -0.001 -12"><span class='ocrx_word' id='word_1_146' title='bbox 226 1823 398 1873; x_wconf 87' lang='lat' dir='ltr'>dicitur,</span> <span class='ocrx_word' id='word_1_147' title='bbox 434 1822 548 1875; x_wconf 87' lang='lat' dir='ltr'>quod</span> <span class='ocrx_word' id='word_1_148' title='bbox 579 1821 799 1861; x_wconf 83' lang='lat' dir='ltr'>dicebant1</span> <span class='ocrx_word' id='word_1_149' title='bbox 828 1835 836 1860; x_wconf 93' lang='lat'>:</span> <span class='ocrx_word' id='word_1_150' title='bbox 866 1836 886 1859; x_wconf 73' lang='grc' dir='ltr'>(ι</span> <span class='ocrx_word' id='word_1_151' title='bbox 915 1820 1063 1862; x_wconf 88' lang='lat' dir='ltr'>Nonne</span> <span class='ocrx_word' id='word_1_152' title='bbox 1092 1821 1162 1862; x_wconf 79' lang='lat' dir='ltr'>hic</span> <span class='ocrx_word' id='word_1_153' title='bbox 1192 1825 1255 1862; x_wconf 89' lang='lat' dir='ltr'>est</span> 
     </span>
     <span class='ocr_line' id='line_1_27' title="bbox 226 1891 1253 1942; baseline 0 -8"><span class='ocrx_word' id='word_1_154' title='bbox 226 1894 334 1934; x_wconf 86' lang='lat' dir='ltr'>fabri</span> <span class='ocrx_word' id='word_1_155' title='bbox 366 1893 478 1934; x_wconf 87' lang='lat' dir='ltr'>filius</span> <span class='ocrx_word' id='word_1_156' title='bbox 499 1894 519 1933; x_wconf 69' lang='grc' dir='ltr'>ἱ)</span> <span class='ocrx_word' id='word_1_157' title='bbox 539 1907 558 1930; x_wconf 71' lang='grc'>1)</span> <span class='ocrx_word' id='word_1_158' title='bbox 584 1892 696 1933; x_wconf 88' lang='lat' dir='ltr'>Beda</span> <span class='ocrx_word' id='word_1_159' title='bbox 716 1893 728 1913; x_wconf 75' lang='lat'><strong>²</strong></span> <span class='ocrx_word' id='word_1_160' title='bbox 756 1906 765 1932; x_wconf 90' lang='lat'><strong>:</strong></span> <span class='ocrx_word' id='word_1_161' title='bbox 796 1891 999 1942; x_wconf 84' lang='lat' dir='ltr'>«Quanta</span> <span class='ocrx_word' id='word_1_162' title='bbox 1031 1891 1253 1934; x_wconf 85' lang='lat' dir='ltr'>Nazaraeo-</span> 
     </span>
     <span class='ocr_line' id='line_1_28' title="bbox 226 1963 1254 2016; baseline 0 -11"><span class='ocrx_word' id='word_1_163' title='bbox 226 1977 324 2005; x_wconf 91' lang='lat' dir='ltr'>rum</span> <span class='ocrx_word' id='word_1_164' title='bbox 365 1964 548 2014; x_wconf 63' lang='lat' dir='ltr'>caecitas,</span> <span class='ocrx_word' id='word_1_165' title='bbox 590 1963 664 2016; x_wconf 84' lang='lat' dir='ltr'>qui</span> <span class='ocrx_word' id='word_1_166' title='bbox 700 1975 831 2013; x_wconf 90' lang='lat' dir='ltr'>eum,</span> <span class='ocrx_word' id='word_1_167' title='bbox 868 1975 997 2016; x_wconf 87' lang='lat' dir='ltr'>quem</span> <span class='ocrx_word' id='word_1_168' title='bbox 1033 1963 1078 2003; x_wconf 88' lang='lat' dir='ltr'>in</span> <span class='ocrx_word' id='word_1_169' title='bbox 1111 1965 1254 2005; x_wconf 91' lang='lat' dir='ltr'>verbis</span> 
     </span>
     <span class='ocr_line' id='line_1_29' title="bbox 227 2034 1254 2087; baseline 0 -12"><span class='ocrx_word' id='word_1_170' title='bbox 227 2035 428 2087; x_wconf 82' lang='lat' dir='ltr'>factisque</span> <span class='ocrx_word' id='word_1_171' title='bbox 449 2034 662 2075; x_wconf 82' lang='lat' dir='ltr'>Christum</span> <span class='ocrx_word' id='word_1_172' title='bbox 683 2045 774 2074; x_wconf 90' lang='lat' dir='ltr'>esse</span> <span class='ocrx_word' id='word_1_173' title='bbox 792 2036 1078 2085; x_wconf 83' lang='lat' dir='ltr'>cognoscunt,</span> <span class='ocrx_word' id='word_1_174' title='bbox 1101 2034 1154 2075; x_wconf 89' lang='lat' dir='ltr'>ob</span> <span class='ocrx_word' id='word_1_175' title='bbox 1177 2047 1254 2086; x_wconf 82' lang='lat' dir='ltr'>ge-</span> 
     </span>
     <span class='ocr_line' id='line_1_30' title="bbox 227 2104 1254 2145; baseline -0.001 0"><span class='ocrx_word' id='word_1_176' title='bbox 227 2105 342 2145; x_wconf 89' lang='lat' dir='ltr'>neris</span> <span class='ocrx_word' id='word_1_177' title='bbox 366 2106 532 2145; x_wconf 90' lang='lat' dir='ltr'>tantum</span> <span class='ocrx_word' id='word_1_178' title='bbox 558 2104 752 2144; x_wconf 80' lang='lat' dir='ltr'>notitiam</span> <span class='ocrx_word' id='word_1_179' title='bbox 789 2106 1081 2144; x_wconf 87' lang='lat' dir='ltr'>contemnunt.</span> <span class='ocrx_word' id='word_1_180' title='bbox 1106 2118 1125 2142; x_wconf 86' lang='lat'>»</span> <span class='ocrx_word' id='word_1_181' title='bbox 1147 2104 1254 2144; x_wconf 86' lang='lat' dir='ltr'>Huic</span> 
     </span>
     <span class='ocr_line' id='line_1_31' title="bbox 227 2174 1254 2224; baseline 0 -9"><span class='ocrx_word' id='word_1_182' title='bbox 227 2175 364 2215; x_wconf 90' lang='lat' dir='ltr'>simile</span> <span class='ocrx_word' id='word_1_183' title='bbox 397 2175 610 2215; x_wconf 76' lang='lat' dir='ltr'>dicebatur</span> <span class='ocrx_word' id='word_1_184' title='bbox 641 2175 691 2215; x_wconf 91' lang='lat' dir='ltr'>de</span> <span class='ocrx_word' id='word_1_185' title='bbox 717 2174 819 2215; x_wconf 89' lang='lat' dir='ltr'>Saul</span> <span class='ocrx_word' id='word_1_186' title='bbox 838 2178 852 2200; x_wconf 72' lang='grc'><strong>3</strong></span> <span class='ocrx_word' id='word_1_187' title='bbox 876 2189 883 2214; x_wconf 91' lang='lat'>:</span> <span class='ocrx_word' id='word_1_188' title='bbox 913 2174 1158 2224; x_wconf 72' lang='lat' dir='ltr'>«Quaenam</span> <span class='ocrx_word' id='word_1_189' title='bbox 1187 2187 1254 2216; x_wconf 88' lang='lat' dir='ltr'>res</span> 
     </span>
     <span class='ocr_line' id='line_1_32' title="bbox 228 2245 1253 2300; baseline 0 -13"><span class='ocrx_word' id='word_1_190' title='bbox 228 2246 377 2287; x_wconf 89' lang='lat' dir='ltr'>accidit</span> <span class='ocrx_word' id='word_1_191' title='bbox 397 2246 486 2286; x_wconf 88' lang='lat' dir='ltr'>filio</span> <span class='ocrx_word' id='word_1_192' title='bbox 507 2245 600 2287; x_wconf 81' lang='lat' dir='ltr'>Cis?</span> <span class='ocrx_word' id='word_1_193' title='bbox 626 2245 738 2287; x_wconf 89' lang='lat' dir='ltr'>Num</span> <span class='ocrx_word' id='word_1_194' title='bbox 758 2248 798 2286; x_wconf 94' lang='lat' dir='ltr'>et</span> <span class='ocrx_word' id='word_1_195' title='bbox 816 2246 918 2287; x_wconf 85' lang='lat' dir='ltr'>Saul</span> <span class='ocrx_word' id='word_1_196' title='bbox 938 2246 1046 2287; x_wconf 90' lang='lat' dir='ltr'>inter</span> <span class='ocrx_word' id='word_1_197' title='bbox 1066 2248 1253 2300; x_wconf 89' lang='lat' dir='ltr'>prophe-</span> 
     </span>
     <span class='ocr_line' id='line_1_33' title="bbox 228 2317 1252 2371; baseline 0 -13"><span class='ocrx_word' id='word_1_198' title='bbox 228 2318 323 2358; x_wconf 79' lang='lat' dir='ltr'>tas?</span> <span class='ocrx_word' id='word_1_199' title='bbox 344 2332 362 2355; x_wconf 77' lang='lat' dir='ltr'>n</span> <span class='ocrx_word' id='word_1_200' title='bbox 387 2317 438 2358; x_wconf 87' lang='lat' dir='ltr'>Et</span> <span class='ocrx_word' id='word_1_201' title='bbox 459 2322 473 2342; x_wconf 81' lang='lat'>¹·</span> <span class='ocrx_word' id='word_1_202' title='bbox 496 2332 504 2356; x_wconf 90' lang='lat'>:</span> <span class='ocrx_word' id='word_1_203' title='bbox 534 2333 552 2356; x_wconf 72' lang='lat' dir='ltr'>a</span> <span class='ocrx_word' id='word_1_204' title='bbox 571 2317 662 2359; x_wconf 88' lang='lat' dir='ltr'>Non</span> <span class='ocrx_word' id='word_1_205' title='bbox 682 2320 745 2358; x_wconf 92' lang='lat' dir='ltr'>est</span> <span class='ocrx_word' id='word_1_206' title='bbox 763 2318 884 2358; x_wconf 88' lang='lat' dir='ltr'>nobis</span> <span class='ocrx_word' id='word_1_207' title='bbox 904 2330 1001 2371; x_wconf 87' lang='lat' dir='ltr'>pars</span> <span class='ocrx_word' id='word_1_208' title='bbox 1027 2318 1072 2358; x_wconf 90' lang='lat' dir='ltr'>in</span> <span class='ocrx_word' id='word_1_209' title='bbox 1099 2318 1252 2369; x_wconf 89' lang='lat' dir='ltr'>David,</span> 
     </span>
     <span class='ocr_line' id='line_1_34' title="bbox 228 2388 1254 2430; baseline 0 -2"><span class='ocrx_word' id='word_1_210' title='bbox 228 2400 305 2428; x_wconf 89' lang='lat' dir='ltr'>nec</span> <span class='ocrx_word' id='word_1_211' title='bbox 322 2388 534 2429; x_wconf 83' lang='lat' dir='ltr'>hereditas</span> <span class='ocrx_word' id='word_1_212' title='bbox 558 2388 604 2428; x_wconf 91' lang='lat' dir='ltr'>in</span> <span class='ocrx_word' id='word_1_213' title='bbox 622 2388 709 2429; x_wconf 87' lang='lat' dir='ltr'>filio</span> <span class='ocrx_word' id='word_1_214' title='bbox 741 2388 834 2430; x_wconf 86' lang='lat' dir='ltr'>lsai.</span> <span class='ocrx_word' id='word_1_215' title='bbox 855 2404 874 2427; x_wconf 86' lang='grc'>))</span> <span class='ocrx_word' id='word_1_216' title='bbox 903 2389 991 2430; x_wconf 86' lang='grc' dir='ltr'>Ηο6</span> <span class='ocrx_word' id='word_1_217' title='bbox 1023 2392 1164 2430; x_wconf 87' lang='lat' dir='ltr'>autem</span> <span class='ocrx_word' id='word_1_218' title='bbox 1191 2389 1254 2429; x_wconf 90' lang='lat' dir='ltr'>di-</span> 
     </span>
     <span class='ocr_line' id='line_1_35' title="bbox 228 2459 1255 2510; baseline 0.002 -11"><span class='ocrx_word' id='word_1_219' title='bbox 228 2459 377 2500; x_wconf 86' lang='lat' dir='ltr'>cebant</span> <span class='ocrx_word' id='word_1_220' title='bbox 397 2470 481 2499; x_wconf 89' lang='lat' dir='ltr'>non</span> <span class='ocrx_word' id='word_1_221' title='bbox 502 2471 674 2510; x_wconf 90' lang='lat' dir='ltr'>omnes,</span> <span class='ocrx_word' id='word_1_222' title='bbox 692 2459 764 2500; x_wconf 92' lang='lat' dir='ltr'>sed</span> <span class='ocrx_word' id='word_1_223' title='bbox 783 2459 908 2509; x_wconf 83' lang='lat' dir='ltr'>mali,</span> <span class='ocrx_word' id='word_1_224' title='bbox 924 2460 1079 2500; x_wconf 88' lang='lat' dir='ltr'>scilicet</span> <span class='ocrx_word' id='word_1_225' title='bbox 1098 2460 1255 2501; x_wconf 82' lang='lat' dir='ltr'>Scribae</span> 
     </span>
     <span class='ocr_line' id='line_1_36' title="bbox 230 2529 1257 2584; baseline 0.002 -15"><span class='ocrx_word' id='word_1_226' title='bbox 230 2532 273 2570; x_wconf 87' lang='grc'>61</span> <span class='ocrx_word' id='word_1_227' title='bbox 294 2529 515 2570; x_wconf 72' lang='lat' dir='ltr'>Pharisaei.</span> <span class='ocrx_word' id='word_1_228' title='bbox 538 2529 654 2570; x_wconf 89' lang='lat' dir='ltr'>Unde</span> <span class='ocrx_word' id='word_1_229' title='bbox 674 2542 760 2571; x_wconf 91' lang='lat' dir='ltr'>non</span> <span class='ocrx_word' id='word_1_230' title='bbox 787 2531 1036 2571; x_wconf 86' lang='lat' dir='ltr'>contradicit</span> <span class='ocrx_word' id='word_1_231' title='bbox 1056 2531 1118 2581; x_wconf 91' lang='lat' dir='ltr'>ei,</span> <span class='ocrx_word' id='word_1_232' title='bbox 1141 2531 1257 2584; x_wconf 87' lang='lat' dir='ltr'>quod</span> 
     </span>
     <span class='ocr_line' id='line_1_37' title="bbox 229 2602 1256 2655; baseline 0 -13"><span class='ocrx_word' id='word_1_233' title='bbox 229 2602 347 2654; x_wconf 89' lang='lat' dir='ltr'>prius</span> <span class='ocrx_word' id='word_1_234' title='bbox 369 2602 528 2643; x_wconf 89' lang='lat' dir='ltr'>dictum</span> <span class='ocrx_word' id='word_1_235' title='bbox 541 2604 623 2653; x_wconf 90' lang='lat' dir='ltr'>est,</span> <span class='ocrx_word' id='word_1_236' title='bbox 642 2603 754 2655; x_wconf 90' lang='lat' dir='ltr'>quod</span> <span class='ocrx_word' id='word_1_237' title='bbox 772 2617 791 2640; x_wconf 87' lang='lat'>«</span> <span class='ocrx_word' id='word_1_238' title='bbox 805 2614 952 2643; x_wconf 89' lang='lat' dir='ltr'>omnes</span> <span class='ocrx_word' id='word_1_239' title='bbox 965 2602 1256 2643; x_wconf 88' lang='lat' dir='ltr'>testimonium</span> 
     </span>
     <span class='ocr_line' id='line_1_38' title="bbox 231 2672 1257 2726; baseline 0.002 -14"><span class='ocrx_word' id='word_1_240' title='bbox 231 2673 291 2713; x_wconf 89' lang='lat' dir='ltr'>illi</span> <span class='ocrx_word' id='word_1_241' title='bbox 311 2673 479 2713; x_wconf 87' lang='lat' dir='ltr'>dabant.</span> <span class='ocrx_word' id='word_1_242' title='bbox 503 2687 522 2710; x_wconf 87' lang='lat'>»</span> <span class='ocrx_word' id='word_1_243' title='bbox 549 2672 708 2713; x_wconf 87' lang='lat' dir='ltr'>Similis</span> <span class='ocrx_word' id='word_1_244' title='bbox 729 2673 881 2713; x_wconf 88' lang='lat' dir='ltr'>modus</span> <span class='ocrx_word' id='word_1_245' title='bbox 902 2678 964 2713; x_wconf 86' lang='lat' dir='ltr'>est</span> <span class='ocrx_word' id='word_1_246' title='bbox 992 2673 1189 2726; x_wconf 85' lang='lat' dir='ltr'>loquendi</span> <span class='ocrx_word' id='word_1_247' title='bbox 1212 2675 1257 2713; x_wconf 89' lang='lat' dir='ltr'>in</span> 
     </span>
     <span class='ocr_line' id='line_1_39' title="bbox 232 2742 1257 2796; baseline 0.002 -14"><span class='ocrx_word' id='word_1_248' title='bbox 232 2742 451 2796; x_wconf 84' lang='lat' dir='ltr'>Scriptura</span> <span class='ocrx_word' id='word_1_249' title='bbox 471 2744 484 2764; x_wconf 75' lang='lat'>⁵</span> <span class='ocrx_word' id='word_1_250' title='bbox 507 2757 516 2784; x_wconf 79' lang='lat' dir='ltr'><strong><em>z</em></strong></span> <span class='ocrx_word' id='word_1_251' title='bbox 551 2758 570 2780; x_wconf 89' lang='lat'>«</span> <span class='ocrx_word' id='word_1_252' title='bbox 593 2742 698 2783; x_wconf 88' lang='lat' dir='ltr'>Cum</span> <span class='ocrx_word' id='word_1_253' title='bbox 728 2743 935 2784; x_wconf 88' lang='lat' dir='ltr'>occideret</span> <span class='ocrx_word' id='word_1_254' title='bbox 954 2754 1026 2784; x_wconf 89' lang='lat' dir='ltr'>eos</span> <span class='ocrx_word' id='word_1_255' title='bbox 1043 2775 1056 2794; x_wconf 97' lang='lat'>,</span> <span class='ocrx_word' id='word_1_256' title='bbox 1086 2756 1257 2796; x_wconf 83' lang='lat' dir='ltr'>quaere-</span> 
     </span>
     <span class='ocr_line' id='line_1_40' title="bbox 233 2812 1259 2865; baseline 0.003 -13"><span class='ocrx_word' id='word_1_257' title='bbox 233 2812 336 2853; x_wconf 89' lang='lat' dir='ltr'>bant</span> <span class='ocrx_word' id='word_1_258' title='bbox 356 2825 477 2864; x_wconf 86' lang='lat' dir='ltr'>eum,</span> <span class='ocrx_word' id='word_1_259' title='bbox 501 2829 519 2851; x_wconf 90' lang='lat'>»</span> <span class='ocrx_word' id='word_1_260' title='bbox 542 2826 627 2854; x_wconf 92' lang='lat' dir='ltr'>non</span> <span class='ocrx_word' id='word_1_261' title='bbox 656 2814 834 2865; x_wconf 88' lang='lat' dir='ltr'>mortui,</span> <span class='ocrx_word' id='word_1_262' title='bbox 857 2815 927 2855; x_wconf 84' lang='lat' dir='ltr'>sed</span> <span class='ocrx_word' id='word_1_263' title='bbox 955 2814 1041 2855; x_wconf 88' lang='lat' dir='ltr'>alii.</span> <span class='ocrx_word' id='word_1_264' title='bbox 1070 2814 1170 2855; x_wconf 85' lang='lat' dir='ltr'>Haec</span> <span class='ocrx_word' id='word_1_265' title='bbox 1197 2818 1259 2856; x_wconf 84' lang='lat' dir='ltr'>est</span> 
     </span>
     <span class='ocr_line' id='line_1_41' title="bbox 233 2884 1258 2939; baseline 0.003 -16"><span class='ocrx_word' id='word_1_266' title='bbox 233 2886 378 2924; x_wconf 82' lang='lat' dir='ltr'>autem</span> <span class='ocrx_word' id='word_1_267' title='bbox 422 2884 681 2925; x_wconf 86' lang='lat' dir='ltr'>consuetudo</span> <span class='ocrx_word' id='word_1_268' title='bbox 725 2885 937 2926; x_wconf 88' lang='lat' dir='ltr'>malorum</span> <span class='ocrx_word' id='word_1_269' title='bbox 962 2917 973 2935; x_wconf 94' lang='lat'>,</span> <span class='ocrx_word' id='word_1_270' title='bbox 1005 2888 1053 2926; x_wconf 91' lang='lat' dir='ltr'>ut</span> <span class='ocrx_word' id='word_1_271' title='bbox 1089 2886 1258 2939; x_wconf 82' lang='lat' dir='ltr'>quando</span> 
     </span>
     <span class='ocr_line' id='line_1_42' title="bbox 234 2954 1259 3010; baseline 0.004 -16"><span class='ocrx_word' id='word_1_272' title='bbox 234 2954 420 3007; x_wconf 89' lang='lat' dir='ltr'>aliquem</span> <span class='ocrx_word' id='word_1_273' title='bbox 458 2954 623 2996; x_wconf 84' lang='lat' dir='ltr'>laudari</span> <span class='ocrx_word' id='word_1_274' title='bbox 643 2955 847 3006; x_wconf 86' lang='lat' dir='ltr'>audiunt,</span> <span class='ocrx_word' id='word_1_275' title='bbox 878 2956 1019 2997; x_wconf 89' lang='lat' dir='ltr'>statim</span> <span class='ocrx_word' id='word_1_276' title='bbox 1046 2969 1090 2998; x_wconf 92' lang='lat' dir='ltr'>se</span> <span class='ocrx_word' id='word_1_277' title='bbox 1126 2969 1259 3010; x_wconf 90' lang='lat' dir='ltr'>oppo-</span> 
     </span>
     <span class='ocr_line' id='line_1_43' title="bbox 235 3026 1260 3081; baseline 0.005 -16"><span class='ocrx_word' id='word_1_278' title='bbox 235 3028 368 3076; x_wconf 85' lang='lat' dir='ltr'>nunt,</span> <span class='ocrx_word' id='word_1_279' title='bbox 391 3028 430 3066; x_wconf 91' lang='lat' dir='ltr'>et</span> <span class='ocrx_word' id='word_1_280' title='bbox 451 3026 485 3066; x_wconf 92' lang='lat' dir='ltr'>si</span> <span class='ocrx_word' id='word_1_281' title='bbox 505 3038 591 3067; x_wconf 91' lang='lat' dir='ltr'>non</span> <span class='ocrx_word' id='word_1_282' title='bbox 611 3030 787 3080; x_wconf 84' lang='lat' dir='ltr'>possunt</span> <span class='ocrx_word' id='word_1_283' title='bbox 805 3039 859 3068; x_wconf 82' lang='lat' dir='ltr'>ex</span> <span class='ocrx_word' id='word_1_284' title='bbox 883 3030 1002 3081; x_wconf 90' lang='lat' dir='ltr'>parte</span> <span class='ocrx_word' id='word_1_285' title='bbox 1029 3040 1198 3069; x_wconf 89' lang='lat' dir='ltr'>morum</span> <span class='ocrx_word' id='word_1_286' title='bbox 1219 3032 1260 3070; x_wconf 88' lang='lat' dir='ltr'>et</span> 
     </span>
     <span class='ocr_line' id='line_1_44' title="bbox 237 3096 1259 3150; baseline 0.005 -15"><span class='ocrx_word' id='word_1_287' title='bbox 237 3096 442 3146; x_wconf 81' lang='lat' dir='ltr'>scientiae,</span> <span class='ocrx_word' id='word_1_288' title='bbox 475 3097 622 3137; x_wconf 82' lang='lat' dir='ltr'>saltem</span> <span class='ocrx_word' id='word_1_289' title='bbox 656 3110 708 3137; x_wconf 82' lang='lat' dir='ltr'>ex</span> <span class='ocrx_word' id='word_1_290' title='bbox 736 3101 855 3150; x_wconf 89' lang='lat' dir='ltr'>parte</span> <span class='ocrx_word' id='word_1_291' title='bbox 884 3101 1077 3150; x_wconf 83' lang='lat' dir='ltr'>naturae,</span> <span class='ocrx_word' id='word_1_292' title='bbox 1109 3112 1259 3140; x_wconf 90' lang='lat' dir='ltr'>secun-</span> 
     </span>
     <span class='ocr_line' id='line_1_45' title="bbox 234 3166 1257 3211; baseline 0.004 -4"><span class='ocrx_word' id='word_1_293' title='bbox 234 3167 336 3207; x_wconf 91' lang='lat' dir='ltr'>dum</span> <span class='ocrx_word' id='word_1_294' title='bbox 358 3166 461 3207; x_wconf 90' lang='lat' dir='ltr'>illud</span> <span class='ocrx_word' id='word_1_295' title='bbox 479 3166 492 3187; x_wconf 83' lang='lat'><strong>⁶</strong></span> <span class='ocrx_word' id='word_1_296' title='bbox 514 3181 523 3207; x_wconf 77' lang='lat' dir='ltr'><em>z</em></span> <span class='ocrx_word' id='word_1_297' title='bbox 549 3182 568 3205; x_wconf 67' lang='grc' dir='ltr'>(ι</span> <span class='ocrx_word' id='word_1_298' title='bbox 588 3167 702 3208; x_wconf 91' lang='lat' dir='ltr'>Bona</span> <span class='ocrx_word' id='word_1_299' title='bbox 721 3168 766 3208; x_wconf 90' lang='lat' dir='ltr'>in</span> <span class='ocrx_word' id='word_1_300' title='bbox 794 3169 906 3209; x_wconf 87' lang='lat' dir='ltr'>mala</span> <span class='ocrx_word' id='word_1_301' title='bbox 924 3173 1174 3211; x_wconf 88' lang='lat' dir='ltr'>convertens</span> <span class='ocrx_word' id='word_1_302' title='bbox 1192 3171 1257 3210; x_wconf 92' lang='lat' dir='ltr'>in-</span> 
     </span>
     <span class='ocr_line' id='line_1_46' title="bbox 235 3237 1253 3292; baseline 0.003 -16"><span class='ocrx_word' id='word_1_303' title='bbox 235 3237 434 3288; x_wconf 86' lang='lat' dir='ltr'>sidiatur,</span> <span class='ocrx_word' id='word_1_304' title='bbox 454 3240 494 3278; x_wconf 93' lang='lat' dir='ltr'>et</span> <span class='ocrx_word' id='word_1_305' title='bbox 520 3238 567 3278; x_wconf 90' lang='lat' dir='ltr'>in</span> <span class='ocrx_word' id='word_1_306' title='bbox 593 3239 730 3278; x_wconf 90' lang='lat' dir='ltr'>electis</span> <span class='ocrx_word' id='word_1_307' title='bbox 761 3239 952 3292; x_wconf 85' lang='lat' dir='ltr'>imponet</span> <span class='ocrx_word' id='word_1_308' title='bbox 979 3243 1205 3281; x_wconf 84' lang='lat' dir='ltr'>maculam.</span> <span class='ocrx_word' id='word_1_309' title='bbox 1234 3256 1253 3279; x_wconf 88' lang='lat'>»</span> 
     </span>
     <span class='ocr_line' id='line_1_47' title="bbox 236 3307 1258 3364; baseline 0.003 -16"><span class='ocrx_word' id='word_1_310' title='bbox 236 3307 311 3348; x_wconf 87' lang='lat' dir='ltr'>Vel</span> <span class='ocrx_word' id='word_1_311' title='bbox 330 3308 459 3349; x_wconf 90' lang='lat' dir='ltr'>etiam</span> <span class='ocrx_word' id='word_1_312' title='bbox 478 3308 538 3348; x_wconf 90' lang='lat' dir='ltr'>illi</span> <span class='ocrx_word' id='word_1_313' title='bbox 558 3308 684 3349; x_wconf 89' lang='lat' dir='ltr'>iidem</span> <span class='ocrx_word' id='word_1_314' title='bbox 698 3340 709 3359; x_wconf 83' lang='lat'>,</span> <span class='ocrx_word' id='word_1_315' title='bbox 732 3322 859 3362; x_wconf 90' lang='lat' dir='ltr'>quem</span> <span class='ocrx_word' id='word_1_316' title='bbox 880 3311 998 3364; x_wconf 89' lang='lat' dir='ltr'>prius</span> <span class='ocrx_word' id='word_1_317' title='bbox 1018 3311 1258 3363; x_wconf 86' lang='lat' dir='ltr'>laudabant,</span> 
     </span>
    </p>
   </div>
   <div class='ocr_carea' id='block_1_4' title="bbox 234 3436 1261 3573">
    <p class='ocr_par' dir='ltr' id='par_1_4' title="bbox 234 3436 1261 3573">
     <span class='ocr_line' id='line_1_48' title="bbox 279 3436 1261 3477; baseline 0.004 -12"><span class='ocrx_word' id='word_1_318' title='bbox 279 3436 290 3457; x_wconf 85' lang='lat'><strong>¹</strong></span> <span class='ocrx_word' id='word_1_319' title='bbox 325 3436 458 3475; x_wconf 64' lang='lat' dir='ltr'>Mami„</span> <span class='ocrx_word' id='word_1_320' title='bbox 490 3443 566 3477; x_wconf 78' lang='lat' dir='ltr'>xm,</span> <span class='ocrx_word' id='word_1_321' title='bbox 596 3437 646 3467; x_wconf 75' lang='lat'>55.</span> <span class='ocrx_word' id='word_1_322' title='bbox 675 3453 714 3459; x_wconf 91' lang='lat'>—</span> <span class='ocrx_word' id='word_1_323' title='bbox 740 3436 753 3457; x_wconf 81' lang='lat'><strong>²</strong></span> <span class='ocrx_word' id='word_1_324' title='bbox 782 3437 876 3477; x_wconf 87' lang='lat' dir='ltr'>Bed.,</span> <span class='ocrx_word' id='word_1_325' title='bbox 906 3438 939 3468; x_wconf 83' lang='lat' dir='ltr'>in</span> <span class='ocrx_word' id='word_1_326' title='bbox 963 3439 1051 3475; x_wconf 84' lang='lat' dir='ltr'>Luc.‚</span> <span class='ocrx_word' id='word_1_327' title='bbox 1072 3438 1127 3470; x_wconf 92' lang='lat' dir='ltr'>lib.</span> <span class='ocrx_word' id='word_1_328' title='bbox 1158 3439 1198 3469; x_wconf 84' lang='lat' dir='ltr'>ll.</span> <span class='ocrx_word' id='word_1_329' title='bbox 1222 3455 1261 3462; x_wconf 93' lang='lat'><strong>—</strong></span> 
     </span>
     <span class='ocr_line' id='line_1_49' title="bbox 234 3482 1261 3526; baseline 0.004 -13"><span class='ocrx_word' id='word_1_330' title='bbox 234 3482 275 3513; x_wconf 78' lang='lat'>³1</span> <span class='ocrx_word' id='word_1_331' title='bbox 300 3483 391 3523; x_wconf 69' lang='grc' dir='ltr'>Ιίεφ,</span> <span class='ocrx_word' id='word_1_332' title='bbox 411 3486 592 3521; x_wconf 81' lang='lat' dir='ltr'>x1,12.—</span> <span class='ocrx_word' id='word_1_333' title='bbox 610 3483 953 3524; x_wconf 68' lang='grc' dir='ltr'>1’1111ι,’9.,1111,1.-</span> <span class='ocrx_word' id='word_1_334' title='bbox 976 3486 989 3506; x_wconf 80' lang='lat'><strong>5</strong></span> <span class='ocrx_word' id='word_1_335' title='bbox 1009 3485 1099 3517; x_wconf 78' lang='lat' dir='ltr'>Psal.</span> <span class='ocrx_word' id='word_1_336' title='bbox 1122 3493 1261 3526; x_wconf 81' lang='lat' dir='ltr'>Lxxvu,</span> 
     </span>
     <span class='ocr_line' id='line_1_50' title="bbox 239 3530 1259 3573; baseline 0.003 -13"><span class='ocrx_word' id='word_1_337' title='bbox 239 3530 291 3560; x_wconf 86' lang='lat'>34.</span> <span class='ocrx_word' id='word_1_338' title='bbox 305 3547 346 3553; x_wconf 92' lang='lat'><strong>—</strong></span> <span class='ocrx_word' id='word_1_339' title='bbox 363 3531 374 3549; x_wconf 62' lang='grc' dir='ltr'>ὅ</span> <span class='ocrx_word' id='word_1_340' title='bbox 393 3530 513 3571; x_wconf 75' lang='grc' dir='ltr'>Εεείι’.,</span> <span class='ocrx_word' id='word_1_341' title='bbox 532 3539 580 3571; x_wconf 73' lang='lat' dir='ltr'>xr,</span> <span class='ocrx_word' id='word_1_342' title='bbox 598 3532 702 3563; x_wconf 87' lang='lat'><strong>32.-</strong></span> <span class='ocrx_word' id='word_1_343' title='bbox 716 3532 726 3550; x_wconf 94' lang='lat'><strong>⁷</strong></span> <span class='ocrx_word' id='word_1_344' title='bbox 745 3531 837 3563; x_wconf 81' lang='lat' dir='ltr'>Psal.</span> <span class='ocrx_word' id='word_1_345' title='bbox 853 3534 1086 3573; x_wconf 77' lang='lat' dir='ltr'>cv,12‚13.—</span> <span class='ocrx_word' id='word_1_346' title='bbox 1103 3534 1113 3551; x_wconf 76' lang='lat'>⁸</span> <span class='ocrx_word' id='word_1_347' title='bbox 1126 3532 1259 3573; x_wconf 62' lang='lat' dir='ltr'>Mami„</span> 
     </span>
    </p>
   </div>
   <div class='ocr_carea' id='block_1_5' title="bbox 951 242 1617 287">
    <p class='ocr_par' dir='ltr' id='par_1_5' title="bbox 951 242 1617 287">
     <span class='ocr_line' id='line_1_51' title="bbox 951 242 1617 287; baseline -0.005 0"><span class='ocrx_word' id='word_1_348' title='bbox 951 242 1231 287; x_wconf 79' lang='lat' dir='ltr'><strong>EVANGELH</strong></span> <span class='ocrx_word' id='word_1_349' title='bbox 1262 242 1444 284; x_wconf 87' lang='lat' dir='ltr'><strong>SANCTI</strong></span> <span class='ocrx_word' id='word_1_350' title='bbox 1470 243 1617 285; x_wconf 88' lang='lat' dir='ltr'>LUCAE</span> 
     </span>
    </p>
   </div>
   <div class='ocr_carea' id='block_1_6' title="bbox 1316 330 2363 3357">
    <p class='ocr_par' dir='ltr' id='par_1_6' title="bbox 1316 330 2346 724">
     <span class='ocr_line' id='line_1_52' title="bbox 1316 330 2343 384; baseline -0.002 -12"><span class='ocrx_word' id='word_1_351' title='bbox 1316 335 1410 384; x_wconf 88' lang='lat' dir='ltr'>post</span> <span class='ocrx_word' id='word_1_352' title='bbox 1435 331 1741 384; x_wconf 85' lang='lat' dir='ltr'>despiciebant,</span> <span class='ocrx_word' id='word_1_353' title='bbox 1772 330 2006 371; x_wconf 88' lang='lat' dir='ltr'>secundum</span> <span class='ocrx_word' id='word_1_354' title='bbox 2027 330 2131 372; x_wconf 87' lang='lat' dir='ltr'>illud</span> <span class='ocrx_word' id='word_1_355' title='bbox 2151 330 2343 371; x_wconf 82' lang='lat' dir='ltr'>Psalmis-</span> 
     </span>
     <span class='ocr_line' id='line_1_53' title="bbox 1317 401 2346 453; baseline 0 -12"><span class='ocrx_word' id='word_1_356' title='bbox 1317 404 1372 442; x_wconf 80' lang='lat' dir='ltr'>tae</span> <span class='ocrx_word' id='word_1_357' title='bbox 1392 402 1405 423; x_wconf 83' lang='lat'><strong>⁷</strong></span> <span class='ocrx_word' id='word_1_358' title='bbox 1428 414 1438 442; x_wconf 90' lang='lat'>:</span> <span class='ocrx_word' id='word_1_359' title='bbox 1463 417 1481 440; x_wconf 86' lang='lat'>«</span> <span class='ocrx_word' id='word_1_360' title='bbox 1499 402 1798 443; x_wconf 85' lang='lat' dir='ltr'>Laudaverunt</span> <span class='ocrx_word' id='word_1_361' title='bbox 1816 401 1987 441; x_wconf 87' lang='lat' dir='ltr'>laudem</span> <span class='ocrx_word' id='word_1_362' title='bbox 2007 403 2114 453; x_wconf 84' lang='lat' dir='ltr'>ejus.</span> <span class='ocrx_word' id='word_1_363' title='bbox 2138 401 2225 443; x_wconf 87' lang='lat' dir='ltr'>Cito</span> <span class='ocrx_word' id='word_1_364' title='bbox 2245 402 2346 442; x_wconf 86' lang='lat' dir='ltr'>fecc-</span> 
     </span>
     <span class='ocr_line' id='line_1_54' title="bbox 1318 472 2346 523; baseline 0 -11"><span class='ocrx_word' id='word_1_365' title='bbox 1318 475 1439 523; x_wconf 91' lang='lat' dir='ltr'>ruut,</span> <span class='ocrx_word' id='word_1_366' title='bbox 1461 472 1577 512; x_wconf 87' lang='lat' dir='ltr'>obliti</span> <span class='ocrx_word' id='word_1_367' title='bbox 1606 473 1704 512; x_wconf 91' lang='lat' dir='ltr'>sunt</span> <span class='ocrx_word' id='word_1_368' title='bbox 1730 483 1908 523; x_wconf 88' lang='lat' dir='ltr'>operum</span> <span class='ocrx_word' id='word_1_369' title='bbox 1937 473 2043 523; x_wconf 83' lang='lat' dir='ltr'>ejus.</span> <span class='ocrx_word' id='word_1_370' title='bbox 2076 485 2095 508; x_wconf 85' lang='lat'>»</span> <span class='ocrx_word' id='word_1_371' title='bbox 2120 472 2194 513; x_wconf 85' lang='lat' dir='ltr'>Vel</span> <span class='ocrx_word' id='word_1_372' title='bbox 2223 472 2346 512; x_wconf 84' lang='lat' dir='ltr'>aliter</span> 
     </span>
     <span class='ocr_line' id='line_1_55' title="bbox 1319 541 2345 595; baseline -0.002 -12"><span class='ocrx_word' id='word_1_373' title='bbox 1319 542 1499 595; x_wconf 85' lang='lat' dir='ltr'>intelligi</span> <span class='ocrx_word' id='word_1_374' title='bbox 1520 544 1676 595; x_wconf 88' lang='lat' dir='ltr'>potest,</span> <span class='ocrx_word' id='word_1_375' title='bbox 1699 544 1745 582; x_wconf 92' lang='lat' dir='ltr'>ut</span> <span class='ocrx_word' id='word_1_376' title='bbox 1771 541 1866 581; x_wconf 86' lang='lat' dir='ltr'>licet</span> <span class='ocrx_word' id='word_1_377' title='bbox 1892 541 2134 581; x_wconf 89' lang='lat' dir='ltr'>immediate</span> <span class='ocrx_word' id='word_1_378' title='bbox 2159 541 2228 581; x_wconf 85' lang='lat' dir='ltr'>hie</span> <span class='ocrx_word' id='word_1_379' title='bbox 2251 554 2345 581; x_wconf 91' lang='lat' dir='ltr'>nar-</span> 
     </span>
     <span class='ocr_line' id='line_1_56' title="bbox 1319 610 2345 663; baseline 0 -11"><span class='ocrx_word' id='word_1_380' title='bbox 1319 615 1458 663; x_wconf 88' lang='lat' dir='ltr'>retur,</span> <span class='ocrx_word' id='word_1_381' title='bbox 1481 625 1566 653; x_wconf 92' lang='lat' dir='ltr'>non</span> <span class='ocrx_word' id='word_1_382' title='bbox 1595 614 1737 653; x_wconf 81' lang='lat' dir='ltr'>tamen</span> <span class='ocrx_word' id='word_1_383' title='bbox 1769 612 1817 652; x_wconf 88' lang='lat' dir='ltr'>fit</span> <span class='ocrx_word' id='word_1_384' title='bbox 1846 610 2086 651; x_wconf 84' lang='lat' dir='ltr'>immediate</span> <span class='ocrx_word' id='word_1_385' title='bbox 2103 641 2114 659; x_wconf 91' lang='lat'>,</span> <span class='ocrx_word' id='word_1_386' title='bbox 2149 611 2221 651; x_wconf 89' lang='lat' dir='ltr'>sed</span> <span class='ocrx_word' id='word_1_387' title='bbox 2253 614 2345 663; x_wconf 87' lang='lat' dir='ltr'>post</span> 
     </span>
     <span class='ocr_line' id='line_1_57' title="bbox 1320 684 1574 724; baseline 0.004 -1"><span class='ocrx_word' id='word_1_388' title='bbox 1320 684 1478 723; x_wconf 84' lang='lat' dir='ltr'>factum</span> <span class='ocrx_word' id='word_1_389' title='bbox 1497 687 1574 724; x_wconf 90' lang='lat' dir='ltr'>est.</span> 
     </span>
    </p>

    <p class='ocr_par' dir='ltr' id='par_1_7' title="bbox 1322 751 2361 3006">
     <span class='ocr_line' id='line_1_58' title="bbox 1375 751 2346 804; baseline -0.001 -10"><span class='ocrx_word' id='word_1_390' title='bbox 1375 753 1454 794; x_wconf 88' lang='lat' dir='ltr'>Per</span> <span class='ocrx_word' id='word_1_391' title='bbox 1495 756 1671 797; x_wconf 91' lang='lat' dir='ltr'>modum</span> <span class='ocrx_word' id='word_1_392' title='bbox 1720 754 1895 796; x_wconf 79' lang='lat' dir='ltr'>occultae</span> <span class='ocrx_word' id='word_1_393' title='bbox 1934 751 2084 793; x_wconf 83' lang='lat' dir='ltr'>ironiae</span> <span class='ocrx_word' id='word_1_394' title='bbox 2120 752 2346 804; x_wconf 80' lang='lat' dir='ltr'>exprimit,</span> 
     </span>
     <span class='ocr_line' id='line_1_59' title="bbox 1322 823 2345 878; baseline 0 -13"><span class='ocrx_word' id='word_1_395' title='bbox 1322 838 1421 866; x_wconf 91' lang='lat' dir='ltr'>cum</span> <span class='ocrx_word' id='word_1_396' title='bbox 1441 826 1636 878; x_wconf 80' lang='lat' dir='ltr'>adjungit</span> <span class='ocrx_word' id='word_1_397' title='bbox 1657 839 1666 867; x_wconf 91' lang='lat'>:</span> <span class='ocrx_word' id='word_1_398' title='bbox 1691 827 1743 868; x_wconf 77' lang='lat' dir='ltr'>Et</span> <span class='ocrx_word' id='word_1_399' title='bbox 1759 827 1825 868; x_wconf 73' lang='lat' dir='ltr'>ait</span> <span class='ocrx_word' id='word_1_400' title='bbox 1853 824 1942 867; x_wconf 70' lang='lat' dir='ltr'>illis</span> <span class='ocrx_word' id='word_1_401' title='bbox 1975 836 1988 864; x_wconf 91' lang='grc'>.·</span> <span class='ocrx_word' id='word_1_402' title='bbox 2022 823 2173 876; x_wconf 70' lang='lat' dir='ltr'>Utique</span> <span class='ocrx_word' id='word_1_403' title='bbox 2192 823 2345 867; x_wconf 79' lang='lat' dir='ltr'>dicetis</span> 
     </span>
     <span class='ocr_line' id='line_1_60' title="bbox 1322 894 2348 940; baseline -0.002 -4"><span class='ocrx_word' id='word_1_404' title='bbox 1322 896 1431 938; x_wconf 75' lang='lat' dir='ltr'>mihi</span> <span class='ocrx_word' id='word_1_405' title='bbox 1459 897 1567 939; x_wconf 76' lang='lat' dir='ltr'>hanc</span> <span class='ocrx_word' id='word_1_406' title='bbox 1595 897 1963 940; x_wconf 77' lang='lat' dir='ltr'>similitudinem:</span> <span class='ocrx_word' id='word_1_407' title='bbox 1985 894 2064 934; x_wconf 89' lang='lat' dir='ltr'>hoc</span> <span class='ocrx_word' id='word_1_408' title='bbox 2093 894 2208 934; x_wconf 87' lang='lat' dir='ltr'>enim</span> <span class='ocrx_word' id='word_1_409' title='bbox 2229 894 2348 935; x_wconf 88' lang='lat' dir='ltr'>vide-</span> 
     </span>
     <span class='ocr_line' id='line_1_61' title="bbox 1322 964 2351 1019; baseline -0.002 -12"><span class='ocrx_word' id='word_1_410' title='bbox 1322 967 1393 1007; x_wconf 88' lang='lat' dir='ltr'>bat</span> <span class='ocrx_word' id='word_1_411' title='bbox 1413 979 1482 1008; x_wconf 88' lang='lat' dir='ltr'>eos</span> <span class='ocrx_word' id='word_1_412' title='bbox 1505 967 1666 1008; x_wconf 86' lang='lat' dir='ltr'>occulte</span> <span class='ocrx_word' id='word_1_413' title='bbox 1684 967 1888 1019; x_wconf 80' lang='lat' dir='ltr'>cogitare.</span> <span class='ocrx_word' id='word_1_414' title='bbox 1910 965 2021 1006; x_wconf 82' lang='lat' dir='ltr'>Dixit</span> <span class='ocrx_word' id='word_1_415' title='bbox 2041 976 2148 1015; x_wconf 79' lang='lat' dir='ltr'>ergo</span> <span class='ocrx_word' id='word_1_416' title='bbox 2169 964 2248 1005; x_wconf 87' lang='lat' dir='ltr'>hoc</span> <span class='ocrx_word' id='word_1_417' title='bbox 2272 965 2351 1005; x_wconf 88' lang='lat' dir='ltr'>iro-</span> 
     </span>
     <span class='ocr_line' id='line_1_62' title="bbox 1323 1036 2350 1091; baseline -0.002 -13"><span class='ocrx_word' id='word_1_418' title='bbox 1323 1038 1446 1080; x_wconf 87' lang='lat' dir='ltr'>nice:</span> <span class='ocrx_word' id='word_1_419' title='bbox 1481 1039 1718 1091; x_wconf 85' lang='lat' dir='ltr'>Proponitis</span> <span class='ocrx_word' id='word_1_420' title='bbox 1752 1040 1898 1079; x_wconf 85' lang='lat' dir='ltr'>contra</span> <span class='ocrx_word' id='word_1_421' title='bbox 1930 1050 2019 1088; x_wconf 89' lang='lat' dir='ltr'>me,</span> <span class='ocrx_word' id='word_1_422' title='bbox 2048 1037 2161 1090; x_wconf 80' lang='lat' dir='ltr'>quod</span> <span class='ocrx_word' id='word_1_423' title='bbox 2189 1036 2350 1077; x_wconf 88' lang='lat' dir='ltr'>occulte</span> 
     </span>
     <span class='ocr_line' id='line_1_63' title="bbox 1323 1108 2349 1161; baseline -0.002 -12"><span class='ocrx_word' id='word_1_424' title='bbox 1323 1110 1367 1149; x_wconf 91' lang='lat' dir='ltr'>in</span> <span class='ocrx_word' id='word_1_425' title='bbox 1402 1110 1598 1150; x_wconf 89' lang='lat' dir='ltr'>cordibus</span> <span class='ocrx_word' id='word_1_426' title='bbox 1629 1109 1779 1150; x_wconf 87' lang='lat' dir='ltr'>vestris</span> <span class='ocrx_word' id='word_1_427' title='bbox 1815 1109 2085 1161; x_wconf 86' lang='lat' dir='ltr'>concepistis,</span> <span class='ocrx_word' id='word_1_428' title='bbox 2119 1108 2250 1160; x_wconf 87' lang='lat' dir='ltr'>quia,</span> <span class='ocrx_word' id='word_1_429' title='bbox 2285 1120 2349 1148; x_wconf 85' lang='lat' dir='ltr'>se-</span> 
     </span>
     <span class='ocr_line' id='line_1_64' title="bbox 1324 1178 2353 1232; baseline -0.002 -13"><span class='ocrx_word' id='word_1_430' title='bbox 1324 1180 1513 1221; x_wconf 90' lang='lat' dir='ltr'>cundum</span> <span class='ocrx_word' id='word_1_431' title='bbox 1540 1180 1654 1232; x_wconf 88' lang='lat' dir='ltr'>quod</span> <span class='ocrx_word' id='word_1_432' title='bbox 1684 1180 1868 1220; x_wconf 83' lang='lat' dir='ltr'>dicitur⁸</span> <span class='ocrx_word' id='word_1_433' title='bbox 1897 1193 1906 1219; x_wconf 71' lang='grc' dir='ltr'>ι</span> <span class='ocrx_word' id='word_1_434' title='bbox 1943 1194 1961 1217; x_wconf 74' lang='grc' dir='ltr'>α</span> <span class='ocrx_word' id='word_1_435' title='bbox 1994 1179 2059 1219; x_wconf 81' lang='lat' dir='ltr'>Ex</span> <span class='ocrx_word' id='word_1_436' title='bbox 2090 1178 2353 1219; x_wconf 85' lang='lat' dir='ltr'>abundantia</span> 
     </span>
     <span class='ocr_line' id='line_1_65' title="bbox 1325 1248 2353 1303; baseline -0.002 -13"><span class='ocrx_word' id='word_1_437' title='bbox 1325 1250 1463 1291; x_wconf 87' lang='lat' dir='ltr'>cordis</span> <span class='ocrx_word' id='word_1_438' title='bbox 1489 1262 1535 1291; x_wconf 92' lang='lat' dir='ltr'>os</span> <span class='ocrx_word' id='word_1_439' title='bbox 1557 1251 1758 1303; x_wconf 83' lang='lat' dir='ltr'>loquitur.</span> <span class='ocrx_word' id='word_1_440' title='bbox 1780 1264 1799 1287; x_wconf 86' lang='lat'>»</span> <span class='ocrx_word' id='word_1_441' title='bbox 1826 1249 2065 1302; x_wconf 87' lang='lat' dir='ltr'>Proponitis</span> <span class='ocrx_word' id='word_1_442' title='bbox 2087 1249 2216 1299; x_wconf 86' lang='lat' dir='ltr'>hanc,</span> <span class='ocrx_word' id='word_1_443' title='bbox 2240 1248 2353 1288; x_wconf 89' lang='lat' dir='ltr'>scili-</span> 
     </span>
     <span class='ocr_line' id='line_1_66' title="bbox 1325 1319 2350 1374; baseline -0.001 -12"><span class='ocrx_word' id='word_1_444' title='bbox 1325 1325 1389 1363; x_wconf 88' lang='lat' dir='ltr'>cet</span> <span class='ocrx_word' id='word_1_445' title='bbox 1426 1322 1746 1362; x_wconf 89' lang='lat' dir='ltr'>similitudinem</span> <span class='ocrx_word' id='word_1_446' title='bbox 1783 1333 1858 1374; x_wconf 90' lang='lat' dir='ltr'>per</span> <span class='ocrx_word' id='word_1_447' title='bbox 1890 1320 2070 1361; x_wconf 86' lang='lat' dir='ltr'>ironiam</span> <span class='ocrx_word' id='word_1_448' title='bbox 2108 1332 2118 1360; x_wconf 90' lang='lat'><strong>:</strong></span> <span class='ocrx_word' id='word_1_449' title='bbox 2157 1319 2316 1361; x_wconf 67' lang='lat' dir='ltr'>Medico</span> <span class='ocrx_word' id='word_1_450' title='bbox 2337 1350 2350 1369; x_wconf 89' lang='lat'>,</span> 
     </span>
     <span class='ocr_line' id='line_1_67' title="bbox 1325 1388 2354 1444; baseline -0.004 -11"><span class='ocrx_word' id='word_1_451' title='bbox 1325 1402 1429 1434; x_wconf 77' lang='lat' dir='ltr'>cara</span> <span class='ocrx_word' id='word_1_452' title='bbox 1449 1392 1632 1444; x_wconf 74' lang='lat' dir='ltr'>teipsum</span> <span class='ocrx_word' id='word_1_453' title='bbox 1648 1403 1662 1432; x_wconf 92' lang='grc'>.·</span> <span class='ocrx_word' id='word_1_454' title='bbox 1685 1391 1799 1444; x_wconf 86' lang='lat' dir='ltr'>quod</span> <span class='ocrx_word' id='word_1_455' title='bbox 1829 1390 2049 1431; x_wconf 89' lang='lat' dir='ltr'>consuevit</span> <span class='ocrx_word' id='word_1_456' title='bbox 2075 1389 2155 1430; x_wconf 90' lang='lat' dir='ltr'>dici</span> <span class='ocrx_word' id='word_1_457' title='bbox 2183 1388 2354 1429; x_wconf 89' lang='lat' dir='ltr'>medicis</span> 
     </span>
     <span class='ocr_line' id='line_1_68' title="bbox 1326 1460 2354 1513; baseline -0.004 -10"><span class='ocrx_word' id='word_1_458' title='bbox 1326 1463 1659 1513; x_wconf 77' lang='lat' dir='ltr'>infirmantibUS,</span> <span class='ocrx_word' id='word_1_459' title='bbox 1684 1475 1783 1503; x_wconf 90' lang='lat' dir='ltr'>cum</span> <span class='ocrx_word' id='word_1_460' title='bbox 1802 1462 1882 1502; x_wconf 87' lang='lat' dir='ltr'>sibi</span> <span class='ocrx_word' id='word_1_461' title='bbox 1902 1460 2131 1502; x_wconf 86' lang='lat' dir='ltr'>subvenire</span> <span class='ocrx_word' id='word_1_462' title='bbox 2152 1471 2239 1500; x_wconf 89' lang='lat' dir='ltr'>non</span> <span class='ocrx_word' id='word_1_463' title='bbox 2263 1470 2354 1512; x_wconf 91' lang='lat' dir='ltr'>pos-</span> 
     </span>
     <span class='ocr_line' id='line_1_69' title="bbox 1326 1530 2355 1586; baseline -0.005 -10"><span class='ocrx_word' id='word_1_464' title='bbox 1326 1538 1448 1585; x_wconf 88' lang='lat' dir='ltr'>sunt,</span> <span class='ocrx_word' id='word_1_465' title='bbox 1469 1535 1538 1576; x_wconf 86' lang='lat' dir='ltr'>vel</span> <span class='ocrx_word' id='word_1_466' title='bbox 1568 1535 1791 1586; x_wconf 86' lang='lat' dir='ltr'>nesciunt,</span> <span class='ocrx_word' id='word_1_467' title='bbox 1827 1536 1900 1575; x_wconf 90' lang='lat' dir='ltr'>aut</span> <span class='ocrx_word' id='word_1_468' title='bbox 1929 1533 2163 1584; x_wconf 79' lang='lat' dir='ltr'>negligunt</span> <span class='ocrx_word' id='word_1_469' title='bbox 2196 1546 2204 1572; x_wconf 93' lang='lat'><strong>:</strong></span> <span class='ocrx_word' id='word_1_470' title='bbox 2241 1530 2355 1585; x_wconf 85' lang='lat' dir='ltr'>quod</span> 
     </span>
     <span class='ocr_line' id='line_1_70' title="bbox 1328 1603 2356 1659; baseline -0.004 -12"><span class='ocrx_word' id='word_1_471' title='bbox 1328 1609 1391 1647; x_wconf 86' lang='lat' dir='ltr'>est</span> <span class='ocrx_word' id='word_1_472' title='bbox 1414 1607 1606 1659; x_wconf 88' lang='lat' dir='ltr'>ipsorum</span> <span class='ocrx_word' id='word_1_473' title='bbox 1626 1606 1878 1647; x_wconf 88' lang='lat' dir='ltr'>derisorium</span> <span class='ocrx_word' id='word_1_474' title='bbox 1899 1606 2083 1647; x_wconf 87' lang='lat' dir='ltr'>verbum</span> <span class='ocrx_word' id='word_1_475' title='bbox 2108 1618 2116 1644; x_wconf 90' lang='lat'>:</span> <span class='ocrx_word' id='word_1_476' title='bbox 2141 1603 2211 1644; x_wconf 87' lang='lat' dir='ltr'>Sic</span> <span class='ocrx_word' id='word_1_477' title='bbox 2239 1605 2280 1644; x_wconf 91' lang='lat' dir='ltr'>et</span> <span class='ocrx_word' id='word_1_478' title='bbox 2308 1606 2356 1643; x_wconf 80' lang='grc'>111</span> 
     </span>
     <span class='ocr_line' id='line_1_71' title="bbox 1328 1674 2357 1730; baseline -0.004 -13"><span class='ocrx_word' id='word_1_479' title='bbox 1328 1680 1367 1718; x_wconf 88' lang='lat' dir='ltr'>te</span> <span class='ocrx_word' id='word_1_480' title='bbox 1390 1678 1552 1730; x_wconf 85' lang='lat' dir='ltr'>ipsum,</span> <span class='ocrx_word' id='word_1_481' title='bbox 1573 1677 1616 1718; x_wconf 90' lang='lat' dir='ltr'>id</span> <span class='ocrx_word' id='word_1_482' title='bbox 1644 1679 1724 1726; x_wconf 88' lang='lat' dir='ltr'>est,</span> <span class='ocrx_word' id='word_1_483' title='bbox 1750 1677 1944 1716; x_wconf 82' lang='lat' dir='ltr'>infirmos</span> <span class='ocrx_word' id='word_1_484' title='bbox 1970 1678 2067 1715; x_wconf 90' lang='lat' dir='ltr'>tuos</span> <span class='ocrx_word' id='word_1_485' title='bbox 2082 1706 2092 1724; x_wconf 86' lang='lat'>,</span> <span class='ocrx_word' id='word_1_486' title='bbox 2116 1674 2157 1714; x_wconf 91' lang='lat' dir='ltr'>id</span> <span class='ocrx_word' id='word_1_487' title='bbox 2184 1676 2265 1724; x_wconf 88' lang='lat' dir='ltr'>est,</span> <span class='ocrx_word' id='word_1_488' title='bbox 2288 1686 2357 1726; x_wconf 85' lang='lat' dir='ltr'>pa-</span> 
     </span>
     <span class='ocr_line' id='line_1_72' title="bbox 1327 1744 2358 1797; baseline -0.004 -9"><span class='ocrx_word' id='word_1_489' title='bbox 1327 1748 1421 1788; x_wconf 81' lang='lat' dir='ltr'>triae</span> <span class='ocrx_word' id='word_1_490' title='bbox 1454 1751 1541 1788; x_wconf 82' lang='lat' dir='ltr'>tuae</span> <span class='ocrx_word' id='word_1_491' title='bbox 1564 1778 1574 1796; x_wconf 97' lang='lat'>,</span> <span class='ocrx_word' id='word_1_492' title='bbox 1603 1759 1719 1788; x_wconf 88' lang='lat' dir='ltr'>cura.</span> <span class='ocrx_word' id='word_1_493' title='bbox 1755 1747 1874 1795; x_wconf 80' lang='lat' dir='ltr'>Quod</span> <span class='ocrx_word' id='word_1_494' title='bbox 1909 1746 2103 1786; x_wconf 89' lang='lat' dir='ltr'>dicebant</span> <span class='ocrx_word' id='word_1_495' title='bbox 2136 1744 2275 1797; x_wconf 88' lang='lat' dir='ltr'>potius</span> <span class='ocrx_word' id='word_1_496' title='bbox 2303 1757 2358 1785; x_wconf 81' lang='lat' dir='ltr'>ex</span> 
     </span>
     <span class='ocr_line' id='line_1_73' title="bbox 1328 1814 2358 1869; baseline -0.004 -11"><span class='ocrx_word' id='word_1_497' title='bbox 1328 1817 1620 1859; x_wconf 86' lang='lat' dir='ltr'>incredulitate</span> <span class='ocrx_word' id='word_1_498' title='bbox 1646 1820 1687 1858; x_wconf 89' lang='lat' dir='ltr'>et</span> <span class='ocrx_word' id='word_1_499' title='bbox 1713 1817 1921 1858; x_wconf 86' lang='lat' dir='ltr'>derisione</span> <span class='ocrx_word' id='word_1_500' title='bbox 1938 1848 1950 1867; x_wconf 86' lang='lat'>,</span> <span class='ocrx_word' id='word_1_501' title='bbox 1974 1828 2102 1869; x_wconf 83' lang='lat' dir='ltr'>quam</span> <span class='ocrx_word' id='word_1_502' title='bbox 2131 1827 2186 1856; x_wconf 79' lang='lat' dir='ltr'>ex</span> <span class='ocrx_word' id='word_1_503' title='bbox 2216 1814 2358 1855; x_wconf 91' lang='lat' dir='ltr'>humi—</span> 
     </span>
     <span class='ocr_line' id='line_1_74' title="bbox 1327 1885 2358 1938; baseline -0.003 -10"><span class='ocrx_word' id='word_1_504' title='bbox 1327 1888 1443 1928; x_wconf 87' lang='lat' dir='ltr'>litate</span> <span class='ocrx_word' id='word_1_505' title='bbox 1475 1891 1515 1929; x_wconf 89' lang='lat' dir='ltr'>et</span> <span class='ocrx_word' id='word_1_506' title='bbox 1547 1888 1798 1938; x_wconf 88' lang='lat' dir='ltr'>devotione,</span> <span class='ocrx_word' id='word_1_507' title='bbox 1833 1888 1941 1928; x_wconf 89' lang='lat' dir='ltr'>sicut</span> <span class='ocrx_word' id='word_1_508' title='bbox 1983 1887 2135 1928; x_wconf 88' lang='lat' dir='ltr'>dicitur</span> <span class='ocrx_word' id='word_1_509' title='bbox 2167 1890 2180 1911; x_wconf 78' lang='lat'>⁹</span> <span class='ocrx_word' id='word_1_510' title='bbox 2203 1918 2217 1937; x_wconf 93' lang='lat'>,</span> <span class='ocrx_word' id='word_1_511' title='bbox 2245 1885 2358 1938; x_wconf 86' lang='lat' dir='ltr'>quod</span> 
     </span>
     <span class='ocr_line' id='line_1_75' title="bbox 1334 1956 2358 2011; baseline -0.002 -14"><span class='ocrx_word' id='word_1_512' title='bbox 1334 1975 1353 1998; x_wconf 73' lang='grc' dir='ltr'>α</span> <span class='ocrx_word' id='word_1_513' title='bbox 1373 1971 1460 2000; x_wconf 85' lang='grc'>11011</span> <span class='ocrx_word' id='word_1_514' title='bbox 1479 1960 1574 2000; x_wconf 85' lang='lat' dir='ltr'>fecit</span> <span class='ocrx_word' id='word_1_515' title='bbox 1593 1959 1651 1999; x_wconf 90' lang='lat' dir='ltr'>ibi</span> <span class='ocrx_word' id='word_1_516' title='bbox 1671 1959 1852 2000; x_wconf 89' lang='lat' dir='ltr'>virtutes</span> <span class='ocrx_word' id='word_1_517' title='bbox 1885 1959 2064 2008; x_wconf 89' lang='lat' dir='ltr'>multas,</span> <span class='ocrx_word' id='word_1_518' title='bbox 2095 1960 2266 2011; x_wconf 89' lang='lat' dir='ltr'>propter</span> <span class='ocrx_word' id='word_1_519' title='bbox 2298 1956 2358 1995; x_wconf 91' lang='lat' dir='ltr'>in-</span> 
     </span>
     <span class='ocr_line' id='line_1_76' title="bbox 1329 2027 2358 2071; baseline -0.004 0"><span class='ocrx_word' id='word_1_520' title='bbox 1329 2030 1619 2071; x_wconf 87' lang='lat' dir='ltr'>credulitatem</span> <span class='ocrx_word' id='word_1_521' title='bbox 1638 2030 1823 2070; x_wconf 89' lang='lat' dir='ltr'>illorum.</span> <span class='ocrx_word' id='word_1_522' title='bbox 1847 2044 1865 2067; x_wconf 77' lang='lat' dir='ltr'>n</span> <span class='ocrx_word' id='word_1_523' title='bbox 1889 2030 2006 2071; x_wconf 93' lang='lat' dir='ltr'>Unde</span> <span class='ocrx_word' id='word_1_524' title='bbox 2027 2029 2138 2070; x_wconf 85' lang='lat' dir='ltr'>Beda</span> <span class='ocrx_word' id='word_1_525' title='bbox 2155 2027 2292 2069; x_wconf 84' lang='lat' dir='ltr'>dicit¹⁰</span> <span class='ocrx_word' id='word_1_526' title='bbox 2312 2027 2358 2067; x_wconf 91' lang='lat' dir='ltr'>in</span> 
     </span>
     <span class='ocr_line' id='line_1_77' title="bbox 1331 2099 2359 2153; baseline -0.002 -12"><span class='ocrx_word' id='word_1_527' title='bbox 1331 2101 1505 2142; x_wconf 86' lang='lat' dir='ltr'>Glossa:</span> <span class='ocrx_word' id='word_1_528' title='bbox 1533 2116 1552 2140; x_wconf 71' lang='grc' dir='ltr'>(ι</span> <span class='ocrx_word' id='word_1_529' title='bbox 1580 2101 1757 2142; x_wconf 85' lang='lat' dir='ltr'>Frustra</span> <span class='ocrx_word' id='word_1_530' title='bbox 1789 2113 1914 2153; x_wconf 89' lang='lat' dir='ltr'>opem</span> <span class='ocrx_word' id='word_1_531' title='bbox 1947 2099 2247 2141; x_wconf 84' lang='lat' dir='ltr'>misericordiae</span> <span class='ocrx_word' id='word_1_532' title='bbox 2278 2110 2359 2139; x_wconf 74' lang='lat' dir='ltr'>coe-</span> 
     </span>
     <span class='ocr_line' id='line_1_78' title="bbox 1329 2172 2354 2226; baseline -0.003 -12"><span class='ocrx_word' id='word_1_533' title='bbox 1329 2174 1443 2214; x_wconf 85' lang='lat' dir='ltr'>lestis</span> <span class='ocrx_word' id='word_1_534' title='bbox 1463 2176 1675 2226; x_wconf 78' lang='lat' dir='ltr'>expectas,</span> <span class='ocrx_word' id='word_1_535' title='bbox 1699 2174 1732 2213; x_wconf 90' lang='lat' dir='ltr'>si</span> <span class='ocrx_word' id='word_1_536' title='bbox 1753 2173 1900 2213; x_wconf 89' lang='lat' dir='ltr'>alienis</span> <span class='ocrx_word' id='word_1_537' title='bbox 1924 2173 2156 2214; x_wconf 86' lang='lat' dir='ltr'>virtutibus</span> <span class='ocrx_word' id='word_1_538' title='bbox 2175 2172 2354 2212; x_wconf 90' lang='lat' dir='ltr'>invides.</span> 
     </span>
     <span class='ocr_line' id='line_1_79' title="bbox 1330 2243 2354 2297; baseline -0.002 -12"><span class='ocrx_word' id='word_1_539' title='bbox 1330 2245 1589 2297; x_wconf 87' lang='lat' dir='ltr'>Aspernator</span> <span class='ocrx_word' id='word_1_540' title='bbox 1617 2244 1729 2284; x_wconf 90' lang='lat' dir='ltr'>enim</span> <span class='ocrx_word' id='word_1_541' title='bbox 1761 2246 1823 2284; x_wconf 89' lang='lat' dir='ltr'>est</span> <span class='ocrx_word' id='word_1_542' title='bbox 1855 2243 2057 2284; x_wconf 87' lang='lat' dir='ltr'>Dominus</span> <span class='ocrx_word' id='word_1_543' title='bbox 2086 2243 2354 2292; x_wconf 89' lang='lat' dir='ltr'>invidorum,</span> 
     </span>
     <span class='ocr_line' id='line_1_80' title="bbox 1331 2313 2358 2368; baseline -0.004 -11"><span class='ocrx_word' id='word_1_544' title='bbox 1331 2319 1372 2357; x_wconf 92' lang='lat' dir='ltr'>et</span> <span class='ocrx_word' id='word_1_545' title='bbox 1392 2316 1444 2356; x_wconf 90' lang='lat' dir='ltr'>ab</span> <span class='ocrx_word' id='word_1_546' title='bbox 1464 2316 1553 2366; x_wconf 91' lang='lat' dir='ltr'>his,</span> <span class='ocrx_word' id='word_1_547' title='bbox 1577 2315 1650 2368; x_wconf 88' lang='lat' dir='ltr'>qui</span> <span class='ocrx_word' id='word_1_548' title='bbox 1670 2314 1875 2355; x_wconf 86' lang='lat' dir='ltr'>beneficia</span> <span class='ocrx_word' id='word_1_549' title='bbox 1904 2314 2049 2355; x_wconf 86' lang='lat' dir='ltr'>divina</span> <span class='ocrx_word' id='word_1_550' title='bbox 2080 2314 2125 2353; x_wconf 88' lang='lat' dir='ltr'>in</span> <span class='ocrx_word' id='word_1_551' title='bbox 2150 2313 2243 2354; x_wconf 86' lang='lat' dir='ltr'>aliis</span> <span class='ocrx_word' id='word_1_552' title='bbox 2262 2326 2358 2366; x_wconf 88' lang='lat' dir='ltr'>per-</span> 
     </span>
     <span class='ocr_line' id='line_1_81' title="bbox 1331 2384 2358 2439; baseline -0.003 -11"><span class='ocrx_word' id='word_1_553' title='bbox 1331 2389 1569 2439; x_wconf 87' lang='lat' dir='ltr'>sequuntur</span> <span class='ocrx_word' id='word_1_554' title='bbox 1592 2417 1603 2436; x_wconf 91' lang='lat'>,</span> <span class='ocrx_word' id='word_1_555' title='bbox 1639 2385 1844 2426; x_wconf 89' lang='lat' dir='ltr'>miracula</span> <span class='ocrx_word' id='word_1_556' title='bbox 1878 2397 1967 2425; x_wconf 85' lang='lat' dir='ltr'>suae</span> <span class='ocrx_word' id='word_1_557' title='bbox 2001 2384 2200 2437; x_wconf 65' lang='lat' dir='ltr'>potentiae</span> <span class='ocrx_word' id='word_1_558' title='bbox 2232 2397 2358 2426; x_wconf 88' lang='lat' dir='ltr'>aver-</span> 
     </span>
     <span class='ocr_line' id='line_1_82' title="bbox 1331 2455 2356 2510; baseline -0.004 -12"><span class='ocrx_word' id='word_1_559' title='bbox 1331 2458 1395 2498; x_wconf 92' lang='lat' dir='ltr'>tit.</span> <span class='ocrx_word' id='word_1_560' title='bbox 1421 2471 1440 2494; x_wconf 73' lang='lat' dir='ltr'>n</span> <span class='ocrx_word' id='word_1_561' title='bbox 1463 2456 1513 2498; x_wconf 88' lang='lat' dir='ltr'>Et</span> <span class='ocrx_word' id='word_1_562' title='bbox 1531 2458 1631 2497; x_wconf 90' lang='lat' dir='ltr'>nota</span> <span class='ocrx_word' id='word_1_563' title='bbox 1650 2457 1765 2510; x_wconf 81' lang='lat' dir='ltr'>quod</span> <span class='ocrx_word' id='word_1_564' title='bbox 1784 2455 1941 2496; x_wconf 88' lang='lat' dir='ltr'>ironice</span> <span class='ocrx_word' id='word_1_565' title='bbox 1960 2457 2114 2496; x_wconf 87' lang='lat' dir='ltr'>vocant</span> <span class='ocrx_word' id='word_1_566' title='bbox 2131 2455 2356 2504; x_wconf 87' lang='lat' dir='ltr'>medicum,</span> 
     </span>
     <span class='ocr_line' id='line_1_83' title="bbox 1332 2525 2355 2582; baseline -0.003 -13"><span class='ocrx_word' id='word_1_567' title='bbox 1332 2540 1461 2582; x_wconf 89' lang='lat' dir='ltr'>quem</span> <span class='ocrx_word' id='word_1_568' title='bbox 1477 2528 1685 2568; x_wconf 84' lang='lat' dir='ltr'>veraciter</span> <span class='ocrx_word' id='word_1_569' title='bbox 1700 2527 1899 2568; x_wconf 88' lang='lat' dir='ltr'>deberent</span> <span class='ocrx_word' id='word_1_570' title='bbox 1919 2525 2108 2567; x_wconf 86' lang='lat' dir='ltr'>confiteri</span> <span class='ocrx_word' id='word_1_571' title='bbox 2128 2525 2355 2577; x_wconf 88' lang='lat' dir='ltr'>medicum,</span> 
     </span>
     <span class='ocr_line' id='line_1_84' title="bbox 1338 2597 2361 2651; baseline -0.004 -10"><span class='ocrx_word' id='word_1_572' title='bbox 1338 2599 1574 2641; x_wconf 88' lang='lat' dir='ltr'>secundum</span> <span class='ocrx_word' id='word_1_573' title='bbox 1607 2598 1712 2639; x_wconf 88' lang='lat' dir='ltr'>illud</span> <span class='ocrx_word' id='word_1_574' title='bbox 1734 2599 1760 2620; x_wconf 78' lang='lat'>¹1</span> <span class='ocrx_word' id='word_1_575' title='bbox 1785 2612 1795 2640; x_wconf 90' lang='lat'>:</span> <span class='ocrx_word' id='word_1_576' title='bbox 1818 2614 1836 2636; x_wconf 87' lang='lat'>«</span> <span class='ocrx_word' id='word_1_577' title='bbox 1864 2598 1954 2651; x_wconf 89' lang='lat' dir='ltr'>lpse</span> <span class='ocrx_word' id='word_1_578' title='bbox 1974 2597 2189 2647; x_wconf 85' lang='lat' dir='ltr'>vulnerat,</span> <span class='ocrx_word' id='word_1_579' title='bbox 2210 2599 2250 2637; x_wconf 89' lang='lat' dir='ltr'>et</span> <span class='ocrx_word' id='word_1_580' title='bbox 2270 2610 2361 2638; x_wconf 87' lang='lat' dir='ltr'>me-</span> 
     </span>
     <span class='ocr_line' id='line_1_85' title="bbox 1333 2668 2361 2722; baseline -0.003 -10"><span class='ocrx_word' id='word_1_581' title='bbox 1333 2672 1471 2712; x_wconf 86' lang='lat' dir='ltr'>detur.</span> <span class='ocrx_word' id='word_1_582' title='bbox 1492 2684 1511 2708; x_wconf 80' lang='grc'>))</span> <span class='ocrx_word' id='word_1_583' title='bbox 1538 2669 1781 2722; x_wconf 89' lang='lat' dir='ltr'>Despiciunt</span> <span class='ocrx_word' id='word_1_584' title='bbox 1800 2681 1929 2722; x_wconf 81' lang='lat' dir='ltr'>quem</span> <span class='ocrx_word' id='word_1_585' title='bbox 1948 2669 2148 2709; x_wconf 89' lang='lat' dir='ltr'>deberent</span> <span class='ocrx_word' id='word_1_586' title='bbox 2166 2668 2301 2709; x_wconf 89' lang='lat' dir='ltr'>colere</span> <span class='ocrx_word' id='word_1_587' title='bbox 2320 2671 2361 2709; x_wconf 90' lang='lat' dir='ltr'>et</span> 
     </span>
     <span class='ocr_line' id='line_1_86' title="bbox 1335 2738 2361 2791; baseline -0.003 -9"><span class='ocrx_word' id='word_1_588' title='bbox 1335 2743 1566 2791; x_wconf 86' lang='lat' dir='ltr'>honorare,</span> <span class='ocrx_word' id='word_1_589' title='bbox 1587 2739 1825 2780; x_wconf 87' lang='lat' dir='ltr'>secundum</span> <span class='ocrx_word' id='word_1_590' title='bbox 1844 2739 1950 2779; x_wconf 85' lang='lat' dir='ltr'>illud</span> <span class='ocrx_word' id='word_1_591' title='bbox 1971 2740 1999 2761; x_wconf 72' lang='lat'>¹²</span> <span class='ocrx_word' id='word_1_592' title='bbox 2023 2753 2031 2779; x_wconf 89' lang='lat'><strong>:</strong></span> <span class='ocrx_word' id='word_1_593' title='bbox 2051 2753 2070 2777; x_wconf 74' lang='grc' dir='ltr'>ε(</span> <span class='ocrx_word' id='word_1_594' title='bbox 2087 2738 2257 2779; x_wconf 88' lang='lat' dir='ltr'>Honora</span> <span class='ocrx_word' id='word_1_595' title='bbox 2275 2750 2361 2779; x_wconf 89' lang='lat' dir='ltr'>me-</span> 
     </span>
     <span class='ocr_line' id='line_1_87' title="bbox 1335 2809 2358 2863; baseline -0.004 -11"><span class='ocrx_word' id='word_1_596' title='bbox 1335 2813 1477 2853; x_wconf 88' lang='lat' dir='ltr'>dicum</span> <span class='ocrx_word' id='word_1_597' title='bbox 1515 2813 1688 2863; x_wconf 89' lang='lat' dir='ltr'>propter</span> <span class='ocrx_word' id='word_1_598' title='bbox 1729 2809 2034 2850; x_wconf 83' lang='lat' dir='ltr'>necessitatem.</span> <span class='ocrx_word' id='word_1_599' title='bbox 2076 2823 2095 2847; x_wconf 82' lang='grc'>»</span> <span class='ocrx_word' id='word_1_600' title='bbox 2133 2809 2184 2849; x_wconf 86' lang='lat' dir='ltr'>Et</span> <span class='ocrx_word' id='word_1_601' title='bbox 2219 2811 2313 2860; x_wconf 89' lang='lat' dir='ltr'>post</span> <span class='ocrx_word' id='word_1_602' title='bbox 2347 2820 2358 2848; x_wconf 74' lang='grc' dir='ltr'><strong><em>ε</em></strong></span> 
     </span>
     <span class='ocr_line' id='line_1_88' title="bbox 1344 2879 2361 2930; baseline -0.001 -11"><span class='ocrx_word' id='word_1_603' title='bbox 1344 2897 1363 2920; x_wconf 77' lang='grc' dir='ltr'>(ι</span> <span class='ocrx_word' id='word_1_604' title='bbox 1382 2882 1625 2922; x_wconf 84' lang='grc' dir='ltr'>Α111551111115</span> <span class='ocrx_word' id='word_1_605' title='bbox 1644 2880 1804 2921; x_wconf 87' lang='lat' dir='ltr'>creavit</span> <span class='ocrx_word' id='word_1_606' title='bbox 1825 2880 1875 2920; x_wconf 88' lang='lat' dir='ltr'>de</span> <span class='ocrx_word' id='word_1_607' title='bbox 1895 2882 2008 2920; x_wconf 87' lang='lat' dir='ltr'>terra</span> <span class='ocrx_word' id='word_1_608' title='bbox 2026 2879 2299 2930; x_wconf 84' lang='lat' dir='ltr'>medicinam,</span> <span class='ocrx_word' id='word_1_609' title='bbox 2321 2881 2361 2919; x_wconf 89' lang='lat' dir='ltr'>et</span> 
     </span>
     <span class='ocr_line' id='line_1_89' title="bbox 1336 2950 2162 3006; baseline -0.006 -12"><span class='ocrx_word' id='word_1_610' title='bbox 1336 2953 1402 2994; x_wconf 88' lang='lat' dir='ltr'>vir</span> <span class='ocrx_word' id='word_1_611' title='bbox 1421 2952 1606 3006; x_wconf 90' lang='lat' dir='ltr'>prudens</span> <span class='ocrx_word' id='word_1_612' title='bbox 1624 2963 1710 2992; x_wconf 91' lang='lat' dir='ltr'>non</span> <span class='ocrx_word' id='word_1_613' title='bbox 1727 2950 1971 2991; x_wconf 89' lang='lat' dir='ltr'>abhorrebit</span> <span class='ocrx_word' id='word_1_614' title='bbox 1988 2950 2119 2990; x_wconf 85' lang='lat' dir='ltr'>illam.</span> <span class='ocrx_word' id='word_1_615' title='bbox 2143 2964 2162 2988; x_wconf 72' lang='lat' dir='ltr'>n</span> 
     </span>
    </p>

    <p class='ocr_par' dir='ltr' id='par_1_8' title="bbox 1335 3018 2363 3357">
     <span class='ocr_line' id='line_1_90' title="bbox 1389 3018 2358 3070; baseline -0.003 -8"><span class='ocrx_word' id='word_1_616' title='bbox 1389 3021 1468 3062; x_wconf 89' lang='lat' dir='ltr'>Per</span> <span class='ocrx_word' id='word_1_617' title='bbox 1500 3020 1677 3060; x_wconf 90' lang='lat' dir='ltr'>modum</span> <span class='ocrx_word' id='word_1_618' title='bbox 1718 3031 1820 3060; x_wconf 92' lang='lat' dir='ltr'>vero</span> <span class='ocrx_word' id='word_1_619' title='bbox 1855 3018 2104 3060; x_wconf 84' lang='lat' dir='ltr'>invectionis</span> <span class='ocrx_word' id='word_1_620' title='bbox 2150 3030 2358 3070; x_wconf 76' lang='lat' dir='ltr'>expressae</span> 
     </span>
     <span class='ocr_line' id='line_1_91' title="bbox 1335 3089 2359 3144; baseline -0.003 -10"><span class='ocrx_word' id='word_1_621' title='bbox 1335 3091 1548 3144; x_wconf 84' lang='lat' dir='ltr'>exprimit,</span> <span class='ocrx_word' id='word_1_622' title='bbox 1571 3103 1670 3132; x_wconf 87' lang='lat' dir='ltr'>cum</span> <span class='ocrx_word' id='word_1_623' title='bbox 1700 3090 1924 3142; x_wconf 85' lang='lat' dir='ltr'>subjungit</span> <span class='ocrx_word' id='word_1_624' title='bbox 1951 3101 1961 3129; x_wconf 76' lang='grc' dir='ltr'>ε</span> <span class='ocrx_word' id='word_1_625' title='bbox 1995 3089 2161 3136; x_wconf 73' lang='lat' dir='ltr'>Quanta</span> <span class='ocrx_word' id='word_1_626' title='bbox 2185 3089 2359 3131; x_wconf 74' lang='lat' dir='ltr'>audivi-</span> 
     </span>
     <span class='ocr_line' id='line_1_92' title="bbox 1337 3159 2362 3214; baseline -0.005 -8"><span class='ocrx_word' id='word_1_627' title='bbox 1337 3174 1430 3206; x_wconf 84' lang='lat' dir='ltr'>mus</span> <span class='ocrx_word' id='word_1_628' title='bbox 1459 3163 1575 3214; x_wconf 79' lang='lat' dir='ltr'>facta</span> <span class='ocrx_word' id='word_1_629' title='bbox 1609 3162 1657 3204; x_wconf 79' lang='lat' dir='ltr'>in</span> <span class='ocrx_word' id='word_1_630' title='bbox 1698 3160 2012 3213; x_wconf 77' lang='lat' dir='ltr'>capharnaum,</span> <span class='ocrx_word' id='word_1_631' title='bbox 2054 3159 2208 3199; x_wconf 80' lang='lat' dir='ltr'>scilicet</span> <span class='ocrx_word' id='word_1_632' title='bbox 2234 3173 2362 3213; x_wconf 83' lang='lat' dir='ltr'>opera</span> 
     </span>
     <span class='ocr_line' id='line_1_93' title="bbox 1337 3229 2357 3282; baseline -0.004 -8"><span class='ocrx_word' id='word_1_633' title='bbox 1337 3233 1604 3275; x_wconf 90' lang='lat' dir='ltr'>miraculosa.</span> <span class='ocrx_word' id='word_1_634' title='bbox 1629 3231 1790 3273; x_wconf 80' lang='lat' dir='ltr'>Unde¹³</span> <span class='ocrx_word' id='word_1_635' title='bbox 1814 3245 1823 3271; x_wconf 88' lang='lat'>:</span> <span class='ocrx_word' id='word_1_636' title='bbox 1852 3229 1937 3270; x_wconf 89' lang='lat' dir='ltr'>«Et</span> <span class='ocrx_word' id='word_1_637' title='bbox 1957 3231 2019 3280; x_wconf 86' lang='lat' dir='ltr'>tu,</span> <span class='ocrx_word' id='word_1_638' title='bbox 2048 3229 2357 3282; x_wconf 87' lang='lat' dir='ltr'>Capharnaum,</span> 
     </span>
     <span class='ocr_line' id='line_1_94' title="bbox 1337 3300 2363 3357; baseline -0.003 -11"><span class='ocrx_word' id='word_1_639' title='bbox 1337 3304 1549 3357; x_wconf 79' lang='lat' dir='ltr'>numquid</span> <span class='ocrx_word' id='word_1_640' title='bbox 1568 3315 1705 3356; x_wconf 85' lang='lat' dir='ltr'>usque</span> <span class='ocrx_word' id='word_1_641' title='bbox 1729 3302 1773 3342; x_wconf 92' lang='lat' dir='ltr'>in</span> <span class='ocrx_word' id='word_1_642' title='bbox 1794 3301 1947 3342; x_wconf 88' lang='lat' dir='ltr'>coelum</span> <span class='ocrx_word' id='word_1_643' title='bbox 1968 3300 2248 3342; x_wconf 80' lang='lat' dir='ltr'>exaltaberis?</span> <span class='ocrx_word' id='word_1_644' title='bbox 2266 3316 2285 3340; x_wconf 84' lang='grc'>))</span> <span class='ocrx_word' id='word_1_645' title='bbox 2311 3301 2363 3343; x_wconf 86' lang='grc' dir='ltr'>Ε1</span> 
     </span>
    </p>
   </div>
   <div class='ocr_carea' id='block_1_7' title="bbox 1336 3431 2361 3572">
    <p class='ocr_par' dir='ltr' id='par_1_9' title="bbox 1336 3431 2361 3572">
     <span class='ocr_line' id='line_1_95' title="bbox 1338 3431 2360 3476; baseline -0.004 -7"><span class='ocrx_word' id='word_1_646' title='bbox 1338 3445 1402 3476; x_wconf 76' lang='grc' dir='ltr'>ΧΙΙ,</span> <span class='ocrx_word' id='word_1_647' title='bbox 1424 3437 1477 3468; x_wconf 73' lang='grc'>31.</span> <span class='ocrx_word' id='word_1_648' title='bbox 1492 3451 1532 3458; x_wconf 91' lang='grc'>-</span> <span class='ocrx_word' id='word_1_649' title='bbox 1548 3435 1559 3453; x_wconf 76' lang='lat'>⁹</span> <span class='ocrx_word' id='word_1_650' title='bbox 1575 3432 1800 3473; x_wconf 74' lang='lat' dir='ltr'>Il1cztth.,xm,</span> <span class='ocrx_word' id='word_1_651' title='bbox 1817 3433 1868 3464; x_wconf 67' lang='lat'>58.</span> <span class='ocrx_word' id='word_1_652' title='bbox 1883 3449 1923 3455; x_wconf 85' lang='lat'><em>-</em></span> <span class='ocrx_word' id='word_1_653' title='bbox 1938 3433 1962 3454; x_wconf 86' lang='lat'>¹⁰</span> <span class='ocrx_word' id='word_1_654' title='bbox 1979 3431 2075 3471; x_wconf 56' lang='lat' dir='ltr'>Beth,</span> <span class='ocrx_word' id='word_1_655' title='bbox 2088 3432 2123 3464; x_wconf 81' lang='lat' dir='ltr'>in</span> <span class='ocrx_word' id='word_1_656' title='bbox 2142 3433 2230 3472; x_wconf 65' lang='lat' dir='ltr'>Luc„</span> <span class='ocrx_word' id='word_1_657' title='bbox 2247 3432 2304 3463; x_wconf 86' lang='lat' dir='ltr'>lib.</span> <span class='ocrx_word' id='word_1_658' title='bbox 2322 3434 2360 3465; x_wconf 81' lang='lat' dir='ltr'>ll.</span> 
     </span>
     <span class='ocr_line' id='line_1_96' title="bbox 1339 3478 2361 3522; baseline -0.006 -7"><span class='ocrx_word' id='word_1_659' title='bbox 1339 3502 1379 3508; x_wconf 89' lang='lat'>—</span> <span class='ocrx_word' id='word_1_660' title='bbox 1401 3484 1424 3504; x_wconf 91' lang='lat'>¹¹</span> <span class='ocrx_word' id='word_1_661' title='bbox 1445 3481 1516 3522; x_wconf 73' lang='lat' dir='ltr'>Joh,</span> <span class='ocrx_word' id='word_1_662' title='bbox 1539 3489 1573 3522; x_wconf 71' lang='lat' dir='ltr'>v,</span> <span class='ocrx_word' id='word_1_663' title='bbox 1592 3482 1691 3513; x_wconf 86' lang='lat'><strong>18.—</strong></span> <span class='ocrx_word' id='word_1_664' title='bbox 1711 3480 1735 3502; x_wconf 83' lang='lat'>¹²</span> <span class='ocrx_word' id='word_1_665' title='bbox 1748 3478 1867 3521; x_wconf 67' lang='lat' dir='ltr'>Ecclz‘„</span> <span class='ocrx_word' id='word_1_666' title='bbox 1882 3487 2026 3521; x_wconf 79' lang='lat' dir='ltr'>xxxvm,</span> <span class='ocrx_word' id='word_1_667' title='bbox 2049 3481 2121 3520; x_wconf 65' lang='grc'>1,]1.</span> <span class='ocrx_word' id='word_1_668' title='bbox 2137 3479 2212 3503; x_wconf 87' lang='lat'>-¹³</span> <span class='ocrx_word' id='word_1_669' title='bbox 2228 3479 2361 3519; x_wconf 63' lang='lat' dir='ltr'>Mattlc„</span> 
     </span>
     <span class='ocr_line' id='line_1_97' title="bbox 1336 3531 1528 3572; baseline -0.021 -9"><span class='ocrx_word' id='word_1_670' title='bbox 1336 3539 1385 3572; x_wconf 74' lang='lat' dir='ltr'>XI,</span> <span class='ocrx_word' id='word_1_671' title='bbox 1405 3531 1458 3570; x_wconf 81' lang='lat'>23,</span> <span class='ocrx_word' id='word_1_672' title='bbox 1477 3531 1528 3561; x_wconf 82' lang='lat'>24.</span> 
     </span>
    </p>
   </div>
  </div>
 </body>
</html>
