2587 3845
1122 166 1291 209 CAPUT
1320 168 1369 208 X.
2263 183 2310 221 71

187 259 250 299 cet
268 266 474 296 consensu
490 287 502 306 ,
525 256 594 297 vel
613 270 697 310 qua
727 256 923 310 superbia
951 255 1180 297 voluerunt
1199 256 1211 278 ¹

185 327 338 368 turrim
355 327 560 367 aedificare
573 328 886 380 pertingentem
904 339 1041 380 usque
1057 326 1109 366 ad
1127 338 1208 366 coe-

184 397 298 448 lum,
336 401 376 437 et
406 409 562 438 nomen
597 411 724 438 suum
758 398 967 439 celebrare
992 409 1208 449 :quorum

184 470 414 522 utrumque
434 470 630 522 superbia
658 471 750 510 fuit.
775 470 875 511 Cum
906 481 947 511 se
963 501 974 519 ,
1008 468 1206 521 inquam,

185 541 382 584 nationes
414 541 694 590 attulissent,
726 543 831 590 ete.;
866 541 1022 588 scivit,
1054 539 1208 579 scilicet

183 612 399 666 sapientia,
422 613 706 665 approbando,
728 615 769 653 et
787 611 999 663 eligendo,
1024 614 1065 651 et
1083 623 1105 651 a
1123 623 1208 651 ma-

181 683 231 724 lis
262 683 527 736 separando²
560 698 568 722 :
596 698 615 722 «
642 683 769 724 Novit
801 683 855 734 (α)
888 682 1091 722 Dominus
1132 681 1207 734 qui

183 754 230 807 (b)
244 756 456 807 sunteJus.
471 769 491 792 »
510 754 542 795 E
555 756 700 794 contra
710 753 831 793 maiis
845 753 995 793 dieitur
1015 753 1028 774 ³
1042 767 1050 792 :
1063 751 1205 793 «Nun-

179 837 309 878 quam
327 826 428 865 novi
446 837 564 866 vos.»
583 825 766 874 Juslum,
788 824 943 864 seilicet
964 823 1179 863 Abraham
1193 854 1202 871 ,

179 895 252 949 qui
267 897 408 948 justus
421 895 576 936 dieitur
595 895 924 935 antonomastice
942 908 950 934 z
969 895 1023 935 Ec
1043 904 1205 935 conser-

178 968 298 1010 vavit
316 968 409 1009 sine
437 967 605 1019 querela
631 966 734 1016 Deo,
765 966 809 1006 in
830 966 968 1006 medio
990 976 1136 1018 pravae
1165 967 1206 1005 et

176 1051 386 1093 perversae
419 1039 601 1079 nationis
623 1069 633 1090 ,
678 1038 791 1091 quod
824 1038 902 1078 fuit
939 1037 1106 1077 difficile
1141 1037 1153 1057 ¹·
1190 1051 1198 1076 :

187 1109 353 1151 «Erant
370 1111 495 1150 ambo
513 1110 603 1150 sine
622 1110 806 1162 querela.
825 1124 843 1146 »
868 1109 920 1150 Ec
940 1110 987 1150 τη
1009 1108 1117 1159 siliis
1132 1139 1141 1156 ,
1159 1108 1202 1148 id

178 1183 257 1230 est,
279 1181 478 1232 posteris,
510 1180 850 1222 misericordiam
882 1180 1029 1230 fortem
1060 1181 1198 1220 custo-

178 1251 309 1302 divit,
331 1251 485 1291 seilicet
502 1263 572 1291 eos
587 1263 641 1291 ex
662 1250 959 1290 misericordiae
983 1261 1071 1289 suae
1095 1249 1202 1288 mul-

175 1321 400 1363 titudineet
416 1317 578 1361 fortiter
588 1321 640 1360 ab
648 1319 899 1360 adversariis
916 1319 1199 1368 defendendo,

173 1396 213 1434 et
230 1392 401 1432 tandem
421 1391 480 1432 eis
497 1393 656 1431 terram
675 1389 964 1442 promissionis
985 1389 1200 1429 conferen-

173 1465 245 1514 do,
265 1463 372 1503 sieut
391 1461 653 1514 promiserat.

225 1537 263 1575 6.
273 1532 540 1584 Hoecjuscum
549 1543 575 1573 a
583 1530 871 1584 pereuntibus,
882 1533 977 1571 ete:
991 1530 1059 1570 hic
1068 1534 1202 1571 osten-

171 1605 230 1646 dit
239 1605 489 1646 benefieium
503 1603 718 1656 sapientiae
741 1602 938 1642 collatum
955 1603 997 1641 in
1016 1614 1196 1654 persona

170 1675 246 1716 Lot
263 1656 290 1727 ⁵,
317 1676 368 1716 de
393 1675 668 1716 subversione
697 1673 892 1714 Sodomae
922 1673 1087 1713 liberati
1110 1688 1118 1713 :
1159 1676 1198 1714 et

169 1747 306 1800 primo
317 1746 454 1798 tangit
468 1745 545 1786 Lot
559 1745 870 1797 liberationem3
893 1744 1077 1784 seeundo
1096 1744 1195 1785 alio-

167 1829 264 1857 rum
285 1817 548 1870 punitionem
572 1828 581 1855 :
607 1815 910 1866 Descenderam,
937 1819 1043 1866 etc.;
1072 1816 1196 1857 tertio

166 1888 398 1941 punitionis
442 1887 686 1940 aequitatem
716 1901 724 1927 :
765 1888 1009 1939 Sapientia*
1039 1891 1194 1929 autem.

167 1958 281 2009 Hoec,
303 1958 458 1999 scilieet
477 1958 696 2010 sapientia,
713 1957 881 2010 „iustum
896 1989 905 2006 ,
927 1958 1080 1998 scilieet
1103 1958 1192 2010 Lot,

165 2033 213 2071 ut
230 2030 330 2071 dicit
350 2029 505 2070 Glossa.
528 2029 632 2070 Item
651 2029 804 2070 dieitur
823 2029 874 2070 de
893 2030 985 2082 ipso
1004 2035 1017 2055 ⁶
1038 2042 1047 2070 z
1077 2045 1096 2069 α
1113 2031 1190 2070 As-

164 2103 288 2154 pectu
316 2103 357 2141 et
387 2100 536 2141 auditu
550 2102 693 2153 justus
726 2103 837 2150 erat;
876 2111 903 2142 a
920 2102 1194 2153 pereuntibus

164 2172 338 2224 impiis,
371 2170 527 2212 scilicet
546 2171 597 2212 de
618 2172 826 2212 consortio
856 2171 1083 2224 impiorum
1117 2185 1189 2225 pe-

163 2242 400 2292 reuntium,
420 2242 462 2282 id
482 2243 569 2293 est,
602 2241 918 2283 Sodomitarum
935 2255 944 2293 3
967 2243 1186 2296 liberavit,

164 2317 205 2354 et
237 2325 262 2354 a
292 2313 505 2354 consortio
538 2313 696 2366 eulpae,
740 2314 975 2355 seeundum
1016 2315 1118 2356 illud
1141 2320 1186 2356 ⁷:

170 2398 189 2421 α
206 2382 376 2424 ,Iustum
395 2383 471 2424 Lot
495 2396 745 2436 oppressum
768 2396 793 2423 a
821 2385 1101 2425 nefandorum
1123 2387 1188 2426 in-

159 2454 287 2506 =juria,
303 2466 351 2494 ac
363 2454 586 2495 luxuriosa
598 2455 918 2495 conversatione
928 2456 1099 2507 eripuit,
1111 2471 1129 2493 n
1149 2459 1190 2497 et

163 2537 190 2565 a
217 2525 425 2565 consortio
453 2537 606 2577 poenae.
643 2525 700 2565 De
735 2528 915 2578 utraque
944 2527 1189 2568 liberatione

162 2595 343 2636 habetur
369 2596 413 2635 in
442 2595 587 2636 Genesi
613 2599 641 2636 ⁸.
678 2596 957 2639 Descendente
986 2599 1107 2650 igme,
1136 2598 1188 2639 de

161 2665 288 2716 eoelo,
310 2678 395 2706 non
415 2666 465 2707 de
490 2669 628 2717 terra,
660 2667 850 2708 immisso
865 2669 878 2690 ⁹
901 2680 911 2708 ε
937 2684 955 2707 (‹
971 2668 1084 2709 Plnit
1106 2669 1186 2710 Do-

158 2737 301 2777 minus
321 2748 447 2790 super
466 2736 692 2778 Sodomam
711 2740 753 2778 et
772 2732 1066 2791 Gomorrham,
1093 2742 1185 2782 sul-

158 2807 284 2859 phur,
303 2810 343 2848 et
358 2807 528 2859 ignem,
554 2822 572 2846 »
595 2812 673 2849 etc.
694 2811 747 2850 1η
766 2810 1054 2864 Pentctpolz'm,·
1074 2811 1186 2853 Glos-

159 2890 204 2918 sa
227 2893 235 2919 :
264 2878 338 2920 «id
357 2882 441 2930 est,
463 2879 506 2920 in
526 2881 746 2932 regionem
762 2914 772 2932 ,
803 2882 960 2923 seilicet
994 2884 1182 2937 quinque

157 2949 396 3001 civitatum,
419 2950 575 2991 seilicet
595 2950 845 3004 Sodomam,
866 2953 1146 2996 Gomorrham
1162 2988 1175 3007 ,

156 3020 300 3073 Segor,
325 3020 493 3062 Seboim
506 3053 519 3072 ,
540 3024 580 3062 et
596 3022 819 3065 Adamam.
839 3039 858 3062 »

209 3093 248 3131 7.
282 3091 460 3142 Quibus,
482 3092 636 3133 seilicet
666 3095 962 3146 pereuntibus,
984 3097 1033 3138 in
1060 3099 1179 3140 testi-

155 3162 343 3203 monium
372 3164 597 3215 nequitiae,
629 3164 814 3205 ardentis
846 3166 1001 3207 seilicet
1031 3171 1073 3208 et
1103 3169 1181 3209 foe-

153 3231 278 3272 tentis
296 3232 478 3274 luxuriae
496 3265 509 3284 ,
536 3235 872 3288 fumiyabzmda,
895 3237 937 3277 id
956 3240 1042 3288 est,
1065 3239 1116 3279 de
1137 3252 1181 3280 se

195 3358 207 3379 ¹
227 3357 319 3398 Gen„
338 3368 394 3398 xv,
416 3363 447 3394 4.
467 3380 506 3386 —-
525 3363 539 3384 Ξ
562 3364 586 3395 ΙΙ
612 3364 708 3404 Tim„
730 3374 777 3407 ιι,
799 3368 850 3398 19.
869 3383 911 3390 -
930 3367 941 3386 ³
960 3368 1097 3408 Marta„
1118 3377 1179 3411 vil,

151 3407 204 3437 23.
229 3422 268 3428 —
288 3406 298 3425 ⁴
320 3406 409 3448 Luc„
428 3417 452 3450 1,
472 3412 502 3442 6.
522 3428 563 3434 —
585 3412 598 3434 ⁵
624 3413 717 3452 Gen„
738 3421 820 3451 xlx,
847 3416 896 3446 16.
923 3433 959 3437 -
988 3416 999 3434 ⁶
1019 3417 1044 3447 ΙΙ
1076 3418 1178 3456 Petr.,

152 3459 191 3493 11,
214 3453 245 3483 8.
265 3470 306 3476 —
325 3454 335 3472 ⁷
355 3454 452 3496 lbid.,
471 3458 502 3489 7.
519 3475 561 3481 —
577 3458 591 3480 ⁸
611 3459 707 3500 Gen.,
723 3468 796 3501 xix,
817 3463 845 3494 7.
863 3479 901 3485 —
921 3462 934 3484 ⁹
951 3462 1051 3503 ibid„
1071 3465 1121 3495 24.
1137 3480 1178 3487 —

1285 257 1454 297 fumum
1473 258 1668 299 emittens
1686 274 1694 300 :
1719 262 1833 302 unde
1853 263 1899 302 in
1917 263 2083 305 Psalmo
2104 270 2133 291 ¹⁰
2155 279 2164 306 :
2194 282 2212 305 (ι
2231 268 2308 309 As-

1286 328 1422 368 cendit
1444 329 1588 369 fumus
1607 330 1651 370 in
1671 331 1734 372 ira
1752 334 1844 386 ejus
1865 348 1874 374 :
1903 348 1921 371 n
1946 335 2118 377 Constat
2148 335 2311 380 deserta

1286 402 1422 448 terra,
1464 399 1619 440 seilicet
1657 414 1682 441 a
1718 403 1871 455 plantis
1909 407 1949 445 et
1985 406 2207 446 arboribus
2237 409 2262 430 ¹¹
2299 425 2308 450 :

1290 468 1473 518 «Terra,
1496 470 1548 510 de
1568 483 1652 523 qua
1671 473 1887 515 oriebatur
1906 476 2026 527 panis
2046 477 2091 516 in
2107 477 2198 518 loeo
2217 491 2309 530 suo,

1284 540 1374 591 igni
1394 541 1613 582 combusta
1630 546 1705 583 est.
1722 558 1740 581 n
1767 544 1871 585 Item
1894 546 1922 571 ¹²
1946 561 1954 587 ε
1973 563 1991 585 (ι
2014 547 2188 588 Terram
2207 549 2313 590 frue-

1283 610 1446 649 tiferam
1470 610 1515 650 in
1543 613 1810 665 salsuginem
1831 629 1856 656 a
1884 617 2049 657 maIItia
2074 618 2312 659 inhabitan-

1283 680 1391 720 tium
1414 681 1457 720 in
1478 693 1542 722 ea.
1565 697 1583 720 ι)
1619 684 1678 726 Ec
1697 686 1871 736 incerto,
1893 688 2050 728 seilicet
2069 688 2312 729 indetermi-

1283 753 1382 790 nato
1403 754 1450 802 (c)
1474 757 1672 806 tempore,
1698 758 1864 807 fructus
1894 759 2088 801 habentes
2122 760 2308 811 arbores,

1282 821 1474 874 inutiles,
1507 828 1554 865 ut
1585 826 1761 878 dieitur;
1787 829 1887 881 quia
1915 831 2157 871 referuntur
2184 844 2312 884 poma

1281 893 1337 932 ibi
1364 895 1479 934 nasci
1511 898 1698 938 exterius
1727 902 1864 940 setosa
1890 932 1901 950 ,
1935 901 2050 942 intus
2076 903 2242 944 cinerea
2270 906 2312 944 et

1281 965 1485 1007 favillosa.
1522 967 1694 1010 Glossa:
1723 986 1741 1009 (ι
1770 972 2035 1024 Ostendunt,
2074 976 2188 1027 quod
2221 976 2311 1016 sine

1278 1037 1416 1077 fructu
1447 1040 1705 1090 poenitentiae
1740 1043 1950 1085 damnatae
1978 1046 2133 1086 animae
2168 1047 2214 1087 iu
2247 1048 2311 1087 in-

1280 1108 1397 1148 ferno
1422 1110 1629 1151 ardebunt
1648 1113 1693 1153 in
1713 1117 1936 1156 aeternum.
1960 1117 2241 1169 Fiymemimz,
2268 1119 2309 1160 id

1279 1182 1341 1218 est
1359 1182 1495 1220 statua
1509 1213 1521 1231 ,
1540 1183 1668 1233 salis,
1690 1185 1742 1225 ad
1764 1187 2048 1228 condiendum
2068 1200 2216 1229 omnes
2235 1202 2308 1230 au-

1279 1250 1439 1311 dientes
1473 1253 1558 1294 sale
1589 1256 1830 1308 sapientiae,
1862 1261 2007 1298 eontra
2039 1260 2307 1311 putredinem

1278 1324 1457 1363 carnalis
1485 1328 1835 1379 concupiscentiae
1859 1361 1871 1379 ,
1900 1331 1967 1370 vel
2004 1331 2256 1383 insipientiae
2293 1345 2303 1372 :

1276 1393 1567 1445 Fc'qmenlum,
1600 1397 1715 1449 diro,
1746 1403 1868 1441 stans
1898 1402 2124 1451 memoria,
2148 1402 2191 1441 id
2219 1405 2304 1453 est,

1276 1464 1565 1506 recordatio¹³z
1579 1482 1596 1504 α
1607 1467 1813 1509 §leniores
1828 1473 1957 1511 estote
1974 1472 2120 1512 uxoris
2132 1471 2236 1512 Loth
2255 1488 2263 1514 ε
2281 1488 2299 1510 ))

1276 1547 1373 1587 quae
1400 1539 1513 1576 retro
1540 1540 1749 1591 respexit,
1780 1542 1928 1582 nolens
1954 1544 2122 1585 credere
2139 1545 2305 1597 Angelo

1276 1606 1544 1659 prohibenti,
1568 1612 1614 1649 ut
1645 1614 1757 1662 patet
1783 1599 1824 1652 ὖ.
1858 1612 2099 1654 Notandum
2136 1619 2302 1666 autem,

1275 1678 1388 1729 quod
1403 1681 1515 1718 terra
1529 1679 1691 1720 deserta
1707 1682 1954 1723 testificatur
1964 1696 2111 1726 eorum
2128 1686 2179 1726 ad
2194 1687 2305 1728 bona

1275 1759 1400 1800 opera
1422 1749 1694 1791 inutilitatem
1712 1766 1721 1801 3
1742 1752 1906 1804 fumus,
1935 1766 2083 1795 eorum
2104 1769 2128 1796 a
2145 1758 2303 1798 carnali

1272 1820 1606 1872 eoncupiscentia
1638 1825 1988 1877 excaecatione1n3
2010 1828 2170 1869 fructus
2200 1830 2301 1871 inu-

1271 1891 1386 1941 tiles,
1409 1903 1557 1932 eorum
1579 1894 1735 1934 malam
1756 1898 2143 1951 conversationem3
2164 1904 2302 1943 statua

1272 1962 1368 2002 salis
1382 1995 1393 2013 ,
1420 1975 1569 2004 eornm
1591 1977 1665 2018 per
1685 1968 1897 2008 carnalem
1918 1971 2301 2023 concupiscentiam

1271 2033 1491 2075 defluxum
1512 2067 1522 2085 ,
1564 2039 1604 2076 et
1634 2039 1983 2090 concupiscentia}
2016 2043 2299 2094 putredinem.

1324 2107 1362 2145 8.
1385 2106 1651 2157 Sapientiam
1677 2109 1811 2158 enim,
1836 2112 1912 2149 ete.
1946 2112 2067 2162 quasi
2085 2112 2194 2153 dicat
2217 2128 2226 2154 ε
2250 2113 2302 2154 Et

1270 2177 1421 2216 merito
1456 2176 1514 2216 sie
1550 2177 1687 2230 puniti
1721 2181 1853 2219 sunt:
1887 2182 2147 2232 sapientiam
2186 2185 2300 2225 enim

1265 2251 1587 2299 proeterezmte8‚
1610 2248 1653 2289 id
1675 2252 1736 2289 est
1753 2282 1762 2300 ,
1782 2249 2026 2302 abjicientes
2043 2252 2270 2295 Sodomitae
2287 2287 2297 2306 ,

1268 2321 1309 2359 et
1337 2319 1430 2359 ideo
1460 2320 1644 2360 infelices
1660 2351 1671 2369 ,
1706 2320 1819 2361 unde
1843 2334 1971 2374 supra
1996 2324 2022 2345 ¹⁵
2045 2336 2055 2364 :
2075 2339 2093 2362 c(
2119 2324 2297 2377 Sapien-

1268 2391 1371 2431 tiam
1391 2393 1431 2430 et
1452 2391 1716 2442 disciplinam
1738 2392 1811 2444 qui
1832 2392 1989 2444 abjicit,
2003 2394 2149 2435 infelix
2174 2400 2234 2437 est
2250 2412 2291 2438 ε»

1267 2461 1360 2500 ideo
1393 2462 1519 2501 etiam
1558 2462 1793 2513 petierunt,
1834 2465 2070 2506 seeundum
2105 2467 2208 2508 illud
2232 2473 2293 2510 ¹⁶:

1273 2546 1290 2568 «
1307 2530 1410 2580 Quia
1427 2543 1513 2571 non
1534 2532 1777 2573 habuerunt.
1797 2534 2064 2586 sapientiam,
2078 2538 2294 2590 perierunt

1266 2604 1437 2654 propter
1463 2615 1585 2643 suam
1618 2604 1919 2656 insipientiam.
1957 2620 1976 2643 n
2005 2607 2089 2648 Nee
2125 2613 2293 2651 tantum

1265 2673 1514 2725 perierunt,
1547 2674 1646 2726 quia
1682 2675 1934 2727 sapientiam
1967 2680 2290 2732 praeterierunt,

1263 2744 1335 2784 sed
1365 2747 1405 2784 et
1432 2756 1521 2785 suae
1552 2745 1806 2798 insipientiae
1834 2749 2085 2789 memoriam
2111 2751 2292 2804 relique-

1262 2818 1376 2855 runt.
1411 2815 1462 2856 Et
1490 2816 1572 2857 hoe
1602 2819 1694 2864 est,
1726 2819 1836 2870 quod
1868 2820 2010 2860 subdit
2035 2821 2162 2863 :Non
2191 2828 2287 2865 tan-

1262 2890 1352 2928 tum
1374 2886 1437 2938 (c),
1459 2890 1537 2927 ete.
1572 2889 1868 2940 Sapientiam,
1899 2890 2090 2943 inquam,
2113 2898 2289 2945 praeter-

1260 2961 1429 3008 euntes,
1460 2969 1545 3001 ηοη
1576 2963 1740 3001 tantam
1766 2961 1815 3002 in
1847 2960 1922 3002 Ιιοο
1952 2962 2067 3014 lapsi
2091 2968 2216 3016 sunt,
2243 2970 2289 3009 ut

1259 3030 1518 3082 iynorarent,
1530 3030 1773 3083 ignorantia
1790 3032 1959 3083 seilicet,
1976 3034 2025 3074 de
2045 3048 2129 3088 qua
2140 3037 2168 3061 ¹⁷
2186 3051 2226 3077 ια
2242 3037 2287 3078 Si

1259 3101 1354 3154 quis
1375 3101 1568 3153 ignorat,
1590 3102 1888 3154 ignorabitur;
1916 3119 1935 3142 ι)
1957 3106 2075 3147 Bona
2089 3138 2098 3156 ,
2129 3108 2287 3149 seilicet

1257 3172 1507 3224 pertinentia
1538 3174 1590 3213 ad
1609 3174 1742 3214 vitam
1767 3177 1808 3215 et
1833 3175 2011 3216 salutem
2038 3178 2280 3230 propriam:

1259 3268 1282 3289 ¹⁰
1302 3267 1392 3300 Psal.
1417 3276 1503 3308 xvir,
1527 3270 1558 3300 9.
1580 3288 1615 3291 —
1641 3270 1663 3288 ¹¹
1693 3270 1769 3310 Job,
1791 3278 1922 3311 xxvul,
1941 3273 1972 3304 5.
1992 3289 2031 3296 —
2059 3273 2083 3294 ¹2
2101 3273 2191 3305 Psal.
2213 3282 2283 3314 cvr,

1255 3315 1306 3346 34.
1325 3333 1364 3337 —
1383 3316 1404 3334 ¹³
1419 3316 1509 3354 Lae„
1535 3324 1619 3355 xvii,
1639 3319 1690 3349 32.
1709 3335 1748 3340 —
1767 3318 1791 3339 ¹⁵
1806 3318 1899 3355 Gen..
1921 3327 1992 3359 xix,
2015 3322 2065 3352 26.
2079 3338 2121 3344 —
2146 3322 2166 3339 ¹⁵
2188 3321 2281 3362 Sap„

1255 3369 1306 3402 ιιι,
1330 3365 1380 3394 11.
1399 3381 1441 3386 -
1464 3363 1488 3381 ¹⁶
1504 3363 1636 3404 Barac„
1661 3372 1711 3405 ιιι,
1732 3366 1783 3396 28.
1804 3383 1844 3389 -
1869 3367 1894 3388 ¹7
1914 3367 1925 3397 l
1949 3367 2039 3405 Corn,
2060 3375 2130 3405 xiv,
2149 3369 2202 3399 38.

1298 3421 1344 3461 (a)
1365 3421 1460 3463 Vulq.
1481 3423 1659 3464 Cognovit.
1676 3439 1714 3446 —
1729 3423 1770 3465 (b)
1790 3424 1869 3456 Coet.
1889 3424 1970 3456 edit.
1987 3434 2127 3466 quae.—
2141 3427 2180 3469 (c)
2198 3428 2281 3461 Item

1254 3467 1492 3501 determinato.
1512 3488 1545 3492 —
1575 3470 1620 3511 (cl)
1640 3471 1724 3503 caet.
1742 3471 1821 3503 edit.
1844 3474 2012 3512 tanquam.
