2587 3845
1041 191 1208 234 CAPUT
1237 192 1340 235 XVI.

131 287 227 329 dine
244 295 402 336 magna
418 284 544 336 atque
563 280 761 332 terribili,
789 281 833 321 in
853 292 935 333 qua
955 282 1044 320 erat
1066 292 1155 321 ser-

129 368 232 409 pens
252 355 357 395 flatu
381 354 588 402 adurens,
617 356 657 392 et
686 351 866 404 scorpio,
890 363 937 391 ac
955 351 1108 403 dipsas.
1130 366 1149 388 n

129 424 334 477 Loquitur
351 424 418 464 hic
438 424 489 464 de
508 423 632 463 bonis
651 423 724 474 qui
745 422 818 461 filii
838 421 910 462 Dei
930 424 1049 472 sunt,
1070 433 1155 462 non

129 496 180 537 de
198 495 337 536 malis.

180 562 482 604 Misericordia
495 563 605 604 enim
620 565 711 612 tua,
729 563 824 601 etc.:
842 559 1076 600 ostenditur
1088 572 1158 600 au-

129 635 215 674 tem
235 633 305 673 hic
329 634 437 674 ratio
456 633 678 684 multiplex
705 631 967 672 liberationis
994 630 1156 671 Israeli-

129 708 292 755 tarum,
324 716 507 757 quarum
536 704 673 756 prima
701 702 780 743 fuit
809 703 944 754 pietas
974 702 1065 751 Dei;
1091 714 1158 742 se-

130 775 280 824 cunda,
302 774 541 827 periculum
571 773 873 826 desperationis
903 787 912 813 :
936 773 989 814 In
1006 784 1158 815 memo-

129 847 200 887 ria
219 845 348 895 enim,
381 847 477 894 etc.;
499 844 644 893 tertia,
667 844 805 883 virtus
831 843 965 884 divini
995 855 1156 884 sermo-

129 915 196 954 nis
240 929 249 954 :
297 914 466 956 Etenim
503 924 632 966 neque
670 913 807 963 herba,
850 915 954 962 etc.;
991 916 1157 966 quarta,

131 985 313 1026 ostensio
328 985 484 1025 divinae
494 984 658 1036 pietatis
677 998 685 1024 :
707 984 767 1025 Tu
783 994 838 1033 es,
854 984 1045 1034 Domine,
1061 987 1157 1035 etc.;

132 1055 300 1107 quinta,
315 1055 501 1096 humana
513 1055 741 1106 fragilitas:
760 1055 892 1096 Homo
908 1058 1065 1104 autem,
1081 1058 1158 1095 etc.

134 1125 245 1166 Bene
275 1125 363 1166 dixi
399 1137 408 1165 :
446 1124 578 1166 Filios
607 1128 745 1166 autem
780 1128 892 1175 tuos,
926 1125 969 1165 id
1001 1128 1076 1175 est,
1101 1125 1159 1165 Is-

134 1198 333 1239 raelitas:
365 1209 439 1241 nec
473 1199 708 1240 draconum
739 1202 1039 1241 venenatorum
1057 1198 1159 1240 clen-

136 1272 214 1319 ies,
242 1269 285 1309 id
317 1271 397 1319 est,
431 1280 601 1309 morsus
640 1272 881 1321 serpentum
911 1269 1160 1320 ignitorum,

134 1339 327 1379 vicerunt
357 1349 370 1378 .·
407 1334 702 1379 misericordia
738 1339 851 1379 enim
889 1341 987 1387 tua,
1031 1338 1072 1377 id
1104 1341 1164 1378 est

134 1406 306 1446 effectus
337 1407 635 1447 misericordiae
679 1410 787 1456 tuae,
825 1407 1059 1450 adveniens
1093 1418 1165 1449 sa-

139 1476 271 1519 nabat*
302 1476 410 1518 illos.
445 1475 562 1517 Unde
594 1481 602 1502 ¹
639 1491 646 1517 :
675 1492 693 1514 «
716 1477 759 1517 Si
782 1477 970 1518 dicebam
994 1493 1002 1517 :
1026 1478 1164 1518 Motus

136 1549 198 1587 est
227 1558 301 1599 pes
331 1559 475 1597 meus3
509 1547 798 1588 misericordia
830 1550 930 1598 tua,
970 1547 1160 1598 Domine,

138 1617 367 1669 adjuvabat
384 1629 474 1667 me3
497 1631 515 1655 n
536 1620 577 1658 et
597 1621 612 1641 ¹
629 1630 638 1657 :
663 1632 683 1656 (1
700 1617 913 1659 Obducam
930 1618 1165 1659 cicatricem

137 1690 268 1738 tuam,
291 1690 331 1728 et
349 1687 456 1728 dabo
475 1688 553 1728 tibi
582 1688 827 1738 sanitatem3
852 1703 871 1726 ›>
900 1692 940 1729 et
960 1691 974 1713 ³
998 1703 1006 1729 :
1036 1704 1054 1727 (ι
1075 1688 1166 1741 Ipse

137 1758 251 1798 enim
270 1757 480 1808 vulnerat,
505 1760 545 1798 et
567 1758 774 1799 medetur.
797 1772 815 1795 ›>

192 1830 257 1869 11.
270 1829 322 1869 In
340 1829 541 1870 memoria
555 1829 668 1870 enim
683 1839 919 1870 sermonum
932 1832 1112 1880 tuorum,
1125 1830 1167 1870 id

139 1900 216 1947 est,
236 1910 312 1951 per
338 1898 726 1939 remunerationem
755 1899 1051 1940 mandatorum
1070 1902 1167 1940 tuo—

139 1980 252 2018 rum,
275 1969 647 2020 examinabantur,
665 1969 796 2022 aliqui
811 1970 964 2010 scilicet
976 1970 1147 2010 illorum
1154 1984 1163 2019 ;

143 2042 180 2081 et
231 2038 424 2081 velociter
481 2039 770 2091 sanabantur,
823 2040 891 2080 vel
939 2040 1164 2082 salvaban-

142 2113 228 2158 tur,
252 2109 415 2149 scilicet
432 2109 505 2149 alii
524 2110 789 2162 poenitentes,
814 2110 908 2150 visa
929 2114 1063 2150 morte
1097 2110 1167 2152 vel

141 2189 265 2229 poena
307 2178 503 2219 aliorum.
557 2179 632 2220 Vel
675 2180 1091 2231 exter-minabantur,
1125 2180 1169 2221 id

142 2250 216 2298 est,
248 2248 436 2299 graviter
457 2249 767 2301 puniebantur3
809 2254 847 2292 et
865 2251 1060 2293 velociter
1098 2262 1167 2292 sa-

143 2317 380 2367 nabantur,
429 2329 481 2360 ne
520 2320 570 2360 in
596 2320 748 2370 altam,
797 2320 840 2360 id
886 2324 947 2362 est
994 2322 1170 2373 profun-

143 2388 255 2439 dam,
305 2389 561 2440 incidentes,
611 2391 655 2431 id
699 2394 762 2431 est
800 2391 915 2431 intus
961 2393 1167 2442 cadentes,

144 2458 415 2508 oblivionem,
458 2461 612 2501 scilicet
660 2461 977 2512 desperationis,
1017 2461 1172 2501 scilicet

144 2533 314 2582 propter
329 2530 527 2582 adJ'utorii
546 2533 586 2570 et
608 2531 782 2571 remedii
802 2530 1063 2579 dilationem,
1085 2541 1172 2572 non

145 2592 312 2651 possent
340 2603 410 2641 tuo
445 2601 512 2642 uti
542 2600 778 2653 anutoriO,
818 2600 861 2640 id
895 2603 979 2648 est,
1020 2601 1171 2652 gratiae

145 2673 230 2710 tuae
245 2669 474 2720 liberantis,
496 2671 592 2722 ipsi,
614 2671 721 2721 dico,
747 2671 842 2711 facti
860 2671 1026 2722 indigni
1047 2671 1172 2711 mise·

145 2741 324 2781 ricordia
342 2744 418 2781 tua
436 2744 608 2794 propter
625 2741 973 2794 desperationem.
999 2740 1116 2782 Unde
1131 2745 1168 2782 ⁴:

154 2809 358 2863 «Impius,
374 2823 473 2852 cum
485 2812 529 2852 in
546 2813 806 2864 profundum
822 2815 1090 2864 peccatorum
1105 2824 1172 2853 ve-

145 2881 269 2932 nerit,
289 2882 534 2922 contemnit.
547 2896 567 2919 »
587 2882 705 2923 Unde
721 2883 766 2922 in
780 2882 947 2923 Psalmo
961 2883 974 2903 5
989 2894 999 2922 :
1017 2897 1036 2921 11
1051 2882 1173 2923 Obliti

145 2954 242 2992 sunt
261 2952 444 3003 Domini,
466 2953 539 3006 qui
557 2954 736 2995 salvavit
757 2955 810 3005 (a)
833 2965 917 3005 eos,
937 2967 956 2991 n
974 2955 1051 2993 etc.

198 3025 263 3063 12.
279 3023 462 3073 Etenim,
475 3026 552 3065 etc.
567 3024 614 3076 (b)
633 3024 684 3064 Et
699 3024 928 3065 benedixi:
949 3024 1001 3064 In
1016 3034 1174 3066 memo-

149 3093 220 3135 ria
251 3104 489 3137 sermonum
517 3099 684 3137 tuorum
713 3109 722 3135 :
752 3095 914 3145 etenim,
943 3105 1020 3146 pro
1053 3096 1171 3147 quia,

149 3173 280 3215 neque
299 3165 437 3216 herba,
461 3166 505 3206 id
522 3169 598 3217 est,
620 3165 732 3218 potio
748 3178 800 3205 ex
813 3165 956 3205 herbis
974 3165 1173 3215 confecta,

149 3243 244 3283 quae
262 3233 442 3276 bibendo
461 3236 571 3276 intra
581 3236 763 3277 sumitur
780 3250 789 3286 3
805 3246 936 3289 neque
947 3235 1173 3287 malagma,

192 3361 204 3383 1
219 3360 309 3392 psal.
327 3369 428 3407 xciii,
451 3366 500 3396 18.
519 3382 560 3388 --
580 3365 591 3384 ²
609 3365 743 3404 Jerem„
766 3372 891 3404 xxxm,
913 3366 942 3395 6.
966 3381 1001 3387 —-
1024 3364 1035 3382 ³
1050 3363 1122 3403 Job,
1142 3372 1176 3405 v,

152 3407 201 3438 18.
222 3423 262 3430 -
287 3407 299 3425 ⁴
324 3408 434 3446 Ρνου..
454 3417 562 3451 xv111,
584 3414 613 3443 1.
639 3429 675 3434 ——
697 3413 710 3434 ⁵
727 3411 818 3443 Psal.
841 3419 893 3452 CV,
913 3412 964 3443 21.
992 3428 1033 3434 -
1053 3411 1066 3431 ⁶
1084 3410 1174 3443 Psal.

150 3460 217 3499 CVI,
236 3455 331 3485 20.—
349 3456 358 3473 ⁷
377 3456 484 3495 Joan„
503 3465 527 3497 1,
547 3461 618 3490 1.-
639 3460 650 3478 ⁸
664 3458 796 3495 Mutila„
819 3467 866 3497 1v,
888 3460 940 3489 23.
954 3476 995 3482 —
1013 3459 1024 3477 ⁹
1046 3458 1056 3489 l
1079 3458 1169 3498 Κεφ,

321 3525 404 3553 ΤΟΜ
434 3525 474 3554 Χ.

2177 203 2253 240 113

1230 281 1271 322 id
1297 284 1373 332 est,
1406 281 1697 334 emplastrum,
1718 282 1831 334 quod
1859 285 1979 324 extra
1995 283 2086 325 loco
2103 284 2257 326 doloris

1230 352 1553 405 superponitur3
1577 353 1752 395 sanavit
1772 363 1852 404 eos,
1875 353 2029 394 scilicet
2059 367 2084 394 a
2105 357 2258 396 morsi-

1230 423 1309 462 bus
1333 425 1577 475 serpentum
1603 437 1611 462 :
1637 424 1710 464 secl
1741 434 1874 465 sermo
1912 427 2032 471 tuus,
2066 425 2258 476 Domine,

1232 493 1275 533 id
1293 497 1368 542 est,
1392 494 1640 534 mandatum
1658 494 1709 534 de
1729 497 1921 546 serpente
1942 506 2061 534 aeneo
2072 495 2260 536 faciendo

1233 567 1273 604 et
1292 565 1530 617 aspiciendo
1553 577 1563 605 τ
1585 567 1675 618 qui,
1693 565 1849 605 scilicet
1866 576 2021 614 sermo,
2033 569 2163 608 sanat
2175 575 2260 608 om-

1232 634 1336 682 nia,
1373 634 1530 675 scilicet
1564 647 1660 687 quae
1693 637 1912 675 sanantur.
1936 634 2054 675 Unde
2084 635 2177 676 haec
2202 638 2264 676 est

1232 705 1504 744 accommoda
1533 704 1773 746 distributio
1795 717 1805 745 ε
1826 717 1926 745 nam
1954 706 1998 745 in
2028 705 2196 747 Psalmo
2216 707 2229 728 ⁶
2252 720 2262 747 :

1239 789 1258 812 (‹
1274 774 1386 814 Misit
1405 775 1589 815 verbum
1620 787 1745 815 suum
1762 807 1772 825 ,
1793 778 1832 815 et
1852 776 2018 817 sanavit
2040 788 2126 817 eos.
2145 791 2165 814 »
2190 776 2266 819 Vel

1233 845 1373 886 Sermo
1394 843 1630 895 increatus,
1668 845 1707 886 id
1741 848 1822 896 est,
1858 845 2008 896 Filius,
2032 847 2083 887 de
2112 859 2197 900 quo
2216 851 2230 872 ⁷
2253 862 2262 887 :

1237 930 1254 952 a
1271 914 1318 955 In
1331 914 1540 968 principio
1560 918 1650 956 erat
1668 914 1869 957 Verbum.
1895 915 2007 957 «Iste
2027 928 2183 968 sermo,
2201 929 2268 958 se-

1236 985 1424 1025 cundum
1441 985 1648 1036 Glossam,
1673 988 1795 1027 curat
1815 998 2011 1039 corpora,
2035 989 2075 1027 et
2099 999 2125 1027 a
2151 987 2270 1039 spiri-

1241 1056 1426 1096 tualibus
1442 1057 1585 1097 bestiis
1609 1057 1796 1097 animam
1812 1060 1952 1107 sanat3
1975 1057 2087 1099 unde
2101 1058 2140 1099 8:
2164 1059 2269 1100 «Sa-

1242 1139 1348 1167 nans
1370 1139 1540 1168 omnem
1559 1127 1826 1179 languorem,
1849 1131 1890 1168 et
1907 1140 2078 1169 omnem
2094 1128 2271 1169 infirmi-

1243 1200 1387 1239 tatem.
1408 1213 1427 1236 2>

1295 1271 1357 1308 13.
1391 1268 1450 1309 Tu
1478 1279 1520 1310 es
1546 1269 1672 1318 enim,
1699 1269 1893 1319 Domine,
1921 1272 1997 1310 etc.
2028 1269 2140 1311 Bene
2165 1270 2266 1321 dixi,

1237 1338 1351 1390 quod
1374 1350 1512 1378 sermo
1530 1341 1633 1378 tuus
1653 1342 1773 1378 sanat
1792 1340 1933 1379 omnia
1956 1353 1965 1380 ε
1997 1343 2044 1382 itt
2072 1341 2185 1382 enim
2210 1351 2267 1390 es,

1238 1410 1432 1459 Domine,
1459 1410 1613 1450 scilicet
1639 1416 1800 1450 creator
1824 1411 2034 1461 omnium,
2066 1413 2143 1464 qui
2169 1413 2271 1454 vitoe

1239 1481 1275 1520 et
1306 1480 1456 1521 mortis
1492 1479 1615 1521 habet
1639 1482 1910 1531 potestatem,
1942 1480 1986 1521 id
2012 1484 2093 1531 est,
2126 1481 2271 1522 vivifi—

1239 1549 1361 1590 candi
1398 1552 1438 1589 et
1478 1550 1786 1600 mortificandi,
1828 1550 2063 1591 secundum
2099 1550 2268 1593 illud⁹:

1247 1634 1266 1658 a
1292 1619 1497 1661 Dominus
1528 1621 1775 1671 mortificat,
1817 1624 1857 1661 et
1895 1621 2107 1672 vivificat,
2137 1636 2158 1660 ι)
2191 1625 2268 1664 etc.

1242 1690 1345 1730 Item
1365 1691 1394 1715 ¹⁰
1418 1705 1426 1730 :
1464 1705 1483 1728 (1
1509 1693 1620 1731 Mors
1645 1694 1686 1732 et
1713 1691 1802 1732 vita
1825 1704 1850 1732 a
1882 1691 1965 1733 Deo
1993 1695 2106 1733 sunt.
2133 1707 2153 1731 ›>
2190 1692 2272 1734 Sed

1241 1763 1401 1810 contra,
1423 1760 1523 1812 quia
1540 1761 1694 1801 dicitur
1713 1762 1881 1814 supra¹¹
1901 1775 1941 1801 z«
1962 1762 2070 1803 Deus
2090 1765 2272 1804 mortem

1240 1843 1326 1872 non
1362 1831 1471 1872 fecit.
1510 1845 1529 1869 >³
1574 1830 1818 1884 Respondeo
1855 1832 2080 1873 dicendum
2097 1864 2107 1884 ,
2157 1833 2272 1885 quod

1241 1902 1439 1954 quamvis
1464 1901 1613 1942 mortis
1634 1913 1719 1942 non
1746 1902 1800 1942 sit
1822 1901 1932 1942 Deus
1952 1914 2080 1943 causa
2099 1903 2269 1944 merito-

1242 1970 1320 2019 ria,
1341 1980 1419 2010 nec
1443 1968 1644 2019 efficieDS,
1669 1973 1876 2021 quantum
1896 1969 1948 2010 ad
1968 1970 2104 2022 ipsam
2126 1971 2272 2023 priva-

1243 2040 1425 2090 tionem,
1465 2039 1594 2080 habet
1629 2043 1774 2081 tamen
1808 2043 2058 2093 potestatem
2095 2042 2269 2093 mortis3

1243 2111 1367 2163 quia,
1396 2111 1494 2151 licet
1526 2122 1613 2151 non
1643 2111 1696 2151 sit
1722 2123 1850 2152 causa
1879 2112 2116 2162 malorum,
2146 2113 2274 2154 habet

1242 2184 1385 2222 tamen
1410 2194 1530 2234 posse
1557 2194 1684 2235 super
1711 2182 1843 2232 mala,
1869 2183 1970 2235 quia
1997 2195 2051 2224 ex
2077 2183 2138 2224 eis
2165 2183 2276 2224 elicit

1245 2254 1286 2291 et
1307 2254 1441 2304 potest
1460 2252 1608 2292 elicere
1627 2253 1752 2293 bona.
1778 2253 1844 2293 Ad
1866 2253 1971 2294 illud
1991 2253 2104 2306 quod
2123 2254 2272 2306 objici-

1243 2324 1328 2372 tur,
1363 2322 1479 2374 quod
1509 2334 1624 2363 mors
1652 2335 1739 2363 non
1766 2326 1828 2363 est
1857 2336 1881 2363 a
1912 2323 2016 2374 Deo,
2050 2324 2276 2365 dicendum

1246 2391 1360 2442 quod
1382 2392 1426 2431 in
1455 2395 1591 2432 morte
1616 2396 1678 2433 est
1703 2393 1884 2445 privatio
1903 2394 2025 2444 vitae,
2048 2406 2146 2446 quae
2168 2393 2275 2434 nihil

1246 2463 1322 2510 est,
1349 2464 1390 2501 et
1414 2461 1507 2501 ideo
1535 2474 1708 2502 causam
1735 2463 1985 2503 efficientem
2010 2475 2098 2504 non
2129 2463 2271 2513 habet,

1247 2531 1317 2570 sed
1339 2532 1478 2583 magis
1500 2532 1786 2582 deficientem;
1809 2533 1910 2574 item
1930 2536 1992 2574 est
2017 2533 2076 2574 ibi
2097 2533 2274 2586 poenalis

1247 2600 1431 2651 afflictio,
1454 2613 1550 2654 quae
1575 2602 1735 2654 aliquid
1756 2606 1833 2652 est,
1859 2606 1900 2644 et
1925 2616 1949 2643 a
1969 2603 2053 2644 Deo
2079 2607 2141 2644 est
2160 2605 2274 2656 ,iuste

1248 2670 1468 2722 infligente
1488 2684 1582 2713 eam
1606 2673 1895 2725 peccatoribus
1914 2673 2067 2714 merito
2086 2676 2275 2726 peccato-

1247 2752 1347 2781 rum
1371 2753 1563 2782 suorum.
1586 2743 1641 2784 Et
1659 2742 1839 2786 deducis
1863 2743 1921 2786 ad
1942 2747 2088 2796 portas
2112 2746 2274 2795 mortis,

1248 2811 1291 2851 id
1309 2813 1386 2862 est,
1409 2812 1462 2852 ad
1486 2815 1729 2855 extremum
1747 2814 1848 2856 vitae
1867 2814 2120 2864 articulum3
2147 2818 2188 2857 et
2209 2824 2275 2856 re-

1250 2882 1398 2934 ducis,
1438 2884 1594 2926 scilicet
1625 2885 1835 2936 sanando,
1875 2887 1924 2926 ut
1954 2887 2068 2938 patet
2097 2885 2144 2925 in
2172 2884 2279 2926 Eze-

1249 2952 1344 2994 chia
1359 2953 1402 2992 ¹².

1304 3027 1369 3064 14.
1399 3023 1531 3067 Homo
1560 3029 1724 3076 autem,
1758 3027 1854 3076 etc„
1886 3024 2008 3075 quasi
2034 3024 2126 3066 sic:
2157 3023 2279 3066 Potes

1251 3094 1523 3145 mortificare,
1554 3098 1596 3136 et
1624 3095 1839 3137 vivificare
1860 3108 1870 3136 ε
1900 3098 2060 3146 autem,
2083 3106 2160 3148 pro
2186 3095 2276 3146 sed,

1251 3164 1371 3206 homo
1395 3164 1439 3216 (c)
1463 3168 1598 3217 potest
1622 3164 1810 3206 occidere
1835 3177 1902 3215 se,
1931 3165 2004 3206 sed
2029 3177 2117 3206 non
2140 3164 2281 3207 vivifi-

1251 3247 1348 3276 care
1370 3249 1379 3275 :
1407 3238 1446 3276 et
1471 3235 1551 3277 hoc
1577 3238 1654 3287 est,
1683 3235 1797 3288 quod
1821 3235 1923 3277 dicit
1946 3249 1956 3276 :
1984 3236 2102 3279 homo
2129 3239 2281 3286 autem,

1253 3320 1298 3353 11,
1318 3313 1349 3343 6.
1369 3328 1410 3334 -
1433 3312 1457 3333 ¹⁰
1476 3311 1596 3351 Eccli„
1613 3319 1667 3352 XI,
1694 3314 1745 3343 14.
1766 3329 1807 3335 —
1830 3314 1852 3334 ¹¹
1872 3312 2006 3353 Sap.,1,
2032 3314 2081 3345 13.
2105 3329 2144 3336 —
2162 3312 2188 3333 ¹²
2205 3313 2284 3352 lsa„

1251 3366 1401 3390 xxxviii.

1296 3410 1340 3451 (a)
1366 3411 1462 3444 Edit.
1489 3411 1565 3443 Ven.
1597 3411 1716 3443 salvat.
1735 3428 1775 3435 —
1806 3410 1850 3451 (b)
1882 3411 1963 3443 Caet.
1993 3410 2074 3442 edit.
2103 3409 2197 3442 deest
2225 3411 2287 3443 Et-

1251 3458 1363 3497 enim,
1384 3459 1449 3489 etc.
1471 3475 1511 3481 -
1536 3458 1577 3499 (c)
1604 3459 1684 3490 Caet.
1708 3458 1786 3490 edit.
1807 3459 1915 3497 repet.
1934 3456 2002 3489 sed.

2104 3518 2130 3555 8

2294 2446 2327 2471 In
2341 2445 2434 2471 morte

2294 2485 2351 2512 duo
2365 2487 2432 2512 sunt
