2634 3853
28 920 98 951 Quae
119 917 167 944 ha-

27 959 97 986 bere
113 959 166 986 de·

955 107 1228 151 EXPOSITIO
1259 108 1312 150 IN
1341 107 1455 149 CAP.
1488 106 1537 147 Π.

186 206 427 250 tudinaliter
447 201 741 255 comprobata,
764 199 952 240 celeriter
971 198 1207 249 divulgata,

187 282 227 320 et
243 274 485 318 memoriter
504 273 762 313 conservata.
783 270 925 310 Primo
941 269 1114 321 quidem
1133 268 1211 308 fuit

187 341 528 387 certitudinaliter
564 340 852 392 comprobata,
882 337 982 390 quia
1009 348 1084 389 per
1112 348 1211 388 pro-

185 413 339 455 babilia
364 412 488 464 signa
506 413 547 451 et
566 410 795 459 evidentia;
818 411 988 462 propter
1007 407 1121 460 quod
1147 407 1212 447 di-

185 484 292 525 citur
314 495 324 523 ε
346 482 407 525 Et
426 483 680 524 invenerunt
699 480 896 529 Mariam,
921 481 959 520 et
982 478 1148 531 Joseph,
1174 482 1212 519 et

185 554 398 605 infantem
423 554 610 605 positum
637 554 687 594 in
714 550 934 603 praesepio.
965 549 1061 591 Ideo
1094 551 1212 593 inve-

183 627 353 675 nerunt,
371 624 470 676 quia
485 623 658 664 sollicite
676 621 982 674 quaesiverunt,
999 623 1039 661 et
1053 622 1212 675 absque

184 694 366 735 fictione.
398 693 516 734 Unde
547 693 699 734 dicitur
731 693 741 713 ¹
772 706 780 731 :
815 707 835 729 «
868 690 1027 732 Sentite
1057 692 1108 732 de
1139 692 1213 733 Do-

185 764 303 804 mino
330 764 377 804 in
406 764 614 813 bonitate,
643 764 683 803 et
706 762 751 802 in
781 761 1045 814 simplicitate
1077 762 1213 803 cordis

186 834 366 887 quaerite
396 833 542 884 illum,
577 832 780 886 quoniam
813 832 1030 872 invenitur
1062 833 1115 872 ab
1148 832 1214 873 his

187 905 262 960 qui
279 918 366 947 non
387 907 551 946 tentant
569 904 707 945 illum.
729 918 747 941 ³)
765 903 817 944 Et
830 906 942 954 nota,
965 903 1214 956 quodiinve-

27 1000 96 1028 beat
117 999 168 1035 qui
187 977 306 1018 nitur
344 988 442 1017 cum
481 975 613 1016 Maria
646 974 823 1026 Virgine
856 976 896 1014 et
931 973 1086 1026 Joseph
1121 974 1214 1016 viro

2228 107 2306 146 265

1284 197 1360 238 Job
1374 200 1411 236 ⁸:
1435 211 1454 235 α
1472 195 1574 244 Quis
1595 194 1700 234 mihi
1719 194 1892 243 tribuat,
1914 196 1961 234 ut
1980 204 2247 244 cognoscam,
2268 196 2309 233 et

1284 267 1500 309 inveniam
1519 265 1659 314 illum,
1682 266 1723 305 et
1738 264 1909 306 veniam
1928 274 2065 316 usque
2085 261 2138 302 ad
2156 262 2308 302 solium

1285 339 1406 390 ejus?
1429 351 1447 375 n
1470 337 1562 377 Non
1581 335 1719 376 solum
1737 335 1816 375 fuit
1835 333 2180 375 certitudinaliter
2200 345 2311 373 com-

1286 408 1482 460 probata,
1513 406 1584 446 sed
1615 408 1656 446 et
1685 405 1874 445 celeriter
1903 403 2145 454 divulgata3
2181 414 2311 455 prop-

1285 481 1399 518 terea
1418 477 1613 517 subditur
1633 477 1686 528 (v.
1711 476 1773 528 18)
1800 490 1809 517 ε
1829 476 1884 518 Et
1903 485 2055 524 omnes,
2076 475 2152 526 qui
2171 473 2313 515 audie—

1286 551 1406 598 rant,
1430 547 1582 589 mirati
1608 549 1729 596 szmt,
1750 546 1905 586 scilicet
1925 545 1975 586 de
1995 543 2176 597 parvulo
2197 546 2311 584 nato.

1284 620 1339 661 Εῑ
1375 618 1425 659 de
1453 618 1544 668 his,
1577 628 1670 669 quse
1709 617 1828 659 dicta
1867 620 1988 659 erant
2016 627 2043 657 a
2071 614 2314 667 pastoribus

1289 689 1347 731 act
1366 689 1507 741 ipsos,
1529 699 1624 740 quae
1648 687 1803 727 scilicet
1823 687 2041 728 audierant
2061 685 2114 726 ab
2133 685 2312 737 Angelo.

1289 758 1405 800 Unde
1436 759 1487 799 de
1515 758 1610 805 viro
1633 759 1749 810 J'usto
1782 757 1935 797 dicitur
1957 760 1975 799 '⁹
2010 770 2019 797 :
2047 771 2066 795 <‹
2091 756 2142 796 Et
2172 756 2315 797 mirati

1288 832 1388 871 sunt
1433 829 1476 869 in
1522 828 1594 868 illo
1640 827 1788 877 multi,
1839 829 1881 867 et
1926 826 2316 868 honorificaverunt

1288 901 1436 942 Deum.
1464 914 1482 937 »
1507 898 1768 941 Videbantur
1793 897 1907 938 enim
1935 896 2068 937 verba
2097 899 2315 949 pastorum

1288 983 1374 1012 non
1398 969 1725 1020 contemnenda,
1750 969 1822 1009 sed
1849 967 2112 1008 admiranda.
2139 967 2318 1021 Ambro-

45 1042 149 1113 ciffi
183 1050 322 1101 justo,
347 1050 388 1089 et
414 1047 460 1087 in
489 1046 717 1100 praesepio,
748 1045 849 1098 quia
874 1057 994 1095 011111,
1024 1045 1097 1097 qui
1124 1045 1216 1086 vult
1289 1043 1378 1083 sius
1397 1043 1426 1064 ¹⁰
1449 1056 1488 1082 2«
1509 1040 1592 1081 Nec
1609 1038 1916 1080 contemnenda
1936 1040 2058 1091 putes
2077 1038 2199 1090 quasi
2215 1038 2318 1079 vilia

29 1128 92 1153 tum
122 1125 169 1151 iu·
190 1118 403 1160 Christum
427 1118 641 1166 invenire,
670 1118 833 1169 oportet
858 1116 1014 1156 habere
1044 1116 1214 1157 mundi·
1288 1113 1418 1153 verba
1458 1112 1763 1165 prophetarum
1805 1124 1814 1150 t
1851 1122 1875 1150 a
1910 1109 2152 1162 pastoribus
2189 1109 2316 1150 etiam

28 1167 139 1195 venire.

190 1189 293 1230 tiam
327 1188 483 1238 cordis,
514 1189 705 1240 respectu
740 1187 829 1236 sui3
859 1185 1091 1238 justitiam,
1122 1199 1214 1226 res-

190 1262 315 1313 pectu
332 1259 536 1312 proximi;
556 1257 836 1298 humilitatem
858 1261 899 1296 et
917 1257 1214 1307 reverentiam,

189 1331 384 1382 respectu
402 1329 489 1369 Dei.
513 1328 562 1369 Et
582 1328 663 1368 ista
681 1329 783 1367 sunt
803 1326 884 1366 tria
903 1338 1095 1377 munera,
1119 1339 1216 1378 quae

189 1400 375 1442 offerunt
405 1411 530 1452 reges
557 1399 721 1439 Christo
754 1397 935 1446 infanti3
970 1399 1010 1437 et
1041 1396 1135 1437 ideo
1162 1398 1216 1437 ab

189 1472 250 1513 eis
267 1471 403 1512 voluit
421 1470 606 1512 inveniri
625 1470 640 1491 2
665 1483 673 1509 :
702 1484 721 1507 «
741 1467 792 1509 Et
811 1467 1015 1507 intrantes
1040 1467 1216 1508 domum

189 1543 445 1584 invenerunt
469 1553 654 1593 puerum
680 1552 777 1580 cum
800 1538 933 1579 Maria
952 1541 1087 1579 matre
1106 1540 1215 1591 ejus,

1290 1182 1421 1223 Maria
1448 1183 1576 1223 fidem
1606 1181 1784 1232 colligit.
1813 1181 1850 1220 A
1875 1179 2112 1232 pastoribus
2137 1179 2318 1232 populus

1290 1254 1342 1294 ad
1377 1253 1450 1294 Dei
1485 1252 1767 1293 reverentiam
1802 1252 2114 1302 congregatum
2152 1250 2318 1303 plebem

1290 1324 1406 1364 enim
1438 1323 1641 1364 Dominus
1673 1322 1908 1374 simplicem
1942 1321 2189 1373 requisivit,
2220 1332 2317 1372 quae

1289 1393 1510 1446 phalerare
1541 1393 1685 1433 audita
1715 1395 1756 1432 et
1786 1393 1928 1432 fucare
1955 1391 2146 1431 nesciret.
2176 1404 2195 1428 »
2220 1391 2320 1431 Haec

1288 1464 1372 1505 ille.
1402 1463 1538 1504 Mirati
1565 1465 1665 1503 sunt
1693 1463 1841 1512 etiam,
1875 1462 1976 1515 quia
2000 1462 2205 1514 parvulus
2233 1474 2320 1502 non

1292 1535 1513 1575 videbatur
1539 1534 1599 1574 eis
1627 1533 1976 1586 contemptibilis,
1999 1533 2069 1573 sed
2089 1532 2318 1573 admirabi-

1289 1606 1354 1646 lis.
1376 1605 1494 1646 Unde
1516 1605 1661 1647 Isaias
1682 1605 1708 1626 ¹¹
1735 1619 1743 1645 ε

1770 1620 1788 1643 «
1810 1603 2021 1645 Parvulus
2052 1603 2164 1644 enim
2197 1606 2321 1644 natus
2340 1626 2473 1654 Chffistus

1291 1678 1352 1717 est
1371 1676 1492 1717 nobis
1523 1677 1564 1715 et
1588 1675 1702 1716 filius
1728 1675 1851 1715 datus
1876 1676 1938 1715 est
1965 1674 2106 1724 nobis,
2129 1676 2170 1714 et
2188 1674 2321 1715 factus
2340 1667 2479 1735 ffigmffij

1292 1750 1353 1788 est
1385 1746 1646 1799 principatus
1681 1757 1807 1798 super
1840 1744 2072 1785 humerum
2106 1746 2199 1797 ers
2235 1759 2243 1785 ς
2278 1747 2319 1785 et
2354 1750 2464 1776 miran-

1291 1818 1514 1859 vocabitur
1535 1828 1691 1857 nomen
1712 1817 1803 1868 eJus
1825 1815 2072 1856 admirabile
2095 1815 2170 1867 (a),
2192 1830 2211 1853 »
2239 1818 2317 1857 etc.
2340 1792 2412 1868 (1225
2422 1792 2480 1860 ἐξα

1292 1889 1454 1941 Ubique
1485 1888 1598 1929 enim
1629 1887 1888 1929 admirabilis
1916 1887 2105 1927 Christus
2131 1889 2318 1939 apparet,
2340 1873 2465 1909 pendas·

190 1617 231 1656 et
249 1614 510 1667 procidentes
537 1612 821 1653 adoraverunt
846 1622 966 1659 eum,
994 1614 1034 1650 et
1063 1611 1217 1663 apertis

189 1672 399 1726 thesauris
430 1683 519 1724 suis
550 1682 795 1722 obtulerunt
832 1681 870 1721 ei
902 1693 1103 1730 munera,
1140 1693 1215 1721 au-

190 1767 308 1806 rum⁷
330 1754 430 1795 thus
456 1756 496 1795 et
519 1753 756 1806 myrrham.
781 1766 799 1789 n
825 1751 873 1791 In
892 1751 973 1791 hoc
999 1751 1127 1791 etiam
1150 1752 1216 1791 in-

190 1825 421 1874 struimur,
450 1825 485 1865 si
515 1824 716 1865 volumus
753 1822 966 1862 Christum
1002 1822 1214 1873 invenire,

190 1896 309 1949 prius
328 1896 380 1937 ad
402 1895 578 1936 Mariam
597 1894 801 1935 debemus
820 1893 1035 1942 accedere,
1057 1893 1108 1933 de
1128 1893 1218 1945 ipsa

192 1968 309 2008 enim
336 1967 488 2008 dicitur
514 1977 642 2018 supra
667 1965 681 1986 ⁸¹
710 1979 718 2005 z
755 1979 774 2003 α
800 1963 1003 2005 Invenisti
1034 1963 1217 2014 gratiam

189 2038 301 2092 apud
325 2038 473 2079 Deum.
498 2052 517 2075 >³
543 2037 638 2090 Ipsa
662 2048 766 2088 ergo
793 2051 812 2074 «
843 2035 1007 2076 invenit
1035 2034 1217 2086 gratiam

189 2111 230 2151 et
248 2108 579 2149 misericordiam
605 2119 747 2148 coram
769 2106 953 2147 Assuero
977 2118 1104 2158 super
1123 2118 1214 2146 om-

189 2192 265 2223 nes
294 2180 518 2229 mulieres,
546 2193 565 2217 »
599 2179 707 2219 sicut
741 2178 894 2219 dicitur
932 2177 959 2217 ¹⁵.
995 2177 1045 2218 Et
1076 2177 1169 2218 ideo
1205 2178 1218 2199 ⁵

195 2269 215 2294 ε(
233 2253 481 2294 accedamus
514 2264 612 2292 cum
631 2250 785 2292 fiducia
809 2250 861 2290 ad
886 2250 1090 2290 thronum
1113 2261 1218 2301 gra-

189 2325 274 2375 tiae,
293 2325 343 2364 ut
361 2322 692 2363 misericordiam
714 2332 1041 2373 consequamur,
1064 2322 1104 2360 et
1124 2332 1219 2372 gra-

190 2395 295 2435 tiam
313 2393 582 2435 inveniamus
601 2392 646 2431 in
667 2391 826 2432 auxilio
847 2393 1097 2443 opportuno.
1122 2404 1141 2427 n
1168 2390 1219 2430 Et

191 2464 292 2517 quia
308 2463 389 2504 hoc
411 2463 588 2514 signum
608 2462 754 2503 datum
778 2463 839 2501 est
858 2461 910 2501 ab
930 2472 982 2501 an
990 2460 1099 2513 gelo,
1125 2461 1218 2501 ideo

191 2534 383 2576 subditur
412 2534 476 2586 (v.
499 2533 567 2586 17)
594 2547 603 2573 ε
636 2531 827 2574 Videntes
853 2534 991 2573 autem
1015 2542 1216 2583 009ηουο-

191 2609 292 2648 rum
320 2605 371 2646 de
405 2603 552 2654 verbo,
582 2602 695 2656 quod
725 2602 890 2646 dictum
921 2607 1009 2645 erat
1040 2603 1131 2645 illis
1168 2603 1218 2645 de

187 2685 319 2730 puero
346 2675 442 2721 hoc,
465 2674 619 2714 scilicet
639 2673 753 2727 quod
779 2676 886 2714 esset
912 2685 1079 2714 verum.
1101 2673 1219 2714 Unde

186 2748 277 2800 jam
305 2747 497 2799 poterant
536 2744 672 2785 dicere
708 2744 814 2784 illud
852 2743 1218 2785 Samaritanorum

190 2817 271 2870 ipsi
292 2816 440 2867 angelo
460 2816 474 2838 ⁶
498 2830 506 2856 :
533 2830 553 2853 «
575 2815 669 2856 Jam
698 2826 786 2855 non
813 2817 981 2867 propter
1004 2814 1218 2867 loquelam

191 2890 312 2928 tuam
341 2887 577 2936 credimus3
615 2885 695 2938 ipsi
727 2885 840 2925 enim
877 2885 1146 2936 audivimus,
1180 2888 1220 2926 et

194 2957 363 3008 scimuS,
385 2957 485 3010 quia
503 2957 574 2997 hic
591 2959 654 2997 est
672 2968 773 2998 vere
793 2956 986 2997 Salvator
1006 2956 1169 2997 mundi.
1194 2970 1213 3007 p

194 3026 301 3069 Vere
336 3030 654 3080 cognoverunt,
691 3027 792 3080 quia
827 3027 877 3067 de
915 3026 1068 3067 ovibus
1100 3030 1220 3067 erant

195 3097 308 3138 illius
330 3098 506 3150 pastoris
525 3098 599 3151 qui
619 3097 718 3138 dicit
738 3102 751 3123 ⁷
774 3110 784 3138 ε
812 3112 832 3136 (ι
852 3096 1067 3149 Cognosco
1086 3109 1217 3148 meas,

196 3170 238 3209 et
265 3172 525 3219 cognoscunt
552 3181 621 3210 me
646 3180 770 3210 meae.
795 3182 816 3206 »
846 3168 933 3209 Hoc
960 3168 1220 3209 desiderabat

235 3250 248 3272 1
269 3249 361 3290 Sap„
381 3253 456 3290 1,1.
480 3267 520 3274 -
538 3251 550 3269 ²
573 3250 707 3293 Mami„
728 3259 767 3291 11,
794 3252 843 3282 Η.
867 3268 902 3273 -
924 3250 935 3270 ³
954 3251 1045 3291 Lucu,
1065 3259 1088 3292 1,
1109 3252 1161 3283 30.
1180 3269 1220 3274 —

196 3299 208 3317 ⁴
227 3296 338 3337 Esth„
358 3304 406 3337 11,
431 3298 462 3328 9.
481 3314 522 3321 -
545 3297 559 3319 ὅ
579 3298 693 3337 Ηεὸν.,
714 3306 760 3339 iv,
784 3300 833 3330 16.
859 3316 901 3323 -—
925 3298 938 3319 ⁶
965 3299 1074 3338 ιῙοαη.,
1097 3307 1142 3340 iv,
1167 3300 1217 3331 42.

198 3362 234 3368 -
252 3344 267 3366 ⁷
286 3344 394 3383 Joan„
423 3352 464 3384 x,
494 3346 544 3376 14.
563 3362 603 3369 -
623 3346 634 3364 ⁸
652 3345 725 3385 Job,
753 3353 861 3387 xxm,
882 3348 912 3378 3.
936 3363 977 3370 —
994 3347 1008 3369 ⁹
1029 3345 1148 3386 Ecclz’„
1169 3354 1230 3387 x1‚‘

198 3393 248 3425 13.
269 3407 310 3416 -—
329 3391 358 3415 1⁰
376 3390 546 3431 Ambros„
569 3392 604 3423 in
624 3393 714 3431 Luc„
739 3393 797 3425 lib.
822 3395 867 3434 ΙΙ,
892 3403 928 3426 n.
955 3395 1006 3426 53.
1027 3410 1068 3417 -
1091 3394 1116 3415 ¹¹
1136 3395 1218 3430 Isa„

1290 1971 1378 2000 non
1397 1959 1535 1999 solum
1555 1970 1753 2008 nascens,
1776 1957 1883 1998 sicut
1908 1957 1997 2008 hic,
2022 1957 2093 1998 sed
2122 1960 2162 1998 et
2190 1958 2319 2010 profi-

1291 2030 1425 2080 ciens,
1448 2030 1574 2080 infra,
1596 2029 1744 2070 eodem
1766 2030 1794 2054 ¹2
1818 2041 1858 2069 :a
1878 2028 1928 2069 Et
1953 2029 2178 2082 stupebant
2198 2041 2323 2081 super

1290 2103 1514 2156 prudentia
1543 2106 1585 2144 et
1616 2103 1827 2156 responsis
1857 2104 1965 2155 ers.
1997 2117 2016 2140 >)
2050 2102 2322 2143 Admirabilis

1290 2175 1417 2216 etiam
1437 2175 1602 2225 docens,
1626 2175 1735 2215 infra
1754 2176 1782 2200 ¹³
1804 2189 1812 2215 :
1839 2189 1859 2213 «
1881 2174 2142 2214 Mirabantur
2157 2174 2203 2214 in
2223 2187 2320 2215 ver-

1290 2247 1355 2287 bis
1377 2247 1540 2299 gratiae,
1561 2258 1659 2299 quae
1679 2246 1962 2298 procedebant
1980 2245 2031 2286 de
2048 2257 2120 2286 ore
2137 2245 2317 2298 ipsius.»

1290 2317 1561 2359 Admirabilis
1579 2320 1719 2357 tacens
1740 2317 1768 2339 ¹⁶
1788 2331 1797 2357 :
1815 2332 1833 2355 (ι
1846 2316 1868 2357 J
1871 2327 1966 2356 esus
1982 2318 2125 2356 autem
2142 2316 2323 2369 amplius

1293 2389 1399 2428 nihil
1426 2388 1663 2440 respondit,
1688 2388 1746 2427 ita
1771 2389 1818 2427 ut
1844 2386 2072 2427 miraretur
2102 2385 2275 2427 Pilatus.
2297 2400 2316 2424 ›)

1290 2459 1560 2500 Admirabilis
1578 2459 1623 2499 in
1643 2459 1806 2499 actione
1828 2459 1857 2480 ¹⁵
1880 2471 1888 2497 :
1912 2473 1930 2496 (‹
1951 2457 2066 2509 Quis,
2090 2460 2226 2510 putas,
2253 2457 2322 2498 hic

1292 2533 1375 2580 est,
1397 2530 1496 2583 quia
1516 2532 1556 2570 et
1575 2529 1714 2569 ventis
1734 2532 1776 2569 et
1795 2528 1905 2569 mari
1924 2528 2126 2580 imperat,
2152 2530 2192 2568 et
2221 2530 2320 2569 obe-

1291 2601 1418 2642 diunt
1436 2601 1504 2642 ei‘?
1524 2615 1542 2638 ›)
1567 2599 1839 2641 Admirabilis
1858 2599 1904 2640 in
1924 2599 2117 2652 passione
2138 2600 2166 2624 ¹⁶
2191 2614 2200 2640 ε
2218 2614 2237 2638 «
2258 2599 2324 2640 Pi-

1290 2672 1402 2714 latus
1419 2675 1562 2713 autem
1579 2672 1830 2722 mirabatur,
1850 2671 1885 2711 si
1898 2672 1990 2723 ,iam
2006 2671 2189 2722 obiisset,
2208 2685 2227 2708 >³
2243 2673 2320 2712 etc.

1292 2743 1563 2785 Admirabilis
1600 2743 1644 2783 in
1679 2742 1987 2784 resurrectione
2020 2743 2048 2767 ¹⁷
2086 2754 2096 2782 ε
2135 2757 2154 2781 ((
2174 2741 2323 2783 Petrus

1292 2816 1440 2857 videns
1464 2814 1714 2855 linteamina
1741 2813 1829 2854 sola
1853 2813 2008 2866 posita,
2032 2813 2156 2864 abiit,
2177 2825 2321 2854 secum

1294 2885 1456 2926 mirans
1489 2885 1602 2938 quod
1633 2885 1791 2926 factum
1819 2884 1969 2924 fuerat.
2001 2898 2020 2921 »
2055 2883 2322 2924 Admirabilis

1292 2957 1337 2997 in
1356 2956 1598 2997 ascensione
1619 2956 1646 2978 ¹⁸
1670 2969 1710 2996 z«
1730 2954 1919 3005 Domine,
1942 2954 2145 2995 Dominus
2163 2956 2320 3004 noster,

1293 3038 1422 3079 quam
1453 3025 1703 3066 admirabile
1727 3030 1790 3066 est
1816 3037 1973 3065 nomen
2002 3027 2127 3066 tuum
2152 3025 2197 3065 in
2221 3025 2319 3065 uni-

1294 3108 1417 3140 versa
1440 3097 1579 3138 terra!
1608 3096 1816 3146 Quoniam
1846 3095 2009 3138 elevata
2034 3097 2095 3137 est
2121 3095 2322 3148 magnifi-

1293 3235 1343 3270 1X,
1361 3230 1392 3261 6.
1408 3245 1443 3251 —
1465 3227 1497 3250 ¹²
1511 3228 1599 3266 Luc„
1625 3235 1661 3267 11,
1685 3227 1737 3258 47.
1751 3225 1953 3265 -1311)1(1.,
1972 3233 2020 3265 lv,
2037 3226 2090 3256 32.
2106 3242 2141 3248 -
2162 3225 2189 3247 1¹*
2202 3226 2320 3264 Marc„

1293 3284 1357 3315 xv,
1387 3277 1418 3308 5.
1437 3291 1479 3300 -
1505 3275 1531 3297 1⁵
1555 3276 1647 3315 Luc„
1674 3281 1756 3313 VIII,
1785 3274 1837 3305 25.
1855 3290 1906 3311 μ-
1931 3273 1958 3295 1⁶
1984 3273 2102 3311 Marc„
2127 3280 2183 3313 xv,
2212 3274 2261 3304 44.
2282 3288 2322 3296 -

1293 3323 1320 3346 1⁷
1339 3324 1429 3363 Luc„
1452 3330 1548 3363 xxlv,
1574 3323 1626 3353 12.
1645 3338 1687 3345 —
1708 3321 1734 3342 1⁸
1755 3320 1847 3353 Psal.
1868 3328 1945 3362 vm,
1965 3322 1997 3362 2,
2015 3321 2047 3360 3,
2069 3321 2117 3351 10.

1337 3396 1380 3436 (a)
1405 3394 1502 3435 ναῖς.
1524 3391 1751 3425 Admirabilis.
