2587 3845
133 158 207 195 156

130 243 246 295 Ergo
265 242 363 283 dicit
384 253 394 282 ε
428 241 459 283 Ο
481 251 554 283 vos
574 250 735 290 onmes⁷
763 241 839 292 qui
859 239 1057 281 transitis
1081 247 1158 289 per

130 315 261 364 viam,
277 314 329 354 ad
347 313 545 360 litteram,
563 313 633 364 qui
648 311 804 351 multas
823 310 972 350 videtis
986 309 1152 356 ruinas;

130 384 198 425 vel
218 396 291 437 per
310 384 423 423 viam
443 383 540 423 dicit
568 384 852 430 transeuntes,
876 380 950 432 qui
976 390 1160 431 praesen-

131 457 216 495 tem
239 454 383 503 vitam,
408 453 526 505 quasi
547 453 660 491 viam
685 454 926 491 transeunt:
951 450 1023 502 qui
1046 450 1159 489 enim

131 537 224 565 eam
249 524 368 577 quasi
388 524 567 576 patriam
596 522 800 572 diligunt,
830 520 993 561 luctum
1023 520 1159 560 cordis

131 596 360 636 electorum
394 593 655 634 considerare
684 592 889 631 nesciunt.
922 590 1156 640 Attendite,

131 666 355 717 diligenter
386 664 704 713 considerando3
741 668 780 705 et
806 662 965 713 videte,
997 675 1160 716 compa-

131 737 262 778 rando
295 745 332 776 et
361 735 672 788 compatiendO,
703 736 743 776 si
771 739 828 776 est
858 733 975 775 dolor
1001 736 1158 781 tantus,

131 808 242 848 sicut
269 806 387 848 dolor
405 816 547 858 meus,·
566 805 688 858 quasi
709 805 816 845 dicat
839 818 848 845 :
882 804 925 845 Si
945 804 1062 844 1111113
1081 804 1161 844 alia

130 878 277 918 civitas
291 878 370 917 fuit
384 889 574 929 unquam
588 877 646 917 ita
660 875 918 916 horribiliter
932 875 1156 915 destructa.

134 949 341 995 Quoniam
358 948 673 990 vindemiavit:
694 958 787 987 ecce
808 945 1031 998 multiplex
1056 944 1159 984 inci-

130 1022 366 1061 tamentum
392 1018 721 1071 compassionis:
753 1017 906 1070 primo,
929 1018 977 1055 ut
998 1015 1160 1056 dictum

130 1096 212 1142 est,
241 1104 316 1145 per
335 1092 692 1144 comparationem
719 1090 770 1130 ad
795 1090 981 1130 divinam
1004 1088 1158 1129 severi-

130 1166 284 1203 tatem:
317 1166 357 1203 et
381 1163 509 1202 habet
532 1174 605 1202 sex
627 1160 873 1214 particulas:
898 1159 999 1212 quia
1024 1160 1162 1212 primo

131 1233 331 1286 exprimit
362 1232 578 1273 miseriam
611 1231 973 1284 depopulationi83
1012 1230 1161 1271 deinde

131 1303 377 1355 angustiam
391 1334 402 1352 ,
424 1306 498 1343 aut
517 1303 830 1344 vehementiam
849 1301 1131 1341 tribulationis
1151 1315 1159 1340 :

133 1375 193 1416 De
218 1374 379 1416 excelso
407 1374 528 1415 misit
535 1387 551 1426 ,·
579 1374 702 1414 tertio
731 1373 974 1424 angustiam
993 1372 1166 1424 eaptivi-

134 1446 231 1486 tatis
253 1460 261 1485 :
287 1446 513 1498 Expendit
532 1450 642 1497 rete,·
668 1448 817 1497 quarto
844 1444 1059 1484 miseriam
1092 1445 1164 1484 de-

135 1516 382 1558 vastationis
402 1516 565 1556 finalis:
594 1516 805 1568 Viyilavit
817 1515 995 1568 Juqum:
1016 1516 1165 1568 quinto

139 1586 372 1640 specialiter
387 1586 640 1627 ablationem
658 1586 884 1626 meliorum
899 1589 939 1626 et
953 1588 1165 1639 majorum

138 1670 436 1711 personarum,
467 1657 553 1697 ibi:
583 1657 768 1700 Abstulit
792 1668 934 1700 omnes
961 1658 1166 1710 maquifi-

139 1740 204 1771 cos
214 1744 228 1774 ;
247 1732 364 1769 sexto
384 1729 508 1769 insert
523 1730 850 1781 consequentem
865 1728 1165 1769 desolationem

138 1799 344 1841 dictarum
365 1800 661 1853 reliquiarum,
683 1799 741 1838 ibi
762 1811 771 1839 :
794 1799 959 1841 Idcirco
983 1810 1054 1852 690
1076 1800 1166 1853 plo-

138 1883 254 1914 rans.
278 1871 382 1912 Dicit
410 1884 516 1923 ergo
543 1871 751 1924 plangens
776 1872 1164 1924 depopulationem,

138 1943 299 1996 primo:
327 1942 540 1993 Quoniam
559 1943 842 1984 vindemiavit
861 1954 923 1984 me
944 1945 1164 1995 Dominus,

138 2026 213 2067 per
241 2013 456 2054 Chaldaeos
484 2016 525 2053 et
552 2012 793 2054 Romanos:
829 2013 930 2065 quia
956 2014 1063 2054 sicut
1094 2015 1168 2067 qui

138 2085 426 2135 vindemiant,
471 2085 614 2125 omnia
659 2085 770 2124 bona
813 2084 1088 2136 abscindunt,
1128 2089 1169 2126 et

138 2168 271 2209 pauca
292 2168 427 2207 grana
445 2155 673 2194 immatura
689 2154 937 2207 relinquunt
956 2155 1000 2194 in
1021 2157 1164 2207 vinea3

139 2227 197 2267 sic
225 2226 349 2279 pauci
380 2226 513 2266 relicti
545 2229 643 2265 sunt
678 2225 721 2264 111
752 2224 900 2265 Judaea
937 2226 1164 2279 ignobiles,

139 2297 300 2337 caeteris
313 2296 553 2346 interfectis,
569 2299 641 2336 aut
657 2296 701 2335 in
715 2296 998 2348 captivitatem
1014 2297 1166 2339 ductis.

146 2368 196 2410 Ut
216 2368 376 2409 locutus
397 2372 476 2416 est,
498 2367 697 2407 continue
717 2379 791 2420 per
809 2367 1170 2420 Prophetas.Vin-

138 2438 365 2489 demiavit,
389 2439 588 2491 inquam,
611 2440 660 2480 in
680 2438 750 2480 die
777 2439 854 2480 irre
882 2439 1042 2490 furoris
1068 2442 1140 2482 sui
1155 2455 1164 2481 ;

139 2511 201 2550 ira
230 2523 415 2563 namque
447 2513 508 2550 est
539 2510 738 2551 voluntas
772 2510 1009 2562 puniendi:
1050 2512 1168 2552 furor

139 2583 282 2621 antem
302 2585 362 2620 est
382 2581 571 2632 eiusdem
586 2581 783 2620 voluntas
801 2593 948 2621 severa
964 2583 1004 2621 et
1024 2582 1169 2634 impla-

140 2650 305 2699 cabilis,
332 2650 439 2690 sicut
467 2650 598 2690 moris
624 2653 685 2690 est
706 2650 951 2690 hominibus
971 2651 1166 2692 furibun-

141 2721 219 2761 dis.
242 2722 253 2742 ¹
281 2736 298 2758 «
319 2719 428 2769 Quid
447 2733 551 2772 ergo
571 2721 720 2760 faciam
739 2721 874 2761 vineae
894 2723 1031 2762 meze?
1050 2723 1166 2764 aufe-

141 2803 233 2832 ram
257 2803 397 2843 sepem
422 2792 533 2842 ejus,
556 2794 596 2831 et
615 2791 694 2831 erit
712 2791 754 2831 in
775 2791 1078 2844 direptionem:
1102 2794 1167 2833 di-

141 2874 266 2902 ruam
287 2862 337 2914 (a)
359 2861 585 2902 maceriam
607 2863 713 2914 ejus,
737 2864 775 2902 et
796 2862 874 2902 erit
894 2863 938 2902 in
956 2863 1169 2904 conculca-

142 2934 325 2974 tionem:
350 2937 389 2973 et
412 2946 567 2985 ponam
587 2945 679 2974 eam
699 2933 920 2984 desertam,
943 2949 962 2972 »
989 2938 1067 2975 etc.

195 3005 432 3057 Allegorice
451 3004 692 3056 exponitur,
711 3007 759 3044 ut
779 3005 830 3045 sit
845 3017 931 3046 vox
951 3005 1104 3046 Christi
1125 3008 1170 3048 in

142 3088 265 3118 cruce
282 3075 517 3129 pendentiS,
540 3077 581 3115 et
600 3075 793 3116 dicentis:
821 3076 852 3116 Ο
872 3086 959 3125 vos,
981 3079 1075 3127 ete.;
1099 3078 1168 3119 vel

142 3148 383 3188 animarum
402 3145 676 3186 existentium
693 3146 738 3185 in
760 3147 1025 3199 purgatorio,
1043 3160 1090 3187 ac
1111 3149 1168 3189 di-

143 3219 357 3260 centium:
384 3218 416 3259 0
437 3227 510 3260 vos
530 3227 690 3269 omnes,
712 3219 789 3270 qui
813 3220 1033 3270 transitis,
1070 3222 1167 3271 etc„

189 3351 196 3368 ¹
217 3350 296 3388 Isa„
325 3357 357 3391 v,
384 3352 421 3391 5,
449 3351 481 3381 6.
506 3365 546 3373 -
577 3349 590 3370 ²
611 3349 722 3391 Hebr„
754 3358 837 3390 xm,
866 3353 915 3383 14.
937 3367 978 3375 —-
1001 3352 1013 3374 θ
1031 3353 1168 3393 Jerem.‚

146 3403 231 3436 vm,
257 3398 305 3428 18.
325 3414 366 3420 —
391 3398 402 3416 ⁴
417 3398 552 3438 Jerem.‚
571 3405 666 3439 xmx,
693 3400 723 3429 9.
743 3416 776 3420 -
805 3400 818 3420 ⁵
836 3400 967 3438 Aerem„
992 3407 1034 3439 11,
1055 3402 1105 3432 19.
1127 3418 1167 3424 —

147 3443 160 3464 θ
179 3444 284 3485 Rom„
301 3452 383 3486 xm,
407 3448 433 3478 1.

476 150 748 192 EXPOSITIO
781 149 831 191 ΙΝ
860 147 1302 190 LAMENTATIONES
1329 122 1575 191 JEPIEMJAE
1606 150 1913 194 PROPHETAE.

1231 238 1382 290 quasi:
1421 239 1500 288 Qui
1533 240 1630 280 estis
1660 239 1798 280 adhuc
1833 241 2033 292 viatores,
2071 242 2258 284 attencti-

1233 316 1289 362 τε,
1313 315 1390 353 etc:
1414 312 1488 353 Vel
1507 316 1569 353 est
1596 325 1680 353 vox
1706 313 1897 354 Ecclesiae
1925 314 1969 354 in
1992 315 2261 357 tribulatione

1232 383 1491 434 constitutae,
1527 396 1622 436 quae
1652 384 1704 423 ab
1737 383 1884 423 alienis
1914 384 2209 438 impugnatur,
2238 399 2263 427 3

1232 454 1329 493 filiis
1359 455 1539 507 propriis
1568 467 1653 495 non
1688 454 1944 503 defenditur,
1974 455 2044 494 sed
2072 456 2213 507 potius
2238 470 2264 497 a

1232 526 1426 579 plurimis
1451 526 1782 571 dehonestatur:
1806 525 1858 565 ob
1879 525 1980 574 hoc,
2012 525 2064 564 ad
2092 526 2264 568 devotos

1234 608 1332 636 suos
1353 597 1610 648 exclamans,
1631 598 1707 637 ait:
1736 597 1766 638 O
1783 608 1856 639 vos
1874 607 2015 638 omnes
2033 598 2109 648 qui
2128 601 2265 640 trans-

1234 669 1311 709 itis
1329 678 1403 719 pei·
1422 669 1538 709 eiam
1553 700 1562 718 ‚
1586 671 1633 708 ut
1652 668 1882 720 peregrini.
1911 667 1961 707 Et
1979 667 2014 707 ²:
2043 683 2061 705 «
2081 667 2172 708 Non
2194 668 2268 709 113-

1235 739 1383 779 bemus
1403 739 1471 779 hic
1492 743 1732 780 manentem
1747 740 1977 789 civitatem,
1995 739 2062 779 sed
2080 739 2267 781 futuram

1234 810 1503 861 inquirimus.
1540 825 1558 847 »
1584 811 1709 852 Sicut
1734 810 1852 852 dolor
1880 821 2026 851 meus:
2057 812 2070 834 ³
2097 825 2116 848 «
2144 810 2267 851 Dolor

1234 893 1356 921 meus
1375 893 1503 933 super
1521 881 1708 921 dolorem
1723 913 1733 931 ,
1753 882 1797 920 iu
1819 894 1886 921 me
1907 893 1977 921 cor
1998 893 2141 921 meum
2162 894 2266 922 11131-

1235 963 1348 991 rens.
1381 966 1400 988 »
1427 951 1673 1003 Cujusmodi
1697 951 1814 992 dolor
1842 954 1903 992 est
1933 952 2081 991 matris
2107 953 2269 1004 Jugiter

1235 1022 1525 1075 parturientis,
1554 1021 1622 1061 vel
1648 1022 1756 1061 filios
1785 1025 1973 1062 mortuos
2002 1022 2265 1075 plangentis,

1235 1092 1303 1133 vel
1323 1092 1465 1144 sponsi
1487 1091 1720 1131 absentiam
1741 1092 2039 1144 p1·aestolantiS,
2060 1093 2148 1134 sive
2170 1106 2268 1134 cum

1236 1164 1322 1203 suis
1343 1163 1438 1203 filiis
1458 1163 1569 1202 inter
1595 1163 1861 1203 adversarios
1889 1163 2131 1204 exultantis.
2159 1165 2270 1215 Quo-

1235 1236 1352 1276 niam
1370 1234 1656 1276 vindemiavit
1679 1245 1741 1275 me
1766 1235 1989 1284 Dominus,
2011 1234 2051 1274 id
2073 1238 2156 1285 est,
2178 1236 2270 1276 vin-

1237 1306 1413 1346 demiari
1435 1305 1645 1357 permisit,
1675 1307 1796 1357 cujus
1816 1305 2142 1346 vindemiatores
2171 1309 2270 1346 sunt

1237 1377 1466 1417 daemones.
1488 1376 1538 1416 Et
1564 1376 1601 1415 ⁴:
1633 1391 1651 1414 <‹
1675 1375 1719 1415 Si
1746 1375 2074 1416 vindemiatores
2099 1376 2270 1417 introis-

1238 1452 1329 1489 sent
1349 1448 1400 1488 ad
1420 1451 1476 1498 te,
1500 1447 1749 1499 mungendo
1770 1447 1939 1497 saltem,
1961 1459 2151 1488 racemos
2171 1447 2272 1487 reli-

1238 1520 1440 1572 quissent.
1462 1534 1481 1556 »

1291 1590 1522 1638 Moraliter‚
1550 1601 1636 1629 vox
1656 1591 1718 1629 est
1740 1588 1893 1628 animae
1913 1588 2117 1628 veraciter
2143 1590 2273 1641 poeni-

1239 1661 1388 1701 tentis:
1412 1661 1511 1712 quia
1532 1660 1648 1699 nulla
1669 1660 1805 1711 major
1825 1658 2038 1710 desolatio,
2062 1671 2192 1711 quam
2212 1672 2272 1701 se-

1239 1731 1401 1783 paratio
1434 1744 1459 1770 a
1489 1731 1597 1770 ileo:
1626 1731 1638 1752 ⁵
1664 1745 1682 1768 ε(
1713 1729 1824 1770 Scito
1854 1732 1894 1770 et
1921 1729 2041 1778 vide,
2071 1730 2273 1782 quoniam

1240 1802 1401 1842 malum
1430 1805 1470 1842 et
1497 1813 1693 1842 amarum
1724 1801 1770 1853 (b)
1806 1803 1868 1840 est
1892 1800 2113 1852 reliquisse
2138 1800 2274 1842 Domi-

1241 1885 1348 1913 num
1369 1872 1501 1913 Deum
1521 1876 1661 1912 tuum.
1684 1887 1702 1909 »

1296 1945 1360 1983 13.
1380 1944 1436 1985 De
1452 1943 1629 1985 excelso.
1647 1943 1722 1983 Hic
1742 1942 1943 1995 exprimit
1961 1943 2274 1983 vehementiam

1242 2014 1526 2055 tribulationis
1546 2029 1554 2054 2
1590 2014 1727 2066 primo
1755 2014 1998 2065 exprimens
2018 2015 2110 2065 ejus
2134 2014 2275 2054 anxie-

1242 2088 1370 2125 tatem
1385 2100 1393 2135 3
1411 2086 1559 2126 deinde
1579 2086 1670 2136 ejus
1685 2084 1908 2124 utilitatem
1929 2084 1972 2135 (c)
1990 2097 1997 2123 ε
2015 2085 2073 2125 Et
2085 2084 2275 2126 crudivit

1243 2168 1320 2198 me.
1344 2156 1453 2196 Huic
1473 2157 1689 2196 sententia}
1709 2155 1971 2208 praeponitur
1991 2155 2131 2195 littera
2151 2156 2271 2207 Mem,

1244 2228 1357 2281 quod
1383 2228 1683 2280 interpretatur
1715 2228 1789 2267 Ea?
1814 2227 1947 2278 ipsis,-
1982 2226 2105 2279 quasi
2135 2227 2269 2268 dicat:

1244 2300 1308 2341 Ex
1334 2301 1434 2353 ipsis
1451 2300 1699 2341 Judaeorum
1720 2300 1880 2339 meritis
1899 2302 1961 2339 est
1981 2300 2179 2351 angustia
2198 2301 2272 2341 ad-

1244 2372 1470 2413 versitatis.
1489 2371 1565 2412 Vel
1596 2383 1672 2425 pro
1704 2371 1905 2423 allegoria
1938 2370 2141 2422 loquitur,
2176 2372 2276 2424 quia,

1244 2456 1297 2484 ex
1326 2443 1430 2496 ipsis
1453 2443 1611 2484 Judaeis
1638 2443 1809 2483 fue-runt
1840 2441 2017 2494 apostoli
2049 2442 2152 2493 igne
2180 2442 2273 2495 Spi-

1245 2515 1349 2555 ritus
1380 2514 1511 2555 sancti
1542 2514 1760 2554 illustrati:
1793 2516 1834 2553 et
1862 2514 1954 2553 haec
1983 2515 2043 2552 est
2068 2512 2276 2565 expositio

1245 2584 1510 2637 Hieronymi.
1533 2584 1637 2624 Dicit
1661 2596 1764 2635 ergo
1785 2598 1793 2623 ι
1828 2584 1889 2624 De
1912 2583 2093 2632 excelso,
2122 2583 2278 2623 scilicet

1245 2654 1338 2695 coeli
1365 2654 1537 2707 palati03
1570 2654 1670 2706 quia
1697 2666 1751 2693 ex
1774 2653 1854 2693 Deo
1881 2653 2109 2693 rectissime
2135 2653 2277 2704 provi-

1245 2726 1389 2775 dente,
1411 2725 1500 2765 sine
1520 2726 1642 2777 cujus
1662 2726 1786 2775 nutu,
1813 2726 1976 2763 natura:
1997 2724 2172 2772 ratione,
2199 2734 2277 2763 nec

1245 2798 1429 2839 Chaldaei
1458 2797 1693 2851 potuissent
1723 2797 1760 2836 ei
1792 2796 2012 2836 nocuisse:
2048 2795 2061 2816 ⁶
2089 2810 2107 2832 «
2135 2793 2278 2836 Omnis

1244 2873 1427 2922 potestas
1447 2882 1472 2909 a
1491 2868 1668 2909 Domino
1688 2868 1772 2909 Deo
1792 2871 1865 2908 est.
1888 2882 1906 2905 ›)
1924 2868 2051 2910 Misit
2066 2868 2218 2919 ionem,
2235 2867 2278 2907 id

1245 2944 1329 2992 est,
1352 2940 1656 2981 atrocissimam
1681 2939 2024 2989 tribulationem,
2049 2939 2092 2979 in
2112 2937 2277 2980 ossibus

1245 3014 1369 3062 meis,
1391 3012 1429 3053 id
1451 3015 1533 3062 est,
1556 3012 1599 3052 in
1621 3012 1676 3064 (d)
1698 3012 1846 3051 intima
1866 3022 1983 3051 mea:
2008 3020 2117 3059 ossa,
2141 3011 2277 3050 castra

1245 3087 1286 3124 et
1304 3084 1562 3124 munitiones
1585 3082 1908 3133 intelliguntur:
1931 3080 1998 3120 vel
2019 3081 2067 3121 in
2094 3080 2273 3131 ossibus,

1245 3155 1419 3206 regibus
1458 3157 1499 3194 et
1539 3152 1800 3206 principibus
1815 3183 1827 3201 ,
1875 3150 1948 3203 qni
1989 3153 2110 3190 erant
2145 3151 2277 3192 robur

1246 3237 1405 3266 meum.
1427 3224 1503 3266 Vel
1535 3224 1580 3264 in
1608 3224 1712 3272 hoc,
1748 3221 1991 3262 incendium
2023 3221 2275 3273 intelligitur

1245 3295 1391 3348 templi
1407 3297 1448 3335 et
1466 3293 1659 3336 civitatis.
1676 3292 1730 3334 Et
1747 3290 1938 3333 erudivit
1954 3301 2017 3333 me
2029 3303 2043 3332 :
2064 3294 2274 3345 quantum

1289 3402 1332 3442 (a)
1356 3400 1452 3432 Edit.
1473 3398 1548 3430 Ven.
1579 3398 1734 3440 dirigam.
1753 3415 1793 3421 —
1816 3396 1860 3437 (b)
1878 3397 1956 3430 Cart.
1976 3397 2054 3428 edit.
2073 3397 2214 3439 justum.
2233 3416 2273 3424 ·-

1248 3448 1286 3488 (c)
1310 3447 1401 3480 Edit.
1430 3447 1510 3480 Ven.
1529 3445 1705 3479 vilitatem.
1726 3462 1765 3470 -
1790 3444 1835 3486 (d)
1858 3444 1937 3477 Caet.
1962 3444 2133 3478 edit.deest
2149 3445 2197 3478 in.
