2634 3853
1031 194 1305 237 EXPOSITIO
1335 194 1387 237 IN
1417 193 1531 236 CAP.
1562 191 1669 234 Vlll.
2329 197 2407 234 445

274 290 523 343 perforatos,
551 288 802 341 intelligitur
830 284 1052 328 tolerantia
1088 284 1296 337 passionis

273 360 449 410 acerbae,
471 360 703 401 secundum
721 359 825 400 illud
848 359 860 380 ¹
891 369 900 396 :
931 372 950 396 (ι
970 355 1184 397 Foderunt
1205 367 1294 395 ma-

272 441 354 470 nus
372 442 486 470 meas
507 432 547 470 et
565 431 690 483 pedes
708 441 837 479 meos,
860 430 900 468 et
919 427 1297 468 dinumeraverunt

273 499 414 540 omnia
433 512 526 541 ossa
544 513 652 541 mea.
669 516 688 539 »
709 501 755 541 ln
769 500 819 539 iis
834 498 947 539 enim
968 497 1181 537 Christum
1201 507 1295 535 con-

272 569 494 621 tingimus,
517 582 614 612 cum
645 572 736 623 eJus
761 568 1009 610 vulneribus
1034 566 1085 606 ad
1112 565 1294 606 toleran-

271 639 374 679 tiam
394 652 613 681 armamur
638 642 651 662 '2
675 655 684 681 ε
714 655 732 679 <‹
761 638 922 680 Christo
947 637 1081 688 igitur
1100 647 1221 688 passo
1251 635 1296 674 in

272 720 411 761 carne,
432 712 472 751 et
491 723 566 751 vos
582 711 727 751 eadem
744 708 995 761 cogitatione
1015 705 1253 747 armamini.
1271 718 1289 741 n

324 782 391 820 49.
428 780 576 822 Adhuc
607 780 678 822 illo
709 780 914 832 loquente,
948 780 1027 818 etc.
1068 776 1295 828 Postquam

272 849 546 902 Evangelista
589 850 767 891 ostendit
816 849 1026 889 Christum
1076 846 1296 886 dominum

272 931 496 972 corporum
532 932 607 973 per
643 919 903 961 sanationem
937 916 1293 965 haemorrhoissae,

271 989 341 1030 hic
365 990 543 1031 ostendit
562 991 774 1031 Christum
806 989 1026 1030 dominum
1055 987 1297 1027 animarum

271 1072 346 1113 per
364 1061 679 1101 suscitationem
700 1059 866 1113 puellae.
889 1058 1022 1099 Habet
1042 1059 1184 1098 autem
1206 1056 1297 1096 haec

271 1142 369 1183 pars
399 1133 582 1183 quatuor
612 1129 854 1183 particulas,
874 1130 920 1169 in
947 1140 1130 1181 quarum
1161 1127 1298 1179 prima

272 1201 544 1253 praemittitur
564 1200 748 1241 soliditas
775 1200 886 1250 fidei,
912 1211 982 1251 per
1014 1199 1188 1238 modum
1214 1196 1298 1237 dis-

272 1272 488 1323 ponentis;
511 1271 692 1317 secundo
719 1270 970 1323 adJungitur
988 1268 1192 1309 idoneitas
1220 1270 1299 1307 tes-

273 1339 437 1381 timonii
452 1353 526 1392 per
546 1341 720 1381 modum
739 1339 1022 1392 approbantis,
1043 1338 1102 1378 ibi
1121 1340 1177 1387 (v.
1200 1337 1262 1389 51)
1287 1348 1297 1375 :

272 1410 329 1453 Et
352 1421 446 1451 eum
465 1411 641 1452 venisset
657 1410 715 1452 ad
733 1409 917 1459 domum,
931 1411 1034 1457 etc.;
1055 1407 1178 1447 tertio
1198 1418 1298 1447 vero

273 1480 509 1522 sublimitas
523 1480 689 1533 imperii
706 1491 780 1532 per
798 1479 971 1519 modum
989 1476 1220 1526 efficientis,
1240 1476 1299 1516 ibi

277 1551 330 1602 (v.
347 1552 432 1601 54>z
451 1551 544 1603 Ipse
561 1554 697 1592 autem
715 1553 857 1592 tenens
870 1559 1044 1590 manum
1063 1547 1168 1599 ejus,
1191 1549 1291 1597 ete.;

274 1623 424 1673 quarto
442 1632 544 1661 vero
565 1623 736 1661 notatur
766 1619 981 1660 celebritas
1005 1617 1198 1659 miraculi
1225 1629 1300 1670 per

274 1691 451 1731 modum
475 1690 680 1741 utilitatis,
700 1690 758 1730 ibi
788 1691 843 1741 (v.
872 1692 936 1740 55)
956 1703 965 1729 ι
989 1689 1042 1730 Ec
1066 1688 1202 1739 Jztssit
1233 1687 1301 1729 illc·

274 1760 376 1802 dare
403 1760 672 1803 manducare.
695 1761 745 1802 Et
770 1760 828 1801 sic
856 1761 1035 1812 perfecte
1053 1758 1301 1799 describitur

274 1830 529 1872 miraculum
560 1834 767 1884 quantum
789 1831 840 1871 ad
869 1829 1137 1883 quadruplex
1164 1841 1301 1881 genus

275 1912 427 1942 causae.
450 1901 645 1942 Soliditas
675 1904 819 1942 autem
845 1900 942 1941 fidei
968 1900 1301 1952 archisynagogi

275 1971 525 2012 describitur
550 1972 595 2012 in
614 1971 769 2024 duplici
794 1973 988 2024 respectu
1014 1985 1022 2012 :
1052 1971 1204 2023 primo,
1231 1982 1299 2011 re·

274 2043 419 2094 spectu
438 2042 711 2083 dissuasionis
729 2042 952 2093 humanae3
974 2044 1014 2082 et
1036 2041 1086 2093 (α)
1108 2043 1302 2093 respectu

274 2112 557 2164 persuasionis
587 2112 757 2155 divinae.
779 2111 859 2153 Per
884 2112 1070 2164 primam
1096 2113 1299 2161 tentatur,

275 2183 317 2222 et
351 2193 427 2235 per
467 2182 693 2223 secundam
732 2181 948 2223 solidatur.
989 2181 1133 2223 Primo
1171 2192 1300 2233 ergo,

275 2254 483 2304 quantum
503 2253 555 2294 ad
574 2252 848 2294 tentationem
866 2252 963 2293 fidei
982 2264 1057 2304 per
1074 2251 1302 2292 dissuasio-

275 2334 375 2363 nem
392 2322 641 2374 humanam,
652 2323 804 2364 dicitur
820 2337 829 2363 :
847 2322 996 2363 Adhuc
1009 2322 1081 2364 illo
1093 2322 1299 2374 loquente,

276 2392 432 2433 scilicet
466 2393 587 2444 Jesu,
619 2394 738 2435 venit
770 2393 947 2445 quidam
972 2392 1030 2434 acl
1063 2393 1304 2444 principem

277 2473 516 2516 synaqoqoe.
535 2462 656 2504 Venit
674 2465 816 2504 autem
840 2474 927 2503 non
954 2463 999 2502 in
1027 2462 1302 2514 adiutorium,

279 2533 387 2574 sicut
401 2533 590 2586 Angelus
608 2533 760 2585 bonus,
777 2534 825 2573 ut
843 2532 995 2573 dicitur
1008 2532 1049 2583 ἧς
1072 2547 1091 2571 (1
1110 2531 1214 2573 Ecce
1231 2531 1306 2573 Mi-

279 2602 397 2644 chael
421 2615 535 2644 unus
559 2603 610 2644 de
637 2603 896 2656 principibus
928 2603 1093 2656 primis,
1115 2603 1233 2644 venit
1261 2604 1305 2644 in

279 2673 539 2726 adiutorium
558 2686 725 2725 meum3
745 2688 765 2712 1)
797 2674 868 2715 sed
896 2674 1002 2715 sicut
1029 2674 1165 2714 malus
1193 2686 1308 2714 nun-

279 2743 364 2784 tius
396 2744 513 2785 venit
542 2745 593 2785 ad
621 2744 954 2798 impediendum,
983 2747 1153 2798 propter
1192 2745 1306 2798 quod

280 2813 394 2855 addit
415 2829 424 2855 :
448 2815 600 2857 Dicens
616 2816 676 2858 ei:
698 2815 807 2862 Quia
824 2819 990 2858 mortua
1015 2820 1075 2858 est
1098 2815 1193 2866 filia
1214 2819 1303 2867 tua,

281 2886 322 2925 et
339 2884 397 2925 ita
415 2897 500 2926 non
519 2888 633 2938 potet
651 2898 740 2927 esse
760 2898 854 2939 spes
873 2886 923 2926 de
940 2886 1042 2926 vita.
1065 2885 1306 2927 Secundum

281 2954 387 2996 illud
407 2956 466 2996 ait
490 2956 619 2998 David
640 2959 654 2981 '⁴
675 2971 683 2996 ε
715 2971 734 2995 ε(
761 2956 937 3008 Propter
961 2956 1181 3006 infantem,
1204 2957 1307 2998 dum

284 3025 421 3066 adhuc
453 3026 629 3078 viveret,
651 3026 847 3079 ,iejunavi
883 3028 923 3066 et
960 3026 1079 3076 flevi;
1119 3026 1308 3067 dicebam

285 3096 401 3136 enim
434 3111 445 3138 ι
476 3096 576 3146 Quis
605 3097 681 3138 scit
715 3097 750 3137 si
777 3097 883 3137 forte
915 3096 1040 3137 donet
1066 3109 1166 3137 eum
1200 3097 1308 3137 mihi

286 3164 499 3218 Dominus,
521 3170 562 3208 et
580 3168 695 3210 vivet
713 3168 851 3208 infans
865 3168 884 3207 ¹?
906 3166 1026 3208 Nunc
1045 3169 1188 3207 autem
1209 3167 1309 3220 quia

286 3238 480 3277 mortuus
496 3240 572 3289 est,
595 3250 724 3291 quare
739 3239 918 3292 J'eJuno‘?
938 3237 1148 3291 numquid
1162 3239 1308 3290 potero

328 3366 340 3387 ¹
359 3364 450 3398 Psal.
470 3367 611 3405 xm,18.
630 3383 670 3390 -—
686 3368 697 3385 ²
718 3368 728 3398 1
749 3368 852 3407 Petr„
872 3375 919 3406 IV,
939 3369 971 3399 1.
988 3384 1029 3391 -
1047 3367 1060 3389 3
1076 3368 1177 3406 Dan„
1197 3374 1232 3406 x,
1256 3370 1309 3401 13.

289 3428 330 3434 -
348 3411 360 3430 ⁴
378 3412 466 3453 Κεφ,
489 3420 548 3453 x11,
567 3414 606 3444 22
626 3415 659 3444 et
677 3423 747 3455 seq.
766 3431 808 3438 —
828 3415 842 3437 ἱ
860 3415 969 3452 Ιοαη.,
991 3422 1024 3455 ν,
1045 3416 1096 3446 25.
1122 3431 1160 3437 -
1180 3414 1191 3433 ⁶
1212 3415 1308 3456 Sup.‚

289 3465 356 3498 vn,
387 3460 419 3490 6.
453 3476 493 3482 -
524 3459 534 3477 ⁷
564 3459 638 3499 Job,
666 3468 733 3500 vu,
760 3463 791 3493 6.
817 3479 857 3486 -
883 3462 895 3479 ⁰
919 3461 1031 3502 Prov„
1062 3468 1162 3501 xxvi,
1194 3462 1245 3494 22.
1270 3479 1311 3486 —

1374 295 1474 325 eum
1488 290 1687 325 revocare
1702 277 1885 331 amplius
1894 277 1914 316 ἲ
1928 276 2019 328 Ego
2033 276 2185 319 vadam
2199 279 2338 330 magis
2356 280 2409 320 ad

1370 365 1490 403 eum;
1524 352 1594 393 ille
1622 363 1724 393 vero
1744 361 1831 390 non
1855 349 2094 390 revertetur
2122 349 2174 389 ad
2201 361 2282 389 me.
2313 364 2332 387 ›)
2357 349 2409 390 Et

1370 424 1463 464 ideo
1496 422 1723 476 adjungit:
1750 419 1850 462 Nola·
1887 428 2043 461 vexare
2081 418 2217 468 illum,
2249 419 2291 458 id
2328 423 2404 470 est,

1370 494 1526 534 frustra
1551 495 1692 533 tecum
1718 490 1869 531 ducere
1895 500 1993 529 cum
2011 487 2171 528 labore.
2194 486 2281 528 Hoc
2312 489 2405 540 qui-

1371 564 1467 604 dem
1501 565 1590 604 erat
1619 562 1800 603 verbum
1831 571 1917 600 non
1949 557 2157 599 credentis
2190 557 2405 598 Christum

1370 646 1491 686 posse
1522 635 1743 673 mortuum
1775 631 1994 680 suscitare3
2033 629 2258 681 ignorabat
2292 628 2406 669 enim

1372 703 1476 744 illud
1497 703 1690 744 divinum
1710 702 1891 742 verbum
1911 702 1924 722 5
1947 715 1955 740 ε
1980 715 1998 739 «
2018 700 2123 748 Quia
2143 699 2260 741 venit
2282 699 2404 749 hora,

1371 776 1411 813 et
1437 785 1553 814 nunc
1580 775 1655 823 est,
1678 771 1848 824 quando
1875 771 2032 811 mortui
2056 769 2229 810 audient
2259 780 2408 809 vocem

1370 843 1464 884 Filii
1495 843 1566 883 Dei
1577 857 1587 893 ;
1620 844 1660 882 et
1691 841 1765 894 qui
1800 840 2023 889 audierint,
2051 839 2211 880 vivent.
2238 851 2257 876 1)
2290 837 2409 878 Unde

1370 913 1447 954 iste
1466 913 1643 955 nuntius
1662 924 1750 953 non
1769 911 1931 952 dicebat
1950 921 2004 950 ex
2023 909 2274 959 reverentia,
2297 909 2405 949 sicut

1372 984 1569 1026 Centurio
1590 984 1603 1005 ⁶
1625 997 1634 1023 ε
1660 997 1680 1021 c(
1701 981 1892 1029 Domine,
1911 980 1996 1020 noli
2019 979 2165 1020 vexari
2178 994 2187 1029 3
2210 993 2229 1016 ))
2263 979 2333 1019 sed
2357 991 2410 1019 ex

1372 1055 1617 1106 diffidentia,
1633 1057 1679 1095 ut
1701 1054 1855 1094 diceret
1874 1050 1979 1091 illud
2001 1049 2074 1092 Job
2097 1051 2110 1072 ⁷
2133 1063 2142 1088 ε
2172 1065 2190 1087 (ι
2212 1049 2305 1090 Dies
2324 1049 2409 1089 mei

1373 1125 1560 1166 velocius
1600 1123 1860 1165 transierunt
1901 1133 2030 1174 quam
2069 1133 2094 1161 a
2127 1123 2295 1161 texente
2328 1121 2410 1161 tela

1372 1195 1627 1246 succiditur,
1656 1198 1698 1235 et
1725 1193 1962 1246 consumpti
2005 1193 2102 1233 sunt
2135 1191 2290 1244 absque
2323 1190 2409 1231 ulla

1372 1277 1459 1317 spe.
1482 1280 1500 1303 ›)

1426 1334 1633 1385 Secundo,
1654 1335 1862 1387 quantum
1888 1333 1939 1373 ad
1965 1333 2277 1374 roborationem
2308 1331 2408 1372 fidei

1372 1417 1446 1457 per
1455 1405 1693 1446 suasionem
1702 1405 1905 1454 divinam,
1919 1403 2111 1444 subditur
2122 1404 2175 1455 (v.
2190 1405 2253 1452 50)
2268 1415 2277 1443 ε
2288 1402 2316 1443 J
2315 1412 2409 1443 esus

1373 1479 1525 1526 autem,
1550 1475 1700 1518 audito
1729 1475 1801 1517 hoc
1831 1473 1965 1524 verbo,
1989 1473 2102 1526 quod
2127 1473 2281 1514 scilicet
2301 1475 2412 1524 pote-

1372 1549 1436 1587 rat
1468 1549 1690 1587 concutere
1718 1547 1905 1586 mentem
1940 1543 2288 1597 archisynagogi,
2312 1542 2411 1595 quia

1378 1616 1612 1657 secundum
1630 1614 1738 1655 illud
1757 1618 1770 1639 ⁸
1797 1628 1806 1656 :
1836 1628 1854 1652 (ι
1874 1612 2011 1654 Verba
2030 1613 2271 1654 susurronis
2292 1612 2410 1665 quasi

1372 1685 1593 1737 simplicia,
1614 1687 1654 1725 et·
1674 1684 1763 1736 ipsa
1787 1683 2042 1737 perveniunt
2067 1683 2119 1724 ad
2144 1683 2293 1723 intima
2315 1694 2405 1723 cor-

1373 1755 1460 1796 dis:
1483 1769 1502 1793 »
1525 1766 1578 1795 ne
1599 1766 1705 1806 ergo
1725 1754 1906 1794 verbum
1923 1753 2072 1793 mortis
2087 1753 2265 1794 interius
2283 1765 2408 1805 pene-

1372 1828 1517 1877 traret,
1541 1825 1714 1878 opponit
1733 1824 1914 1865 verbum
1931 1823 2045 1864 vitae.
2065 1823 2117 1864 Et
2131 1824 2211 1864 hoc
2230 1826 2292 1864 est
2308 1835 2408 1865 ver-

1372 1897 1478 1938 bum
1511 1895 1693 1937 solidans
1713 1895 1855 1945 fidem,
1876 1895 1977 1947 quia
2004 1895 2018 1916 ⁹
2048 1907 2059 1935 z
2104 1909 2123 1933 (‹
2152 1893 2298 1935 Justus
2330 1906 2406 1935 au-

1372 1969 1460 2009 tem
1478 1978 1599 2008 meus
1619 1978 1671 2007 ex
1691 1966 1774 2006 fide
1799 1965 1928 2015 vivit;
1958 1965 2070 2018 quod
2089 1965 2124 2005 si
2151 1964 2410 2006 subtraxerit

1374 2050 1433 2090 se,
1447 2050 1533 2079 non
1547 2036 1726 2090 placebit
1746 2036 1899 2077 animae
1911 2047 2032 2077 meae.
2046 2050 2065 2074 ))
2091 2035 2188 2076 Ideo
2207 2035 2375 2076 additur
2396 2047 2408 2076 ι

1374 2108 1606 2163 Respondit
1622 2109 1741 2161 patri
1753 2108 1908 2161 puelloe
1923 2120 1936 2146 :
1955 2107 2052 2149 Noli
2074 2108 2234 2158 timere,
2257 2106 2411 2147 scilieet

1375 2193 1429 2222 ex
1447 2180 1680 2222 diffidentia
1698 2180 1779 2229 ¹⁰3«
1800 2177 1985 2220 Postulet
2004 2180 2148 2219 autem
2167 2178 2212 2218 in
2231 2178 2331 2228 fide,
2350 2177 2410 2218 ni-

1373 2250 1435 2291 hil
1464 2250 1680 2291 haesitans.
1709 2249 1788 2299 Qui
1814 2249 1929 2290 enim
1958 2249 2142 2298 haesitat,
2173 2248 2322 2289 similis
2351 2251 2413 2289 est

1375 2321 1522 2361 fluctui
1540 2320 1669 2360 maris
1689 2319 1762 2372 qui
1776 2331 1800 2360 a
1819 2321 1945 2360 vento
1966 2321 2162 2360 movetur
2181 2320 2221 2359 et
2233 2318 2412 2359 circum-

1374 2391 1522 2432 fertur.
1557 2405 1576 2428 »
1620 2389 1688 2430 Sic
1718 2389 1769 2429 de
1799 2389 2016 2429 Abraham
2049 2388 2202 2429 dicitur
2234 2390 2293 2429 ¹¹:
2325 2403 2344 2428 (ι
2363 2388 2411 2429 ln

1375 2461 1699 2515 repromissione
1724 2460 1851 2501 etiam
1868 2460 1942 2501 Dei
1963 2472 2050 2501 non
2068 2460 2283 2502 haesitavit
2301 2460 2409 2501 diffi-

1376 2532 1536 2582 dentia3
1572 2531 1645 2573 sed
1676 2532 1933 2572 confortatus
1963 2533 2025 2572 est
2053 2531 2150 2582 fide,
2184 2528 2288 2572 dans
2318 2531 2410 2583 glo-

1376 2601 1484 2642 riam
1504 2602 1608 2652 Deo3
1636 2601 1874 2654 plenissime
1895 2602 2042 2652 sciens,
2065 2601 2165 2654 quia
2183 2613 2407 2654 quaecum-

1376 2681 1461 2722 que
1487 2669 1680 2722 promisit
1700 2669 1825 2720 Deus,
1842 2672 1992 2722 potens
2009 2672 2073 2711 est
2091 2672 2132 2710 et
2148 2670 2300 2711 facere,
2319 2683 2340 2708 1)
2362 2669 2415 2710 Et

1376 2739 1469 2781 ideo
1489 2740 1685 2781 subditur
1709 2754 1718 2782 z
1749 2739 1875 2782 Crede
1895 2744 2075 2792 tantum,
2098 2752 2173 2793 per
2192 2740 2410 2781 confiden-

1377 2810 1482 2851 tiam
1502 2810 1657 2852 scilicet
1675 2811 1702 2832 ¹²
1727 2823 1737 2851 ε
1767 2825 1785 2849 α
1806 2810 1850 2851 Si
1871 2810 2109 2862 credideriS,
2129 2811 2294 2853 videbis
2314 2811 2407 2862 glo-

1377 2881 1487 2922 riam
1506 2873 1592 2922 Dei.
1614 2896 1633 2919 »
1659 2882 1709 2921 Et
1726 2880 1819 2922 ideo
1837 2880 1951 2921 addit
1973 2894 1982 2921 :
2006 2880 2060 2923 Et
2078 2880 2199 2922 salva
2220 2882 2315 2932 erit,
2337 2892 2411 2934 per

1379 2951 1570 2993 divinam
1591 2950 1836 3004 potentiam.
1859 2950 1910 2991 Et
1928 2951 1981 2991 ad
2000 2951 2081 2992 hoc
2111 2951 2287 2992 debebat
2317 2964 2409 2992 mo-

1378 3022 1470 3064 veri
1488 3034 1563 3075 per
1591 3021 1696 3062 illud
1715 3021 1827 3074 quod
1848 3021 1991 3061 statim
2015 3024 2112 3062 ante
2131 3022 2225 3063 haec
2250 3022 2413 3062 dixerat

1379 3093 1549 3134 mulieri
1583 3095 1740 3134 curatae
1770 3092 1798 3114 ¹³
1820 3106 1830 3133 ε
1853 3092 1981 3135 Fides
2010 3097 2087 3136 tua
2112 3096 2148 3136 te
2170 3094 2332 3135 salvam
2353 3094 2413 3143 fe-

1379 3165 1453 3208 cit.
1474 3164 1592 3206 Unde
1621 3164 1667 3204 in
1694 3164 1775 3205 hoc
1806 3166 1979 3216 apparet
2007 3164 2211 3205 mirabilis
2241 3164 2410 3216 dispen-

1379 3235 1484 3277 satio
1503 3236 1590 3286 Dei,
1612 3246 1708 3288 quae
1726 3235 1773 3275 in
1796 3234 2012 3276 miraculis
2035 3235 2123 3276 suis
2152 3237 2341 3276 nostram
2360 3235 2410 3274 fi·==

1380 3349 1392 3367 ⁹
1411 3347 1525 3388 Hebr„
1544 3355 1579 3388 x,
1601 3349 1653 3380 38.
1677 3364 1712 3370 —
1737 3348 1762 3366 ¹⁰
1779 3347 1860 3386 lac„
1884 3355 1908 3388 1,
1927 3348 1958 3378 6.
1980 3363 2021 3371 -
2044 3346 2069 3369 ¹¹
2089 3347 2192 3387 Rom„
2213 3353 2261 3386 1V,
2281 3348 2334 3387 20,
2358 3346 2413 3378 21.

1381 3412 1421 3419 -
1435 3394 1461 3417 ¹²
1475 3395 1582 3435 Joan.,
1602 3402 1653 3435 XI,
1674 3395 1725 3426 40.
1746 3411 1788 3418 —
1807 3394 1829 3413 ¹³
1846 3395 1945 3435 Sup.‚
1966 3395 2015 3425 48.

1425 3460 1468 3499 (α)
1488 3458 1603 3500 Suppl.
1630 3459 1794 3492 secundo.
