2634 3853
293 242 372 282 522

292 329 377 379 via,
392 328 562 368 animus
579 328 722 367 noster
740 326 815 374 est,
831 322 1065 363 secundum
1084 320 1196 373 quod
1215 317 1323 358 dici-

292 401 364 439 tur
383 398 428 438 in
452 397 596 438 Glossa
626 409 636 437 :
664 412 683 434 «
710 395 788 444 Qui
820 393 985 446 quoties
1004 392 1056 432 ad
1076 388 1324 442 temporalia

294 468 471 521 petenda
501 470 707 518 vagatur,
734 465 854 505 toties
885 476 910 503 a
942 462 1065 503 nobis
1097 460 1265 501 recedit.
1299 472 1317 496 ))

294 541 415 582 Hunc
442 540 627 580 amicum
654 536 827 588 evagari
858 535 955 575 facit
986 533 1216 583 delectatio,
1252 530 1324 571 sed

293 612 453 652 reducit
471 608 700 658 tribulatio,
717 606 952 647 secundum
969 605 1081 657 quod
1102 603 1253 644 dicitur
1273 601 1324 642 de

292 682 379 722 filio
396 680 577 734 prodigo
592 680 619 729 ¹,
636 678 709 730 qui
724 679 894 729 propter
907 675 1125 716 luxuriam
1140 672 1321 722 recessit,

293 752 363 792 sed
376 753 545 804 propter
556 749 741 790 inediam
753 748 889 788 rediit.
903 746 1020 787 Unde
1034 746 1079 786 in
1095 745 1201 787 Osca
1218 743 1268 795 (a)
1281 747 1294 767 2
1313 754 1321 781 :

297 822 427 874 «Ego
447 821 607 874 sepiam
633 820 751 861 viam
778 821 897 859 tuam
926 817 1072 871 spinis,
1093 818 1134 857 et
1164 815 1324 867 sepiam

290 905 385 934 eam
405 891 601 932 maceria.
618 905 637 928 1)
663 890 712 930 Et
733 892 825 942 post
845 888 1041 930 subditur
1058 901 1066 928 :
1087 901 1106 925 α
1125 885 1175 926 Et
1193 885 1321 925 dicet:

290 963 464 1014 Vadam,
488 964 530 1003 et
560 964 750 1003 revertar
778 961 830 1001 ad
860 960 1004 1002 virum
1032 968 1178 998 meum
1209 956 1322 1009 prio-

290 1047 401 1085 rem3
425 1035 526 1088 quia
541 1034 649 1074 bene
666 1032 770 1072 mihi
786 1034 876 1072 erat
896 1034 998 1071 tunc.
1018 1029 1173 1080 magis,
1195 1039 1325 1080 quam

289 1118 418 1147 nunc.
444 1121 462 1143 ))
492 1105 572 1145 Iste
591 1104 833 1153 revertitur,
855 1101 1026 1155 quando
1052 1100 1104 1141 ad
1123 1098 1325 1139 interiora

288 1176 482 1226 recurrit,
504 1175 737 1215 secundum
762 1173 867 1214 illud
886 1173 1016 1214 [saise
1036 1171 1049 1192 ³
1078 1185 1087 1210 :
1125 1185 1144 1208 «
1164 1169 1323 1219 Redite,

288 1247 649 1301 praevaricatores,
669 1245 722 1286 ad
741 1256 827 1285 cor.
851 1259 870 1282 ))
898 1243 977 1284 Sed
999 1241 1163 1283 invenit
1183 1241 1325 1293 ipsum

289 1328 474 1358 vacuum
493 1328 517 1355 a
536 1314 683 1355 solatio
705 1313 992 1366 spiritualium
1010 1310 1291 1352 refectionum
1310 1323 1319 1349 :

290 1387 403 1428 unde
428 1386 479 1427 de
509 1385 798 1438 peccatoribus
824 1383 976 1425 dicitur
995 1382 1008 1403 ’·
1034 1396 1043 1422 :
1082 1396 1101 1420 «
1119 1380 1324 1421 Matribus

288 1457 377 1498 suis
403 1457 629 1497 dixerunt:
650 1455 729 1496 Ubi
755 1457 816 1495 est
846 1454 1036 1494 triticum
1067 1454 1108 1492 et
1139 1451 1323 1491 Vinum?

289 1540 387 1569 cum
416 1528 644 1568 deficerent
663 1526 783 1579 quasi
804 1524 1019 1566 vulnerati
1040 1523 1083 1563 in
1103 1522 1251 1576 plateis
1270 1522 1325 1562 ci-

290 1599 449 1648 vitatis,
474 1610 572 1639 cum
591 1597 840 1638 exhalarent
859 1596 1023 1636 animas
1044 1606 1140 1634 suas
1162 1594 1204 1633 in
1226 1593 1325 1633 sinu

289 1672 477 1711 matrum
497 1681 688 1710 suarum.
710 1683 729 1707 ))
756 1668 806 1709 Et
821 1669 834 1690 ⁵
857 1682 865 1708 :
895 1666 1086 1707 «Defecit
1115 1664 1324 1716 gaudium

288 1743 424 1784 cordis
438 1743 583 1783 nostri.
605 1757 624 1780 ))
641 1742 742 1794 Subj
751 1741 929 1792 ungitur
946 1737 1060 1780 :Nee
1072 1737 1209 1786 nobis,
1226 1736 1326 1788 quia

289 1813 570 1866 peccavimus.
587 1827 605 1851 1)
620 1812 699 1853 Pro
720 1813 800 1853 hoc
820 1811 954 1863 igitur
974 1809 1110 1850 amico
1130 1807 1323 1848 famelico

287 1884 457 1937 petendi
479 1886 579 1924 sunt
599 1896 624 1924 a
637 1896 740 1926 vero
760 1883 896 1923 amico
916 1884 1000 1922 tres
1019 1892 1163 1933 panes,
1182 1879 1224 1920 id
1246 1881 1323 1929 est,

288 1955 522 1995 secundum
549 1955 662 2008 quod
693 1955 793 1995 dicit
824 1953 936 1995 Beda
967 1955 1007 1993 et
1035 1951 1323 2003 Augustinus,

287 2025 566 2077 intelligentia
594 2025 823 2076 Trinitatis,
847 2025 936 2066 sive
967 2023 1098 2064 trium
1124 2033 1323 2075 persona—

287 2110 385 2139 rum
406 2098 594 2148 nomina,
616 2100 665 2138 ut
684 2097 730 2137 in
750 2097 878 2137 solius
898 2095 972 2136 Dei
992 2094 1235 2147 cognitione
1258 2093 1324 2133 in-

288 2169 431 2211 veniat
443 2168 730 2210 refectionem.
748 2167 866 2208 Unde
880 2166 925 2207 in
940 2165 1090 2208 Exodo
1104 2165 1116 2187 ⁶
1137 2180 1145 2206 :
1169 2179 1187 2202 α
1208 2164 1325 2205 Vide-

288 2243 474 2292 runtque
491 2239 639 2287 Deum,
660 2241 700 2279 et
720 2237 996 2278 comederunt
1013 2239 1054 2277 et
1067 2237 1283 2276 biberunt.
1301 2249 1319 2272 ))

289 2312 339 2353 Et
367 2312 411 2352 in
440 2311 730 2352 Ecclesiastico
757 2309 770 2330 ⁷
800 2322 810 2349 :
852 2323 870 2347 «
891 2308 1055 2348 (libabit
1087 2319 1187 2348 euni
1219 2317 1327 2359 pane

289 2383 404 2433 vitae,
427 2385 467 2422 et
492 2381 743 2430 intellectuS,
766 2383 806 2420 et
827 2391 939 2431 aqua
965 2378 1182 2430 sapientiae
1212 2377 1324 2417 salu-

290 2454 392 2495 taris
407 2453 566 2506 potabit
579 2452 716 2492 illum.
728 2450 829 2492 »Vel
844 2454 929 2490 tres
947 2461 1077 2502 panes
1093 2451 1193 2489 sunt
1207 2449 1325 2499 fides,

289 2537 398 2578 spes,
422 2524 605 2564 charitas
619 2538 629 2573 ;
661 2522 820 2576 quibus
844 2521 1035 2561 reficitur
1066 2520 1222 2573 triplex
1244 2519 1329 2561 vir-

289 2600 360 2638 tus
391 2596 435 2636 in
462 2595 619 2646 anima,
649 2594 700 2634 de
723 2593 877 2646 quibus
908 2592 1018 2632 infra
1042 2591 1055 2612 ⁸
1085 2604 1094 2630 :
1134 2591 1327 2640 «Quanti

291 2666 540 2708 mercenarii
560 2666 605 2706 in
626 2665 751 2706 domo
768 2664 897 2717 patris
914 2663 998 2704 mei
1019 2663 1238 2704 abundant
1257 2674 1328 2715 pa-

290 2739 433 2788 nibus,
460 2752 479 2775 ))
514 2739 592 2777 etc.
622 2736 678 2776 De
706 2736 771 2776 1115
802 2736 815 2757 ⁹
845 2749 854 2775 z
895 2749 915 2773 «
941 2734 1045 2775 Cum
1078 2733 1245 2775 veneris
1276 2733 1328 2774 ad

291 2821 498 2863 quercum
520 2808 704 2858 Thabor,
729 2807 947 2848 invenient
972 2809 1013 2847 te
1044 2806 1103 2846 ibi
1129 2807 1215 2846 tres
1247 2806 1328 2847 viri

292 2882 563 2923 ascendentes
582 2880 634 2920 ad
659 2879 792 2920 Deum
812 2879 858 2919 in
878 2878 1023 2919 Bethel
1054 2890 1063 2917 :
1093 2890 1205 2920 unus
1227 2891 1325 2931 por-

292 2955 387 2993 tans
412 2955 497 2991 tres
523 2950 685 3000 haedos,
708 2952 749 2990 et
777 2949 885 2990 alius
904 2952 991 2989 tres
1019 2952 1151 2990 tortas
1179 2951 1324 3003 panis;

293 3023 401 3064 alius
418 3024 591 3073 portans
609 3020 814 3072 lagenam
835 3020 923 3061 vini
946 3034 955 3060 ε
981 3035 1000 3058 ))
1027 3023 1074 3061 ut
1100 3021 1146 3060 in
1166 3021 1232 3061 1115
1262 3021 1327 3061 111-

293 3093 511 3146 telligatur
541 3092 684 3132 unitas
717 3092 883 3143 gratiae,
917 3094 958 3132 et
989 3091 1154 3132 trinitas
1191 3092 1326 3133 Virtu-

293 3167 410 3215 tum,
446 3175 522 3216 per
556 3174 663 3215 quas
700 3163 954 3203 reformatur
992 3163 1137 3215 imago
1176 3163 1247 3204 Dei
1284 3164 1329 3203 in

295 3235 449 3276 anima.
483 3233 565 3274 Sed
595 3232 688 3273 haec
716 3233 859 3284 petitio
891 3245 977 3273 non
1011 3233 1152 3274 statim
1192 3246 1329 3275 exau-

338 3340 348 3360 ¹
372 3339 449 3377 lnf.‚
473 3346 531 3378 XV,
553 3340 591 3370 13
613 3340 646 3369 et
672 3345 744 3378 seq.
767 3354 805 3360 -—-
831 3338 842 3355 ²
871 3338 956 3379 Ose„
982 3346 1024 3378 ιι,
1049 3342 1085 3378 (i,
1108 3341 1138 3371 7.
1162 3357 1197 3362 —
1220 3340 1231 3357 ³
1250 3341 1330 3379 isa„

295 3395 394 3428 vai,
419 3389 450 3418 8.
471 3404 512 3410 —-
533 3386 542 3404 ¹
566 3385 699 3423 Thren„
721 3392 768 3424 11,
798 3386 847 3415 12.
869 3403 907 3409 —
927 3387 940 3407 ὅ
961 3387 1059 3427 ibid„
1085 3395 1116 3426 V,
1144 3390 1198 3428 15,
1222 3390 1270 3418 16.
1290 3405 1331 3411 —

297 3435 308 3451 Γ·
328 3434 447 3471 Εωοά.,
469 3440 567 3473 xxiv,
592 3435 642 3464 11.
662 3448 700 3454 —
721 3432 730 3450 '¹
752 3431 869 3472 Ecclz'„
888 3440 946 3473 xv,
967 3435 1051 3464 3.—
1073 3436 1083 3451 Β
1105 3433 1180 3474 tuf„
1200 3442 1257 3475 xv,
1277 3436 1327 3466 17.

299 3499 332 3503 —
354 3482 367 3502 ⁹
397 3482 406 3512 l
433 3481 524 3520 Rey„
553 3487 593 3519 x,
616 3479 645 3510 3.
667 3495 707 3501 —
732 3478 760 3500 ¹⁰
783 3478 919 3517 Matth„
947 3487 1004 3520 XV,
1030 3482 1080 3511 26.
1102 3498 1141 3503 --
1166 3482 1188 3500 ¹¹
1210 3480 1330 3519 Eccli„

298 3535 394 3570 xxiv,
417 3530 469 3560 29.
494 3544 533 3551 —
559 3527 582 3546 ¹²
604 3528 706 3567 Aug„
729 3523 774 3557 ad
801 3525 916 3566 Proh„
943 3526 1037 3567 epist.
1069 3535 1167 3568 cxx1,
1191 3537 1219 3559 c.
1248 3535 1327 3568 vni,

1027 227 1311 274 EVANGELll
1338 225 1525 267 SANCTI
1557 225 1706 266 LUGAE

1399 315 1511 355 ditur
1531 327 1557 355 a
1582 313 1767 363 Christ03
1791 314 1863 354 sed
1882 317 2046 367 oportet
2069 328 2168 358 cum
2196 317 2334 359 multa
2362 319 2429 361 in-

1399 386 1551 427 stantia
1570 385 1802 438 requirere,
1825 385 1926 436 quia
1957 387 2009 426 ad
2038 390 2124 428 tam
2145 401 2302 439 magna
2322 390 2433 432 dona

1399 458 1461 496 est
1497 456 1640 496 anima
1678 455 1891 507 peccatrix
1928 456 2070 497 minus
2105 458 2268 501 idonea.
2315 460 2432 502 Unde

1399 526 1603 578 scriptum
1634 528 1697 566 est
1724 526 1752 547 ¹⁰
1780 540 1789 566 ε
1820 524 1954 566 «Non
1980 529 2044 567 est
2073 527 2236 569 bonum
2265 542 2433 573 sumere

1400 607 1552 648 panem
1583 595 1784 646 filiorum,
1808 597 1849 636 et
1880 596 2047 638 mittere
2080 599 2268 641 canibus.
2297 616 2316 639 1)
2348 601 2433 644 Ve-

1399 679 1499 707 rum
1526 667 1604 708 etsi
1628 669 1720 719 Jam
1747 666 1861 707 filius
1887 669 1964 718 est,
1986 667 2125 709 adhuc
2151 673 2316 722 oportet
2335 685 2434 715 cum

1401 750 1558 790 magna
1576 738 1776 779 instantia
1796 739 2028 791 requirere,
2048 752 2104 781 ne
2131 741 2252 793 panis
2276 742 2346 784 ille
2364 745 2434 786 vi-

1398 809 1540 860 lescat,
1563 821 1662 850 cum
1693 821 1859 862 semper
1879 812 2071 862 oporteat
2090 810 2232 863 ipsum
2256 814 2432 865 esurire,

1399 882 1633 923 secundum
1663 881 1769 922 illud
1793 881 1819 903 ¹¹
1846 895 1854 921 :
1883 880 2001 931 «Qui
2026 882 2157 923 edunt
2186 895 2268 934 me,
2297 883 2436 925 adhuc

1400 953 1601 994 esurient.
1624 967 1642 991 ))
1681 952 1780 994 Sive
1812 954 1861 993 ut
1890 953 2070 1005 petendo
2101 954 2242 1006 magis
2274 967 2436 996 merea-

1400 1036 1513 1074 mur,
1535 1026 1576 1064 et
1608 1024 1908 1076 disponamur3
1940 1024 2053 1065 unde
2083 1024 2350 1078 Augustinus
2383 1026 2436 1068 ad

1401 1095 1598 1146 Probam,
1621 1095 1671 1137 de
1691 1095 1852 1138 orando
1882 1098 1966 1138 Deo
1993 1096 2022 1121 ¹²
2053 1110 2062 1137 :
2089 1111 2109 1134 «
2126 1095 2322 1138 Exerceri
2342 1097 2437 1139 vult

1400 1166 1444 1207 in
1457 1166 1722 1208 orationibus
1742 1166 1998 1207 desiderium
2012 1169 2221 1219 nostrum,
2239 1179 2324 1220 quo
2343 1180 2438 1221 pos-

1401 1236 1537 1278 simus
1585 1236 1634 1289 (b)
1686 1249 1836 1290 capere
1877 1236 2008 1289 illud,
2057 1238 2174 1291 quod
2226 1241 2438 1292 praeparat

1402 1308 1517 1349 dare.
1539 1322 1559 1346 1)

1455 1382 1495 1420 9.
1513 1380 1567 1422 Et
1576 1390 1649 1433 690
1662 1379 1757 1422 dico
1768 1379 1900 1429 vobis,
1911 1380 1989 1420 etc.
2006 1378 2104 1420 Post
2114 1379 2436 1422 similitudinem

1403 1448 1666 1490 incitativam
1679 1480 1692 1498 ,
1730 1446 1872 1488 subdit
1912 1447 2194 1488 eruditionem
2230 1447 2433 1489 informa-

1400 1518 1533 1559 tivam
1553 1519 1605 1559 ad
1627 1518 1828 1559 orationis
1848 1518 2130 1571 frequentiam
2147 1531 2158 1560 z
2174 1531 2305 1572 quam
2325 1519 2437 1559 elicit

1400 1602 1447 1630 ex
1471 1589 1747 1630 similitudine
1776 1589 2027 1641 praehabita,
2055 1589 2130 1629 ubi
2163 1589 2301 1641 primo
2333 1590 2434 1630 hor-

1400 1663 1513 1700 tatur
1546 1659 1820 1713 spiritualiter
1842 1659 2088 1711 discipulos;
2118 1659 2304 1700 secundo
2336 1672 2437 1701 vero

1401 1731 1657 1782 generaliter
1677 1741 1839 1770 omneS.
1862 1729 1959 1770 Ideo
1979 1732 2189 1782 quantum
2207 1729 2260 1771 ad
2278 1730 2436 1772 exhor·
2481 1757 2483 1759 ·

1399 1801 1603 1842 tationem
1639 1803 1832 1854 respectu
1863 1800 2187 1853 discipulorum,
2218 1800 2319 1841 dicit
2347 1816 2356 1842 ;
2384 1801 2440 1845 Ec

1400 1882 1470 1925 690
1501 1872 1595 1914 dico
1626 1872 1760 1923 vobis,
1791 1872 1865 1924 qui
1897 1871 2052 1912 scilicet
2081 1883 2170 1912 non
2204 1872 2387 1912 mentior
2425 1888 2434 1914 :

1401 1944 1500 1996 quia
1524 1945 1552 1968 ¹³
1578 1955 1699 1984 «non
1722 1946 1784 1984 est
1804 1943 1912 1984 Deus
1933 1942 2055 1995 quasi
2074 1942 2220 1993 homo,
2246 1945 2293 1984 ut
2324 1955 2437 1984 men—

1400 2015 1544 2065 tiatur,
1567 2027 1644 2055 nec
1680 2017 1727 2055 ut
1764 2014 1877 2054 filius
1903 2013 2089 2054 hominis
2123 2016 2171 2054 ut
2202 2015 2392 2054 mutetur
2423 2028 2432 2055 :

1401 2086 1508 2127 dixit
1529 2099 1646 2138 ergo,
1664 2088 1704 2127 et
1716 2098 1801 2126 non
1815 2085 1938 2126 faciet
1951 2086 1970 2125 ‘?
1991 2085 2139 2126 «Unde
2154 2084 2296 2126 Glossa
2311 2085 2433 2127 dicit:

1407 2172 1425 2196 α
1454 2157 1656 2209 Magnam
1689 2169 1808 2210 spem
1849 2156 2012 2207 tribuit,
2042 2157 2117 2209 qui
2155 2156 2436 2208 promittendo

1400 2241 1488 2270 non
1508 2229 1673 2280 decipit.
1701 2243 1720 2266 ))
1755 2228 1895 2268 Monet
1925 2239 2029 2279 ergo
2063 2227 2115 2267 ad
2145 2226 2347 2267 orationis
2365 2227 2436 2266 in-

1401 2300 1601 2341 stantiam
1620 2302 1660 2340 et
1679 2299 1974 2352 frequentiam,
1991 2310 2090 2338 cum
2107 2297 2225 2337 dicit:
2243 2297 2382 2340 Petite
2398 2303 2436 2340 et

1401 2372 1575 2414 clabitur
1598 2371 1714 2414 vobis
1745 2383 1758 2411 .·
1781 2371 1958 2423 qucerz'te
1987 2374 2025 2412 ec
2055 2370 2282 2411 invenietis
2305 2380 2319 2409 .·
2338 2369 2436 2421 pul-

1402 2446 1518 2491 sate,
1560 2445 1596 2484 et
1643 2443 1862 2494 aperietur
1898 2440 2032 2482 vobis.
2075 2438 2220 2479 Simile
2258 2439 2439 2479 habetur

1403 2514 1516 2567 apud
1538 2513 1789 2554 Matthaeum
1808 2512 1835 2536 ¹¹
1854 2528 1861 2551 ;
1887 2523 2013 2564 super
2033 2521 2118 2563 quo
2137 2510 2226 2550 loco
2240 2509 2338 2550 dicit
2353 2509 2440 2550 Au-

1408 2585 1607 2638 gustinus
1628 2586 1655 2609 ¹⁵
1680 2596 1689 2624 ε
1712 2584 1893 2636 Operose
1915 2582 2111 2635 quidem,
2131 2581 2232 2634 quid
2251 2581 2331 2622 ista
2359 2581 2440 2623 tria

1405 2657 1515 2697 inter
1549 2669 1591 2697 se
1631 2656 1842 2705 differant,
1881 2653 2234 2705 distinguendum
2274 2652 2436 2705 putavi,

1403 2728 1475 2769 sed
1495 2728 1620 2780 longe
1641 2727 1793 2767 melius
1823 2726 1875 2766 ad
1899 2724 2249 2765 instantissimam
2269 2723 2436 2776 petitio-

1403 2812 1502 2841 nem
1516 2799 1660 2840 omnia
1680 2799 1935 2839 referuntur.
1959 2795 2046 2836 Hoc
2066 2795 2223 2848 quippe
2241 2795 2437 2845 ostendit,

1403 2871 1476 2912 ubi
1506 2870 1653 2911 eodem
1684 2870 1816 2911 verbo
1853 2870 2004 2909 cuncta
2029 2866 2234 2908 conclusit
2262 2866 2402 2906 dicens
2427 2881 2435 2905 :

1407 2942 1570 2990 Quanto
1609 2942 1748 2994 maqis
1785 2942 1908 2982 Pater
1939 2941 2075 2981 vester
2113 2937 2290 2979 coeteszz's
2320 2936 2441 2979 dabit

1407 3014 1618 3066 Spiritum
1645 3014 1797 3055 bonum
1815 3010 2056 3064 petentibus
2075 3019 2118 3050 se
2133 3009 2153 3049 9
2166 3022 2185 3046 ))
2212 3007 2329 3049 Unde
2349 3008 2443 3050 vult

1404 3085 1608 3126 Dominus
1634 3084 1772 3125 dicere
1792 3083 1896 3124 illud
1923 3081 2036 3134 quod
2064 3079 2309 3132 simpliciter
2335 3080 2441 3120 dici-

1406 3158 1478 3197 tur
1508 3157 1535 3181 ¹⁶
1562 3170 1570 3196 :
1599 3155 1736 3196 «Sine
1767 3152 2078 3194 intermissione
2106 3152 2275 3190 orate.»
2310 3149 2362 3190 Et
2390 3150 2443 3191 ad

1408 3228 1668 3271 Colossenses
1688 3227 1716 3249 ¹⁷
1740 3239 1750 3268 z
1779 3241 1798 3266 ιι
1817 3223 2005 3266 Orationi
2024 3223 2193 3264 instate.
2213 3236 2231 3260 1)
2260 3221 2443 3264 Possunt

1406 3362 1448 3394 al.
1474 3369 1582 3401 cxxx,
1604 3369 1639 3392 n.
1668 3361 1721 3391 17.
1745 3376 1786 3382 —
1812 3358 1838 3380 1³
1857 3357 1972 3397 Num„
2000 3363 2108 3396 xxm,
2130 3356 2182 3387 19.
2201 3372 2236 3378 -
2258 3355 2286 3378 1⁴
2304 3355 2441 3395 Mattlz„

1408 3417 1475 3449 νη,
1499 3410 1530 3439 7.
1556 3425 1595 3431 -
1620 3408 1645 3428 ¹⁵
1674 3408 1774 3448 Aug„
1804 3407 1961 3444 Retract„
1984 3404 2043 3436 lib.
2073 3404 2104 3443 1,
2133 3412 2163 3434 c.
2190 3410 2272 3443 XIX,
2293 3412 2329 3435 n.
2349 3405 2380 3436 9.
2400 3420 2441 3427 -

1409 3456 1433 3478 ’ὃ
1453 3457 1461 3488 1
1489 3455 1613 3494 leess.,
1634 3463 1666 3492 ν,
1691 3456 1741 3486 17.
1761 3471 1801 3478 —-
1825 3453 1851 3476 Π
1873 3452 2013 3490 Θοίοεε.,
2035 3459 2082 3490 iv,
2104 3452 2134 3481 2.

1450 3526 1494 3566 (α)
1513 3522 1608 3558 Edit.
1633 3525 1709 3556 Vat.
1727 3525 1759 3556 et
1784 3524 1861 3555 Ven.
1883 3524 1999 3555 oseas,
2020 3538 2060 3545 —
2081 3520 2124 3562 (ὁ)
2147 3529 2337 3561 possumus.
