2634 3853
238 252 316 291 456

235 339 293 381 At
313 339 380 382 illi
397 340 628 385 dixerunt:
647 342 741 384 Non
759 345 860 384 sunt
879 341 999 382 nobis
1014 339 1110 392 plus
1129 350 1258 391 quam

235 412 422 464 quinque
434 423 568 465 panes
583 417 622 456 et
642 413 725 455 duo
745 414 892 465 pisces.
907 411 969 452 Ex
989 422 1074 463 quo
1088 409 1262 463 apparet

234 480 535 535 discipulorum
556 484 711 535 inopia,
730 494 817 523 non
838 482 978 522 solum
1000 481 1051 521 ad
1073 481 1262 521 reficien-

234 551 331 592 dam
351 554 533 603 turbam,
557 554 627 593 sed
648 554 773 593 etiam
794 552 845 592 ad
865 552 1082 605 propriam
1103 551 1260 591 famem

235 621 532 674 mitigandam.
566 623 616 663 Et
638 627 684 663 ut
712 634 872 674 magna
895 622 1138 662 ostendatur
1162 622 1259 662 ino-

233 692 317 744 pia,
338 693 518 733 Joannes
537 693 736 745 exprimit
756 705 889 744 genus
907 704 1089 745 panum;
1110 692 1261 732 dicitur

234 764 347 803 00101
363 765 394 804 ¹:
416 780 433 801 «
454 763 524 803 Est
543 775 648 816 puer
667 776 779 804 unus
798 764 882 815 hic,
903 763 977 816 qui
996 763 1123 803 habet
1142 763 1262 815 quin-

233 847 316 887 que
347 846 474 886 panes
506 835 760 876 hordeaceos
791 837 831 875 et
860 835 965 875 duos
997 834 1154 886 pisces3
1189 834 1260 873 sed

231 905 323 945 haec
344 905 446 957 quid
468 908 567 946 sunt
587 906 696 946 inter
720 907 889 946 tantos?
909 920 927 942 n
955 904 1122 945 Similes
1140 905 1261 944 erant

231 976 277 1015 in
304 976 384 1016 1100
404 976 463 1016 1111
492 976 654 1027 viduae,
689 978 812 1029 cujus
838 976 1018 1016 farinam
1052 974 1257 1027 multipliu

232 1047 342 1087 cavit
356 1047 490 1087 Eiias²
502 1061 510 1087 ι
523 1046 665 1088 «Vivit
681 1047 886 1088 Dominus
902 1046 1010 1087 Deus
1026 1048 1137 1096 tuus,
1157 1045 1259 1097 quia

230 1130 315 1158 non
347 1118 482 1157 habeo
513 1130 684 1169 panem,
721 1118 800 1157 nisi
829 1120 1036 1170 quantum
1068 1117 1259 1169 pugillus

230 1200 378 1240 capere
413 1191 547 1240 potest
579 1189 728 1229 farinae
760 1188 804 1228 in
835 1188 1000 1241 hydria.
1029 1202 1047 1225 1)
1077 1187 1127 1228 Et
1158 1188 1259 1228 item

229 1259 334 1299 dixit
354 1258 546 1299 minister
566 1258 717 1299 Elisaeo
736 1259 776 1299 3;
802 1273 821 1295 «
841 1257 1055 1307 Quantum
1076 1260 1138 1297 est
1162 1257 1258 1307 hoc,

228 1332 277 1370 ut
294 1341 503 1382 apponam
522 1341 663 1369 coram
679 1331 851 1370 centum
870 1329 972 1370 viris
985 1330 1004 1369 ‘?
1023 1342 1041 1366 ›>
1057 1327 1260 1369 Similiter

228 1399 538 1451 responderunt
565 1399 634 1439 hic
658 1398 870 1451 Apostoli,
901 1399 970 1439 vel
998 1398 1188 1438 Andreas
1215 1398 1259 1438 in

228 1481 408 1522 persona
440 1469 654 1520 omnium,
685 1469 793 1509 sicut
826 1469 926 1509 dicit
953 1469 1162 1519 Joannes3
1193 1469 1260 1510 vel

229 1540 318 1592 ipse
337 1540 470 1592 prius,
493 1543 534 1580 01
554 1543 646 1592 post
664 1539 757 1580 alii:
780 1544 820 1580 et
840 1540 897 1579 sic
916 1552 1003 1580 non
1018 1542 1079 1579 est
1096 1542 1260 1580 contra-

227 1609 370 1650 110105.
383 1610 754 1663 Qualitercumque
773 1610 882 1651 dicta
900 1610 984 1650 sint
1000 1611 1091 1650 haec
1111 1611 1257 1660 verba,

229 1681 455 1722 ostendunt
474 1681 769 1733 impotentiam
794 1680 1100 1732 discipulorum
1126 1681 1178 1721 ad
1198 1693 1261 1721 re-

229 1751 450 1792 ficiendam
488 1752 672 1791 turbam.
715 1750 774 1791 Ne
814 1753 958 1790 tamen
988 1750 1080 1790 haec
1115 1751 1258 1791 crede-

230 1825 377 1862 rentur
397 1821 534 1862 dicere
552 1832 638 1862 non
656 1823 827 1873 propter
846 1820 1140 1872 impotentiam
1155 1853 1164 1871 ,
1188 1821 1261 1862 sed

227 1894 403 1945 propter
424 1891 666 1944 pigritiam,
688 1891 782 1931 ideo
802 1890 987 1931 offerunt
1008 1891 1261 1944 obsequium

227 1964 279 2004 ad
301 1963 560 2015 emptionem
598 1962 815 2011 ciborum,
850 1973 949 2001 cum
984 1962 1257 2014 adJungunt:

227 2035 327 2076 Nisi
355 2035 461 2085 forte
487 2043 563 2076 nos
586 2044 728 2075 eamus
748 2037 786 2076 et
811 2043 998 2074 emamus
1026 2034 1075 2074 in
1095 2044 1261 2076 omnem

231 2104 338 2146 hanc
375 2104 539 2145 turbam
574 2113 701 2145 escas.
737 2103 788 2144 Et
816 2103 895 2143 1100
921 2104 1095 2156 quidem
1128 2106 1263 2157 potest

229 2186 319 2215 esse
338 2175 520 2215 verbum
541 2173 811 2214 offerentium
834 2174 1087 2227 obsequium
1100 2205 1112 2224 ,
1135 2176 1264 2227 juxta

229 2244 334 2285 illud
355 2244 392 2284 ³:
423 2259 441 2282 α
467 2243 624 2284 Ε110105
650 2255 843 2284 emamus
864 2243 1054 2284 ducentis
1079 2245 1263 2285 denariis

229 2327 386 2368 paneS,
418 2317 457 2355 et
494 2314 690 2355 dabimus
726 2314 806 2353 illis
842 2315 1113 2356 manducare.
1145 2330 1163 2353 »
1190 2315 1264 2357 Vel

228 2389 364 2440 potest
388 2398 479 2426 esse
506 2386 692 2426 verbum
718 2385 1033 2427 ostendentium
1059 2387 1264 2439 impoten-

229 2459 332 2499 tiam
363 2458 415 2498 ad
443 2457 738 2508 reficiendum,
772 2468 858 2496 non
889 2457 1027 2497 solum
1057 2461 1264 2510 quantum

231 2529 283 2569 ad
320 2540 449 2580 panes
483 2527 669 2577 habitos,
712 2539 868 2568 verum
896 2527 1024 2568 etiam
1054 2532 1264 2580 quantum

232 2599 283 2639 ad
316 2598 514 2650 pretium.
537 2597 653 2638 Unde
684 2597 837 2638 dicitur
857 2598 895 2638 ⁵:
933 2613 952 2636 «
977 2598 1264 2641 Ducentorum

232 2668 503 2709 denariorum
541 2680 669 2720 panes
706 2680 794 2708 non
838 2668 1053 2710 sufficiunt
1092 2671 1172 2720 eis,
1218 2672 1266 2711 ut

232 2739 525 2791 unusquisque
555 2739 769 2778 modicum
804 2739 906 2791 quid
935 2740 1124 2792 accipiat.
1159 2755 1177 2778 1)
1216 2741 1266 2782 Ε1

233 2810 406 2861 quidam
435 2809 486 2850 de
518 2808 735 2861 discipulis
769 2809 968 2850 dixerunt
1000 2822 1086 2850 uno
1116 2811 1262 2861 modo,

233 2880 406 2932 quidam
434 2880 531 2921 alio.
569 2879 620 2919 Et
654 2880 836 2921 Joannes
866 2882 1066 2934 exprimit
1099 2896 1233 2924 unum
1250 2915 1263 2935 ,

233 2950 397 2990 Marcus
416 2951 572 3001 alium;
602 2950 736 2991 Lucas
758 2964 860 2993 vero
886 2953 930 2992 111
952 2953 1152 3006 praedicto
1179 2967 1264 2995 ser-

233 3033 359 3061 mone
376 3021 553 3062 includit
568 3024 820 3075 utrumque:
838 3023 952 3076 quod
971 3026 1083 3076 patet
1104 3037 1157 3065 ex
1177 3025 1267 3078 ipsa

234 3092 441 3132 sermonis
462 3092 579 3132 varia
600 3092 846 3144 prolatione.

288 3162 445 3212 Quarto
468 3174 586 3211 vere,
620 3166 829 3214 quantum
855 3165 908 3205 ad
939 3164 1085 3217 populi
1114 3177 1267 3207 nume-

233 3234 466 3282 rositatem,
497 3233 691 3273 subditur
722 3234 776 3285 (v.
814 3238 876 3285 14)
912 3247 922 3275 :
963 3236 1100 3278 Erant
1127 3240 1267 3278 autem

237 3305 322 3354 sere
351 3305 440 3345 vz'rz‘
471 3304 657 3356 quinque
682 3304 845 3356 1111ῑί111,-
865 3309 907 3345 at
938 3318 1013 3358 per
1044 3306 1123 3347 hoc
1150 3309 1266 3348 tanta

235 3374 489 3425 multitudo,
523 3376 571 3415 ut
613 3386 690 3427 pro
723 3387 808 3415 uno
845 3388 954 3428 pane
984 3379 1121 3417 0550111
1153 3377 1266 3418 mille

280 3481 290 3500 ²
312 3481 422 3518 Jowz„
446 3489 493 3521 Vl,
515 3483 543 3512 9.
564 3498 603 3503 -—-
627 3481 701 3511 2111
723 3481 813 3520 Rom,
835 3489 921 3522 XVII,
946 3484 993 3513 12.
1015 3500 1055 3505 —
1074 3482 1148 3515 31v
1173 3485 1262 3524 Itey„

235 3534 281 3567 1ν,
317 3529 368 3558 43.
396 3545 436 3551 -
470 3528 481 3546 ⁴
513 3529 633 3567 ΔΙανε.,
664 3535 719 3568 v1,
748 3530 798 3560 37.
824 3545 864 3552 -
895 3530 905 3547 ⁵
938 3530 1048 3568 Joan.‚
1080 3537 1135 3569 vi,
1168 3532 1197 3561 7.
1220 3547 1260 3552 -

965 250 1247 293 EVANGELII
1279 230 1465 292 sANcri
1494 251 1645 293 LUCAE

1335 339 1431 381 viri.
1463 339 1579 381 Unde
1611 340 1726 382 viros
1764 340 1955 382 nominat
1984 344 2026 383 et
2055 345 2274 393 numerat;
2314 354 2368 383 ex

1337 421 1421 461 quo
1446 412 1617 463 apparet
1643 413 1802 462 quanta
1829 413 1919 451 erat
1949 411 2213 465 reliquorum
2242 413 2370 454 turba

1336 491 1424 532 prae
1457 480 1523 520 sui
1554 480 1825 521 multitudine
1856 492 1941 521 non
1980 485 2216 524 numerata.
2255 483 2370 524 Unde

1338 548 1562 591 Matthaeus
1583 550 1681 591 dicit
1708 551 1720 572 ⁶
1741 550 1852 603 quod
1879 565 1897 589 «
1920 551 2269 593 manducantium
2290 554 2369 594 fuit

1337 632 1543 661 numerus
1575 622 1763 674 quinque
1787 620 1922 660 millia
1952 621 2159 672 virorum,
2183 624 2368 677 exceptis

1337 690 1588 732 mulieribus
1610 694 1650 732 et
1672 691 1875 744 parvulis.
1900 706 1918 729 1)
1944 691 2040 733 Ideo
2061 695 2204 733 autem
2222 706 2368 735 nume-

1335 772 1433 800 rum
1471 761 1685 814 exprimit,
1707 762 1809 814 quia
1838 761 2011 814 propter
2039 763 2225 815 quinque
2257 775 2368 804 com-

1335 831 1502 883 petebat
1529 831 1616 883 legi
1642 844 1741 884 quae
1761 832 1954 873 homines
1975 833 2191 873 sensibiles
2209 836 2250 874 et
2277 846 2369 874 car-

1335 901 1452 942 nales
1472 902 1749 953 informabat3
1779 905 1949 956 propter
1967 903 2267 955 perfectionem
2287 916 2367 946 au-

1334 975 1420 1013 tem
1441 973 1664 1013 millenarii
1695 974 1957 1026 competebat
1983 974 2035 1014 ad
2060 975 2369 1027 susceptionem

1335 1043 1537 1084 doctrinae
1556 1044 1820 1097 perfectionis
1839 1044 2113 1097 evangelicae.
2135 1046 2210 1088 Ait
2230 1050 2370 1089 autem

1335 1113 1394 1155 ad
1425 1113 1672 1167 discipulos,
1696 1116 1773 1155 etc.
1806 1114 1904 1155 Post
1933 1116 2291 1167 opportunitatem
2318 1129 2370 1158 ex

1335 1187 1455 1237 parte
1498 1183 1751 1236 indigentiae
1790 1185 2096 1236 multitudinis,
2130 1187 2270 1228 subdit
2303 1188 2372 1229 hic

1334 1255 1630 1296 liberalitatem
1661 1268 1714 1296 ex
1742 1258 1862 1308 parte
1894 1256 2198 1298 munificentiae
2224 1258 2373 1300 Salva-

1334 1327 1450 1368 toris.
1474 1327 1761 1368 Manifestatur
1789 1329 1931 1368 autem
1957 1327 2186 1369 Salvatoris
2212 1329 2371 1370 libera-

1333 1397 1429 1439 litas
1457 1399 1503 1439 in
1533 1401 1716 1452 quatuor
1740 1414 1748 1440 z
1777 1399 1820 1439 in
1847 1399 2169 1441 convivantium
2199 1401 2368 1442 ordina-

1335 1469 1475 1520 tione,
1516 1469 1766 1510 victualium
1802 1469 2096 1520 multitudine,
2130 1471 2370 1512 ministran-

1335 1540 1446 1580 tium
1467 1540 1721 1591 urbanitate,
1743 1540 2093 1580 manducantium
2121 1542 2338 1583 saturitate
2359 1557 2367 1583 :

1336 1613 1385 1652 ut
1404 1611 1462 1651 sic
1493 1611 1739 1652 ostendatur
1758 1612 1939 1664 perfecta
1957 1612 2185 1652 liberalitas
2206 1624 2281 1664 per
2300 1624 2368 1653 or-

1336 1681 1479 1721 dinem
1516 1682 1889 1732 discumbentium,
1925 1681 2243 1723 multitudinem
2282 1683 2370 1724 vic-

1336 1752 1533 1802 tualium,
1556 1751 1934 1804 promptitudinem
1963 1751 2311 1803 ministrantium,
2333 1758 2374 1794 et

1335 1822 1643 1876 plenitudinem
1664 1822 2028 1863 manducantium.
2052 1821 2209 1874 Primo,
2235 1837 2372 1877 quan-

1335 1896 1427 1934 tum
1448 1893 1500 1933 ad
1532 1893 1894 1934 discumbentium
1922 1893 2246 1946 ordinationem,
2275 1896 2373 1937 dici-

1334 1965 1406 2004 tur
1429 1976 1438 2004 :
1460 1964 1538 2006 Ait
1559 1968 1700 2005 autem
1726 1963 1784 2005 ad
1812 1964 2044 2017 discipulos
2063 1976 2162 2008 suos
2186 1981 2202 2008 .·
2230 1967 2373 2009 Facite

1336 2034 1431 2077 illos
1450 2034 1706 2076 discumbere
1720 2045 1794 2087 per
1813 2036 2014 2078 convivia
2037 2038 2371 2090 quinquaqenoa

1338 2106 1394 2158 (v.
1425 2105 1485 2157 15)
1510 2106 1564 2147 Εῑ
1593 2107 1657 2148 ita
1685 2107 1887 2157 fecerum.
1915 2107 2037 2148 Decet
2066 2108 2180 2148 enim
2209 2110 2375 2162 magni-

1337 2178 1467 2217 ficum
1499 2178 1540 2217 et
1567 2177 1786 2217 liberalem
1819 2177 2062 2229 Dominum,
2085 2179 2277 2220 ordinem
2309 2184 2374 2221 at-

1336 2248 1508 2288 tendere
1522 2248 1566 2287 10
1586 2247 1859 2300 disponendo,
1877 2249 2005 2301 juxta
2025 2249 2138 2301 quod
2159 2250 2312 2292 dicitur
2330 2251 2369 2292 ⁷:

1343 2334 1362 2357 α
1396 2319 1549 2360 Videns
1581 2319 1735 2371 regina
1771 2318 1881 2360 Saba
1916 2332 2088 2361 omnem
2123 2322 2373 2374 sapientiam

1337 2388 1599 2440 Salomonis,
1629 2392 1669 2429 et
1700 2389 1876 2430 domum
1912 2402 2040 2442 quam
2074 2391 2371 2443 aedificaverat,

1337 2463 1378 2501 et
1397 2460 1512 2500 cibos
1526 2472 1685 2501 0100500
1698 2462 1733 2513 ej
1741 2472 1804 2511 us,
1822 2463 1863 2502 et
1875 2461 2116 2503 habitacula
2133 2475 2371 2517 servorum,

1338 2533 1378 2572 et
1397 2531 1565 2572 ordines
1594 2532 1944 2581 ministrantium,
1967 2548 1986 2571 ›)
2025 2536 2120 2585 etc.,
2152 2549 2171 2572 «
2190 2547 2277 2576 non
2295 2535 2373 2576 ha-

1338 2602 1463 2642 bebat
1483 2602 1595 2643 ultra
1615 2603 1824 2655 spiritum.
1848 2618 1867 2640 »
1901 2603 1999 2644 Haec
2027 2607 2169 2645 autem
2194 2606 2275 2646 fuit
2296 2607 2375 2647 dis-

1338 2672 1490 2725 positio
1510 2673 1789 2714 ordinationis
1810 2686 1908 2714 cum
1931 2674 2281 2717 determinatione
2300 2690 2376 2718 nu-

1338 2743 1466 2793 meri3
1490 2744 1603 2784 unde
1623 2744 1777 2784 dicitur
1800 2744 1813 2765 ³
1834 2745 1946 2797 quod
1971 2759 1990 2784 ((
2009 2745 2315 2787 discubuerunt
2331 2748 2375 2787 in

1338 2816 1479 2865 partes
1517 2826 1593 2866 per
1625 2817 1824 2855 centenos
1864 2818 1904 2856 et
1945 2816 2273 2869 quinquagenos
2305 2832 2314 2857 z
2349 2833 2368 2856 n

1339 2883 1669 2936 quinquagesies
1699 2886 1812 2926 enim
1849 2888 2021 2927 centum
2055 2891 2155 2928 sunt
2184 2888 2374 2940 quinque

1340 2954 1487 2995 millia.
1529 2955 1625 2996 Ideo
1675 2959 1819 2997 autem
1866 2957 2123 3010 exprimitur
2168 2970 2375 2999 numerus

1339 3026 1739 3079 quinquagesimus,
1758 3027 1858 3080 quia
1878 3040 1953 3080 per
1973 3028 2215 3080 quinarium
2237 3029 2375 3081 magis

1340 3097 1602 3149 competebat
1621 3097 1724 3149 legi,
1746 3100 1787 3139 et
1811 3097 1939 3138 etiam
1962 3097 2007 3137 in
2033 3097 2228 3150 quinario
2255 3101 2376 3140 erant

1340 3179 1471 3219 panes
1503 3167 1794 3209 refectionum.
1824 3168 1888 3208 Ex
1922 3167 2003 3208 hoc
2027 3170 2172 3209 autem
2197 3170 2378 3211 ostendit

1341 3237 1530 3279 Christus
1551 3250 1673 3279 suam
1705 3238 1858 3279 miram
1893 3238 2159 3291 sapientiam,
2180 3252 2265 3292 qua
2292 3253 2373 3281 nu-

1340 3320 1510 3349 merum
1530 3310 1723 3351 virorum
1744 3309 2003 3362 praesciebat,
2025 3311 2065 3349 ct
2089 3310 2302 3363 discipulis
2322 3324 2377 3352 ex

1339 3370 1535 3422 sessione*
1553 3380 1811 3421 notificabat.
1839 3379 1921 3421 Nec
1953 3380 2127 3433 mirum,
2158 3381 2260 3435 quia
2287 3381 2376 3434 ipse

1338 3486 1350 3504 ⁰
1371 3486 1508 3526 Mattlz„
1538 3494 1617 3526 xxv,
1646 3487 1698 3518 24.
1728 3503 1763 3508 —-
1794 3485 1805 3507 7
1835 3487 1875 3518 111
1906 3487 1995 3527 Ray„
2021 3495 2062 3527 x,
2091 3489 2122 3519 5.
2152 3506 2192 3512 —
2220 3488 2231 3506 ⁸
2256 3489 2374 3528 Marc„

1337 3540 1393 3573 Vl,
1414 3535 1465 3565 40.
