2634 3853
220 224 296 264 300

216 311 345 364 primi
365 312 521 364 peccati
538 314 549 335 ¹
575 326 583 353 ε
622 327 642 351 α
668 313 804 353 Adam
824 324 911 353 non
935 313 997 353 est
1026 311 1238 360 seductus,

217 381 370 423 mulier
389 384 546 434 autem,
578 397 597 420 n
626 386 703 424 etc.
734 382 783 424 Et
803 383 882 423 hac
906 381 1067 422 ratione
1086 393 1172 421 non
1196 381 1243 421 fit

216 452 418 494 decursus
436 465 509 506 per
527 453 739 502 mulieres,
762 464 840 493 nec
859 455 921 493 est
942 463 1033 491 mos
1046 451 1090 491 in
1108 451 1242 504 Scrip-

215 524 337 574 turis,
358 536 436 564 nec
458 525 506 564 fit
526 524 683 564 mentio
710 534 869 574 magna
889 523 940 562 de
962 521 1112 573 Maria,
1141 523 1241 575 quia

215 595 450 646 Evangelia
478 595 725 646 inceperunt
755 605 780 633 a
812 592 1097 644 Praecursore;
1121 594 1238 636 Mar-

213 677 286 708 cus
316 669 330 690 ³
362 680 376 706 .·
400 681 418 703 «
441 665 611 705 Initium
643 663 868 715 Evangelii
895 663 993 705 Jesn
1026 664 1190 716 Christi,
1215 681 1234 704 ›)

213 740 309 787 etc.;
338 739 378 776 et
405 735 531 776 etiam
572 737 744 788 propter
772 735 992 788 praedictas
1019 737 1203 778 rationes
1228 753 1235 778 :

213 808 415 860 scriptum
442 809 584 847 tamen
617 806 662 846 in
691 805 829 847 Veteri
857 806 1124 849 Testamento
1144 809 1235 859 fuit,

213 878 324 931 quod
344 889 432 918 esse
458 880 621 929 poterat
642 878 786 930 figura
805 877 992 930 Virginis
1016 880 1061 919 in
1087 880 1237 933 aliqui-

211 949 290 989 bus
335 948 602 999 mulieribuS,
645 961 741 1002 quae
785 949 928 991 Mariae
964 953 1006 991 et
1043 950 1238 991 Ecclesiae

211 1019 400 1072 figuram
429 1022 666 1071 gesserunt.

263 1090 403 1131 Tertio
440 1090 638 1142 adJ'ungit
689 1091 850 1142 gradus
897 1092 1236 1144 processionum,

211 1173 306 1202 cum
332 1161 446 1201 addit
469 1163 524 1211 (v.
548 1161 611 1213 024)
647 1175 655 1202 :
689 1162 769 1208 Qui
792 1163 878 1213 fuit
903 1162 1014 1214 Hclz',
1049 1166 1129 1204 etc.
1158 1163 1239 1205 Sed

211 1232 308 1272 huic
329 1231 501 1272 videtur
528 1232 787 1272 contrarium
807 1232 910 1274 illud
932 1234 1144 1286 Matthoez',
1166 1235 1240 1276 ubi

210 1302 398 1353 dicitur³,
421 1302 535 1355 quod
563 1317 581 1341 «
606 1302 732 1343 Jacob
755 1304 908 1355 genuit
926 1304 1095 1358 Joseph,
1123 1321 1142 1344 n
1165 1307 1239 1360 qui

210 1374 421 1415 descendit
454 1386 528 1426 per
565 1373 850 1415 Salomonem.
883 1374 926 1416 Si
951 1388 1056 1428 ergo
1087 1377 1240 1431 impos-

211 1445 331 1486 sibile
350 1447 427 1496 est,
448 1445 561 1498 quod
584 1445 738 1498 aliquis
759 1446 887 1488 simul
917 1460 942 1487 a
972 1448 1139 1489 duobus
1161 1462 1237 1501 ge-

209 1519 396 1567 neretur,
423 1518 497 1557 aut
522 1517 601 1557 ista
623 1517 892 1570 genealogia,
924 1521 998 1560 aut
1025 1519 1096 1560 illa
1119 1521 1238 1564 Mat-

211 1587 312 1630 theez·
331 1589 393 1628 est
419 1587 596 1628 omnino
616 1600 808 1629 erronea.
832 1589 895 1630 Ad
918 1592 1042 1643 cujus
1063 1591 1123 1632 rei
1146 1593 1237 1634 evi-

210 1659 396 1700 dentiam
430 1663 492 1700 est
523 1660 775 1711 notandum,
807 1663 920 1714 quod
951 1663 1140 1715 Matthat,
1164 1665 1239 1717 qui

209 1730 420 1771 descendit
439 1743 464 1772 a
489 1731 621 1773 David
652 1744 727 1784 per
752 1731 934 1784 Nathan,
963 1737 1004 1775 et
1033 1734 1235 1786 Matthan,

209 1801 283 1854 qui
302 1801 513 1842 descendit
532 1814 557 1843 a
586 1802 719 1844 David
745 1815 821 1856 per
852 1804 1137 1856 Salomonem,
1161 1806 1239 1847 ha-

209 1873 398 1914 buerunt
417 1873 651 1915 successive
681 1887 813 1915 unam
843 1877 885 1916 et
909 1877 1101 1917 eamdem
1129 1890 1239 1919 uxo-

207 1956 314 1995 rem,
347 1956 401 1985 ex
422 1957 506 1997 qua
526 1945 715 1987 Matthan
739 1947 889 1998 genuit
908 1947 1049 1999 Jacob,
1072 1952 1112 1990 et
1131 1949 1236 1991 Mat·-

207 2015 297 2056 that
311 2016 579 2067 genuitHeli.
601 2016 652 2058 Et
673 2017 729 2058 ita
748 2017 840 2059 Heli
861 2021 901 2060 et
920 2019 1046 2061 Jacob
1066 2021 1239 2063 fuerunt

207 2086 291 2127 duo
328 2087 476 2127 fratres
511 2088 683 2128 uterini.
730 2088 823 2129 Heli
864 2093 1030 2142 autem,
1071 2096 1239 2146 accepta

206 2168 353 2209 uxore,
377 2161 574 2200 mortuus
592 2163 656 2200 est
676 2160 766 2202 sine
788 2161 932 2202 liberis
946 2177 955 2213 ;
979 2164 1019 2204 et
1048 2163 1140 2205 ideo
1171 2177 1236 2206 se-

207 2228 394 2269 cundum
413 2229 572 2281 legem,
598 2229 725 2272 Jacob
749 2232 878 2273 frater
909 2235 1002 2286 ejus
1031 2234 1148 2277 illam
1168 2249 1236 2278 ac-

206 2300 330 2353 cepit,
355 2302 404 2341 ut
426 2302 641 2343 suscitaret
674 2315 820 2344 semen
855 2305 976 2346 fratri
1008 2319 1100 2358 5110,
1124 2310 1165 2349 et
1185 2321 1239 2350 ex

206 2371 277 2412 illa
305 2372 457 2424 genuit
491 2372 670 2427 Joseph,
711 2375 853 2417 virum
889 2376 1047 2419 Mariae.
1082 2379 1238 2433 Joseph

206 2454 310 2495 ergo
329 2444 565 2485 secundum
585 2457 756 2487 carnem
775 2448 854 2488 suit
874 2448 987 2489 filius
1003 2449 1144 2502 Jacob,
1162 2453 1238 2504 (1111

207 2514 419 2556 descendit
450 2528 523 2568 per
558 2516 855 2570 Salomonem;
897 2520 969 2561 sed
1004 2522 1238 2563 secundum

206 2585 346 2637 legem
368 2586 446 2627 fuit
477 2587 584 2639 Heli,
620 2589 694 2642 qui
714 2590 926 2632 descendit
950 2604 1025 2644 per
1055 2592 1235 2635 Nathan.

206 2656 257 2697 Et
281 2657 483 2710 quoniam
505 2659 558 2700 ad
584 2661 764 2712 perfecte
792 2663 1055 2704 scribendam
1082 2677 1239 2716 genea-

206 2729 367 2781 logiam
393 2729 641 2782 Salvatoris,
676 2734 865 2785 oportuit
901 2746 995 2774 eam
1033 2735 1158 2775 scribi
1197 2739 1238 2777 et

210 2800 443 2840 secundum
474 2800 632 2853 legem,
671 2806 711 2843 01
746 2805 979 2846 secundum
1013 2808 1234 2858 naturam;

210 2871 303 2911 ideo
337 2871 517 2924 Spiritus
561 2877 729 2915 sanctus
765 2875 846 2917 hoc
881 2877 978 2918 fecit
1019 2890 1095 2931 per
1135 2879 1240 2920 duos

211 2942 522 2994 evangelistas;
554 2945 654 2997 quia
685 2945 911 2988 Matthaeus
945 2949 1110 3002 scripsit
1149 2962 1239 2991 car-

210 3012 366 3064 nalem,
398 3016 438 3054 et
471 3014 603 3056 Lucas
633 3016 831 3069 legalem.
870 3018 957 3060 Hoc
981 3023 1123 3061 autem
1156 3033 1241 3063 non

210 3084 449 3125 estfactum
470 3086 560 3127 sine
580 3099 704 3129 causa
728 3090 965 3131 rationabili
991 3105 999 3132 :
1017 3091 1242 3134 Matthaeus

208 3167 396 3208 namque
414 3158 688 3210 prosequitur
707 3160 857 3202 Christi
878 3174 1078 3215 regnum,
1101 3167 1142 3205 et
1158 3164 1239 3205 hu-

210 3226 458 3268 manitatem
497 3229 730 3271 secundum
779 3233 892 3284 quod
926 3235 1127 3275 successit
1166 3236 1242 3276 Da-

209 3296 283 3338 vid
313 3311 322 3338 :
359 3297 550 3351 loquitur
587 3300 701 3340 enim
737 3302 787 3343 de
826 3303 1030 3345 descensu
1064 3307 1157 3358 eJus
1190 3308 1242 3348 ad

211 3370 368 3410 nostrae
406 3370 543 3411 carnis
582 3373 904 3425 susceptionem.
936 3376 988 3417 Et
1017 3377 1119 3429 quia
1149 3379 1243 3419 haec

253 3476 263 3497 ¹
286 3476 295 3507 1
327 3475 423 3517 Tim„
454 3485 497 3518 11,
526 3479 577 3510 14.
599 3495 639 3504 -
664 3479 678 3500 ²
701 3480 820 3521 Marc„
843 3489 869 3520 1,
896 3484 924 3514 1.
947 3500 983 3507 —
1008 3501 1048 3507 —
1073 3482 1088 3506 ⁸
1108 3483 1241 3526 Mattlz„

213 3529 242 3562 J,
264 3523 314 3555 15.
331 3540 366 3547 -—
388 3524 402 3546 ⁸
421 3525 524 3567 Aug„
548 3524 588 3558 cle
608 3526 760 3560 consens.
781 3528 926 3570 Evanq„
947 3529 1005 3562 lib.
1029 3531 1069 3572 11,
1087 3540 1117 3562 0.
1138 3539 1184 3563 iv,
1203 3549 1243 3556 -

940 221 1223 264 EVANGELIl
1254 220 1437 264 SANCTI
1467 223 1614 266 LUCAE

1322 313 1528 366 susceptio
1558 313 1637 354 fuit
1656 312 1793 365 primo
1814 312 2022 364 promissa
2038 313 2117 368 ipsi
2143 315 2341 366 Abrahae,

1316 384 1355 423 et
1383 384 1639 436 repromissa
1667 382 1746 435 ipsi
1772 382 1928 433 David;
1959 383 2053 425 ideo
2090 386 2234 439 incipit
2265 399 2341 438 ge-

1315 454 1556 507 nealogiam
1590 453 1820 495 Salvatoris
1848 453 1901 493 ab
1933 454 2148 496 Abraham
2176 458 2344 499 descen-

1315 523 1451 565 dendo
1479 538 1552 578 per
1581 525 1713 566 David
1755 526 1795 565 et
1823 523 2109 577 Salomonem,
2141 528 2210 579 qui
2247 540 2339 569 suc—

1316 596 1439 636 cessit
1459 597 1496 636 01
1515 597 1560 637 111
1578 609 1730 649 regno.
1754 596 1859 636 Hinc
1878 598 1940 637 est
1959 597 2101 646 etiam,
2124 599 2236 650 quod
2255 600 2344 640 des-

1315 667 1543 719 cendendo,
1573 669 1711 710 solum
1745 668 2032 721 quadraginta
2072 668 2344 710 intermedias

1315 739 1610 790 generationes
1638 739 1774 793 ponit,
1804 739 1903 791 quia
1933 751 2008 791 per
2038 739 2160 780 illum
2191 752 2344 781 nume-

1314 820 1411 849 rum
1448 810 1702 852 universitas
1738 810 1940 862 temporis
1979 810 2242 862 designatur,
2277 823 2342 852 se·

1314 880 1503 921 cundum
1521 883 1633 934 quod
1654 882 1755 922 dicit
1773 881 2060 933 Augustinus*
2084 895 2093 922 :
2114 884 2344 934 generatur

1314 950 1442 1000 enim,
1475 951 1509 990 si
1545 952 1742 992 denarius
1780 952 1960 993 ducatur
2000 964 2075 1005 per
2112 955 2341 1006 quaterna-

1314 1022 1442 1063 rium.
1463 1021 1539 1064 Vel
1565 1024 1799 1064 secundum
1819 1024 1951 1064 alium
1971 1024 2147 1065 modum
2167 1037 2345 1078 compu-

1313 1094 1444 1145 tandi,
1474 1094 1688 1135 interserit
1719 1095 2002 1147 quadraginta
2032 1096 2136 1137 duas
2160 1108 2345 1147 genera-

1313 1161 1472 1216 tiones,
1504 1165 1737 1206 secundum
1765 1165 2057 1218 quadraginta
2088 1166 2192 1206 duas
2223 1178 2346 1207 man-

1313 1235 1450 1276 siones
1469 1235 1657 1276 filiorum
1677 1234 1825 1285 Israe13
1848 1235 1906 1275 ita
1932 1235 2046 1288 quod
2064 1235 2085 1276 J
2088 1235 2264 1276 echonia
2280 1236 2347 1276 bis

1314 1308 1599 1359 computetur,
1634 1305 1685 1346 ad
1712 1306 2024 1357 designandum
2055 1306 2239 1359 lapidem
2274 1319 2348 1348 an-

1313 1377 1508 1430 gularem
1524 1377 1752 1418 Christum.
1776 1377 1826 1418 Et
1846 1379 2077 1429 generatur
2100 1377 2171 1417 1110
2192 1389 2342 1419 11111110-

1313 1461 1388 1490 rus
1408 1461 1461 1489 ex
1486 1449 1664 1500 senario,
1687 1449 1813 1489 ducto
1833 1460 1907 1501 per
1935 1448 2224 1501 septenarium
2251 1464 2260 1490 ε
2297 1450 2345 1490 111

1314 1533 1398 1574 (1110
1427 1521 1675 1572 designatur
1703 1520 1926 1573 praesentis
1955 1519 2158 1573 temporis
2197 1522 2342 1562 status.

1313 1592 1364 1633 Et
1384 1592 1484 1645 quia
1511 1591 1662 1632 Christi
1676 1591 1896 1643 generatio
1915 1591 2154 1631 secundum
2175 1603 2346 1633 carnem

1313 1663 1562 1705 describitur
1589 1674 1664 1715 per
1690 1661 1961 1712 Matthaeum3
1984 1661 2077 1701 ideo
2107 1662 2281 1714 ponitur
2301 1663 2346 1703 in

1313 1734 1518 1788 principio
1532 1733 1644 1773 libri.
1667 1732 1802 1773 Lucas
1822 1734 1966 1772 autem
1989 1732 2258 1786 prosequitur
2276 1744 2342 1774 sa-

1313 1806 1548 1847 cerdotium
1568 1804 1732 1855 Christi,
1760 1816 1835 1858 per
1859 1804 1973 1857 quod
2001 1804 2046 1844 in
2075 1805 2344 1858 adoptionem

1312 1878 1499 1918 filiorum
1520 1876 1843 1918 reconciliamur
1863 1888 1887 1916 a
1906 1877 2016 1916 statu
2036 1877 2207 1929 peccati,
2231 1877 2344 1930 quod

1312 1949 1485 2002 quidem
1511 1950 1559 1989 fit
1578 1960 1653 2001 per
1674 1947 2022 1988 sacramentalem
2054 1948 2342 1999 regeneratio·

1312 2033 1411 2062 nem
1442 2034 1451 2061 :
1484 2020 1577 2061 ideo
1604 2019 1873 2073 prosequitur
1908 2017 2172 2059 filiationem·
2193 2018 2345 2060 Christi

1312 2091 1554 2144 adoptivam
1574 2090 1664 2132 sive
1694 2089 1892 2142 legalem,
1923 2089 2185 2130 ascendendo
2208 2101 2345 2143 usque

1312 2164 1366 2205 ad
1397 2163 1544 2204 Deum.
1582 2162 1631 2203 Et
1662 2162 1742 2202 hoc
1775 2174 1851 2214 per
1882 2161 2153 2214 septuaginta
2185 2164 2345 2214 septem

1314 2236 1490 2288 gradus,
1518 2235 1618 2288 quia
1642 2246 1717 2287 per
1745 2233 1866 2274 illum
1893 2245 2139 2283 numerum,
2170 2235 2218 2273 ut
2247 2233 2347 2274 dicit

1312 2307 1615 2360 Augustinus5,
1647 2307 1917 2358 peccatorum
1950 2304 2205 2346 universitas
2233 2304 2343 2345 desi-

1317 2380 1508 2430 gnatur:
1540 2378 1770 2429 generatur
1801 2375 1916 2416 enim
1947 2387 2023 2428 per
2058 2375 2345 2416 undenarium

1314 2451 1488 2492 ductum
1508 2461 1583 2502 per
1602 2447 1907 2501 septenarium.
1929 2446 2027 2488 Ideo
2045 2447 2172 2488 etiam
2194 2459 2346 2499 genea-

1312 2521 1475 2574 logiam
1512 2520 1652 2571 istam,
1686 2531 1774 2560 non
1808 2519 1853 2558 in
1883 2518 2091 2572 principio
2127 2518 2239 2570 libri,
2274 2519 2346 2560 sed

1312 2596 1406 2647 post
1454 2591 1717 2646 baptismum
1756 2590 1911 2632 Christi
1948 2590 2081 2644 ponit.
2135 2590 2345 2640 Quoniam

1314 2666 1475 2718 igitur¹3
1506 2664 1603 2704 finis
1629 2663 1810 2716 imponit
1831 2663 2125 2704 necessitatem
2145 2662 2227 2714 his,
2249 2676 2346 2716 quae

1315 2739 1415 2778 sunt
1445 2736 1498 2777 ad
1529 2736 1674 2785 finem,
1697 2736 1736 2774 et
1770 2734 1905 2774 Lucas
1938 2734 2182 2786 principalis
2205 2734 2343 2776 inten-

1315 2808 1443 2850 tionis
1461 2807 1633 2848 oculum
1654 2805 1864 2856 dirigebat
1886 2804 1938 2845 ad
1968 2804 2124 2846 Christi
2152 2806 2347 2847 sacerdo-

1313 2881 1446 2931 tium3
1476 2878 1702 2919 Matthaeus
1729 2887 1846 2926 vero,
1868 2875 1921 2916 ad
1949 2874 2103 2915 Christi
2122 2887 2309 2926 regnum
2333 2890 2342 2917 :

1314 2951 1414 2993 hinc
1445 2952 1527 3000 est,
1566 2948 1679 3002 quod
1714 2945 2011 2999 genealogiam
2047 2945 2198 2986 Christi
2226 2946 2346 2987 aliter

1315 3020 1442 3071 atque
1460 3016 1581 3057 aliter
1601 3016 1700 3054 sunt
1727 3011 1952 3065 prosecuti,
1980 3022 2112 3063 quam
2142 3023 2166 3050 a
2187 3010 2346 3064 Spiritu

1316 3090 1460 3129 sancto
1479 3086 1608 3134 ducti,
1629 3096 1719 3125 non
1749 3094 1847 3123 casu
1881 3081 2092 3122 contrario
2109 3083 2236 3134 atque
2259 3082 2344 3123 for-

1315 3160 1439 3210 tuito,
1464 3158 1536 3199 sed
1560 3156 1764 3199 varietate
1791 3152 1975 3207 quadam
2008 3163 2193 3194 consona
2219 3156 2260 3194 01
2276 3166 2344 3195 ar-

1317 3232 1489 3274 ticulata
1508 3227 1833 3281 descripserunt.

1371 3303 1435 3345 Ex
1453 3302 1521 3344 his
1541 3300 1715 3354 apparet
1734 3308 1862 3339 causa
1875 3295 2129 3349 septiformis
2147 3296 2347 3339 differen-

1317 3439 1331 3460 1
1355 3438 1455 3477 Aug„
1482 3433 1540 3466 ubi
1568 3440 1642 3473 sup.
1668 3447 1710 3454 —
1737 3431 1748 3449 ⁸
1772 3428 1886 3470 Arist„
1913 3427 2029 3470 Phys„
2057 3428 2116 3461 lib.
2147 3429 2189 3469 11,
2215 3431 2282 3462 tex.
2309 3432 2346 3472 43

1317 3484 1476 3525 metaph„
1501 3482 1560 3524 lib.
1587 3481 1629 3521 11,
1658 3479 1739 3512 text.
1762 3479 1799 3518 8;
1827 3477 1874 3509 De
1899 3476 2029 3509 partib.
2059 3477 2213 3519 animal„
2238 3478 2296 3512 lib.
2321 3480 2347 3519 1,

1319 3541 1350 3563 c.
1370 3534 1399 3563 1.

2413 3312 2507 3338 Lucas
