2634 3853
1102 240 1270 282 CAPUT
1302 241 1369 283 ΠΙ.

179 333 251 387 qui
282 331 377 371 sunt
417 329 468 368 de
507 340 663 379 genere
699 341 798 378 suo,
838 330 878 369 et
899 328 1107 377 dativum,
1127 330 1204 381 qui

178 401 425 444 muneribus
450 403 801 453 corrumpuntur3
833 403 873 439 et
897 401 1201 450 accusativum,

177 463 346 526 propter
365 471 460 511 illos
498 471 570 523 qui
608 471 701 511 odio
733 471 971 519 habentui-3
993 473 1033 510 et
1054 471 1207 511 vocati-

177 555 295 594 vum,
319 545 488 596 propter
508 543 617 592 illos,
640 554 821 595 quorum
843 542 981 593 gratia
996 542 1064 582 vel
1086 542 1207 582 favor

178 615 437 657 desideratur
455 627 467 666 3
501 616 542 654 et
592 613 848 663 ablativum,
888 614 1055 664 propter
1098 612 1205 662 illos,

179 697 363 739 quorum
381 686 492 726 bona
519 684 830 724 desiderantur:
846 683 951 723 sicut
973 683 1116 722 Achab
1137 682 1207 723 de-

179 755 377 796 sideravit
399 754 568 795 vineam
594 753 776 794 Naboth.
806 752 857 793 Ut
887 765 992 804 ergo
1013 754 1071 793 sic
1091 752 1212 793 decli-

180 825 552 878 naretJudicium,
596 824 704 864 sicut
737 823 860 864 multi
900 823 1059 863 faciunt
1086 823 1212 863 hodie

181 897 270 939 viri
290 895 470 937 virtuosi
493 895 542 936 in
562 898 784 946 conspectu
803 893 947 936 vultus
968 894 1209 936 Altissz‘mi:

180 969 262 1009 hoc
281 968 393 1020 dicit,
416 968 516 1021 quia
537 967 661 1007 multi
680 969 779 1007 sunt
799 979 941 1007 coram
970 967 1214 1008 hominibus

180 1039 299 1091 justi,
319 1038 392 1092 qui
424 1050 566 1079 coram
607 1037 689 1078 Deo
724 1041 823 1078 sunt
855 1039 1002 1089 is-justi
1034 1041 1073 1078 et
1093 1038 1213 1089 digni

181 1107 378 1160 flagellis.

239 1181 304 1219 36.
333 1178 498 1220 Lamech.
533 1179 582 1220 Ut
610 1182 873 1230 perverteret,
896 1179 937 1218 id
958 1182 1044 1229 est,
1073 1181 1217 1218 contra

180 1249 390 1302 justitiam
428 1250 716 1300 subverteret,
751 1250 961 1291 hominem
982 1251 1031 1290 iu
1047 1249 1217 1301 Judicio

185 1330 260 1361 suo
282 1321 293 1342 ¹
318 1332 327 1360 :
369 1335 388 1357 α
415 1319 623 1360 Judicabit
659 1320 696 1358 ivi
726 1321 894 1371 justitia
926 1332 1155 1372 pauperes,
1178 1323 1219 1359 et

185 1392 338 1440 arguet
358 1390 400 1428 in
436 1389 637 1441 aequitate
677 1401 752 1441 pro
779 1390 1008 1429 mansuetis
1034 1393 1171 1430 terrfe.
1195 1405 1212 1427 »

188 1459 280 1512 Ipse
299 1459 412 1499 enim
432 1471 573 1512 perve}
589 1460 689 1499 stiur
708 1460 860 1509 solum,
883 1460 951 1498 vel
972 1460 1217 1512 aliquando,

186 1541 283 1570 cum
308 1541 527 1582 perverso,
569 1533 607 1567 vt
647 1532 817 1569 sanctus
837 1533 899 1569 est
930 1542 1025 1569 cum
1054 1533 1217 1579 sancto,

187 1600 296 1640 sicut
314 1600 413 1640 dicit
430 1599 623 1639 Psalmus

243 1670 348 1711 Huic
371 1671 525 1723 triplici
545 1671 764 1712 sententiae
786 1672 1052 1723 praeponitur
1083 1670 1222 1710 littera

190 1740 362 1792 Lameot,
387 1742 498 1794 quod
521 1741 823 1794 interpretatur
843 1741 1078 1792 disciplina
1095 1756 1103 1790 3
1124 1741 1223 1793 quia

191 1812 398 1864 quidquid
430 1812 608 1852 istorum
656 1812 793 1861 venit,
832 1812 1106 1864 conscriptio,
1149 1824 1222 1851 seu

187 1881 366 1934 justitiae
378 1882 610 1931 subversio,
629 1881 848 1934 disciplina
859 1884 921 1922 ert
934 1884 1202 1934 peccatorum
1212 1914 1221 1931 ,

192 1951 292 2005 quia
318 1952 438 1992 electi
482 1955 723 2004 purgantur
739 1984 750 2002 ,
804 1953 973 2005 reprobi
1019 1952 1222 1993 condem-

192 2014 379 2065 uantur.¹

247 2098 312 2136 37.
337 2096 459 2137 Mem.
484 2095 593 2146 Quis
627 2099 687 2137 est
708 2097 800 2146 iste,
823 2099 899 2135 cto.
925 2095 999 2135 Hic
1020 2097 1142 2137 tertio
1162 2109 1225 2136 ar-

195 2167 291 2219 guit
318 2167 637 2208 incredulorum
668 2168 1051 2208 murmurationem
1085 2169 1127 2208 in
1148 2169 1225 2209 ssa—

195 2238 332 2290 gellis.
375 2237 427 2278 Et
459 2238 597 2290 primo
635 2239 782 2290 arguit
811 2239 1121 2291 providentiam
1153 2239 1226 2279 Dei

194 2308 559 2361 blasphemantes;
597 2309 780 2350 secundo
803 2310 947 2360 arguit
979 2322 1227 2351 murmura-

194 2378 355 2420 tionem
390 2379 660 2419 temerariam
702 2394 710 2418 :
753 2380 864 2426 Quid
910 2382 1228 2423 murmuravit?

196 2448 542 2502 Blasphemantes
571 2453 715 2489 autem
745 2450 888 2501 arguit
920 2450 1059 2502 primo
1088 2451 1131 2490 in
1151 2463 1228 2501 ge-

198 2518 352 2568 nerali;
380 2519 561 2559 secundo
581 2519 626 2558 in
652 2519 814 2571 speciali
848 2534 856 2558 :
892 2520 962 2560 Ex
994 2530 1061 2561 ore
1094 2520 1229 2562 Alcis-

199 2588 316 2638 si‘mi‚
339 2590 416 2628 etc.

253 2657 357 2698 Dicit
377 2669 482 2709 ergo
506 2672 514 2697 :
541 2658 643 2704 Quis
676 2662 735 2700 est
756 2659 852 2708 iste,
878 2662 963 2700 tam
996 2672 1230 2714 praesump-

200 2731 363 2779 tuosuS‚
386 2729 462 2780 qui
481 2728 600 2770 clia-a
620 2732 667 2770 ut
686 2729 819 2779 lieret,
842 2729 1000 2782 aliquid
1013 2731 1057 2771 in
1069 2732 1229 2772 mundo
1261 2738 1265 2742 '

200 2798 293 2847 isto,
317 2798 385 2838 vel
405 2798 677 2851 spiritualiter
694 2799 921 2850 tribulatio,
946 2803 1122 2844 Domino
1143 2813 1229 2843 nou

194 2868 380 2920 jubente,
401 2869 509 2909 sicut
531 2869 650 2909 aiunt
669 2869 842 2920 ethnici,
874 2871 948 2922 qui
977 2871 1122 2913 dicunt
1154 2874 1231 2913 mi-

200 2938 316 2979 nime
334 2939 426 2980 haec
444 2939 642 2980 inferiora
659 2940 814 2980 divinae
831 2941 1106 2993 providentiae
1128 2944 1231 2983 sub-

197 3009 351 3059 Jacere,
377 3009 485 3049 sicut
505 3009 649 3049 dicunt
681 3010 807 3050 etiam
837 3009 1084 3061 Manichaei,
1119 3014 1231 3055 mala

203 3090 289 3119 non
308 3090 397 3119 esse
415 3079 495 3119 nisi
513 3092 538 3120 a
558 3080 670 3120 malo
684 3081 912 3134 principi03
930 3095 1026 3123 cum
1048 3096 1070 3124 e
1085 3088 1231 3125 contra

205 3148 314 3188 dicat
333 3149 473 3191 Isaias
497 3150 511 3171 ³
533 3162 543 3190 ε
576 3150 707 3203 «Ego
739 3152 965 3202 Dominus,
994 3156 1035 3194 et
1066 3167 1152 3195 non
1171 3159 1232 3196 est

206 3218 330 3268 alter;
347 3219 535 3260 formans
566 3221 725 3272 lucem,
764 3225 804 3262 et
841 3234 989 3263 creans
1015 3225 1228 3275 tenebras;

206 3289 363 3329 faciens
383 3302 545 3342 pacem,
570 3293 611 3332 et
628 3303 806 3333 causans
826 3294 1002 3335 malum.
1021 3309 1040 3332 »

251 3419 262 3441 ¹
284 3420 362 3459 lsa„
383 3428 431 3459 xx,
453 3422 482 3453 4.
505 3438 546 3444 —
567 3423 581 3444 2
599 3424 694 3455 Psal.
724 3432 815 3463 xvii,
840 3427 888 3457 27.
910 3443 950 3450 —
969 3426 981 3447 3
1001 3427 1051 3459 [sa
1068 3452 1078 3468 ,
1102 3437 1178 3468 xm,
1201 3430 1231 3458 7.

207 3467 218 3485 ⁴
237 3467 322 3498 Psal.
349 3475 479 3508 xxxvii,
500 3471 594 3501 14.—
616 3471 629 3492 ⁵
650 3472 660 3502 1
683 3471 775 3510 Corn,
798 3480 832 3512 x,
855 3474 946 3504 10.-
967 3475 980 3495 6
999 3475 1111 3515 80])Ιι.,
1136 3484 1159 3515 1,
1185 3478 1231 3506 12.

210 3515 220 3533 ⁷
238 3514 325 3546 Psal.
350 3522 470 3555 cxvm,
495 3517 544 3546 59.

370 3585 470 3618 Tou.
499 3586 545 3617 X.

2228 257 2303 293 193

1335 331 1399 370 38.
1426 332 1547 373 Mem.
1570 333 1641 374 Eoe
1664 344 1747 384 ore,
1768 337 1845 375 ete.
1873 337 1941 388 (a).
1965 336 2117 388 Repete
2137 351 2145 378 ι
2169 353 2186 376 α
2207 338 2307 387 Quis

1281 400 1342 437 est
1362 399 1452 449 iste,
1474 400 1548 451 qui
1575 401 1680 441 dixit
1704 402 1834 454 (Mem)
1859 418 1867 443 :
1888 404 1958 444 Ex
1979 414 2045 446 ore
2065 404 2303 455 Altissimz‘‚

1281 468 1321 508 id
1343 472 1406 509 est
1434 483 1486 510 ex
1511 473 1776 523 providentia
1802 474 1888 525 Dei,
1923 486 2007 517 uon
2038 475 2310 528 &redimitur

1283 538 1408 589 bomo,
1432 543 1734 595 praecipiendo,
1755 556 1829 587 nec
1849 547 1961 588 mala
1992 558 2145 599 poenae,
2168 547 2309 599 provi-

1283 610 1418 649 dendo
1451 616 1491 651 et
1517 615 1827 664 permittendo?
1848 618 1970 669 quasi
1992 632 1999 658 :
2026 617 2159 658 Stulte
2182 618 2309 658 dixit:

1284 681 1400 720 etsie
1431 681 1592 733 legitur
1617 685 1936 738 interrogative.
1970 688 2064 728 Alio
2083 689 2208 729 modo
2227 689 2315 740 legi

1285 753 1420 802 potest
1449 752 1710 806 depressive,
1737 759 1783 796 ut
1813 757 1905 798 haec
1935 760 2217 800 murmuratio
2247 759 2315 800 hic

1286 825 1519 874 arguatur,
1544 836 1630 864 non
1662 826 1799 866 solum
1840 828 1884 867 in
1917 829 2054 880 primo
2083 842 2211 871 versu
2243 842 2316 883 per

1287 894 1645 945 comparationem
1665 897 1716 936 ad
1733 897 1804 937 Dei
1815 899 2143 951 providentiam3
2164 913 2314 942 verum

1288 961 1413 1002 etiam
1449 964 1491 1003 in
1534 967 1717 1007 secundo
1755 980 1830 1020 per
1869 972 2227 1022 comparationem
2265 972 2317 1012 ad

1289 1032 1439 1075 Christi
1458 1037 1702 1088 patientiam
1718 1071 1729 1089 ,
1755 1043 1801 1079 ut
1835 1040 1893 1080 sic
1916 1041 2078 1081 dicatur
2110 1056 2118 1082 :
2162 1042 2232 1084 'Ex
2251 1053 2319 1084 ore

1291 1105 1518 1157 Altissimi‘,
1552 1108 1730 1161 Christi,
1772 1121 1856 1152 uon
1895 1112 2180 1164 egredientur,
2223 1116 2318 1162 eto,

1290 1176 1390 1228 quia
1437 1180 1731 1220 accusantibus
1771 1181 1877 1221 nihil
1923 1183 2152 1236 respondit.
2204 1184 2319 1225 Psal-
2373 1216 2374 1219 η

1291 1247 1413 1287 mista
1429 1248 1441 1268 '⁶
1464 1263 1471 1287 :
1495 1264 1513 1287 (ι
1547 1250 1637 1301 Ego
1669 1254 1813 1292 autem
1839 1258 2041 1307 tanquam
2062 1255 2216 1296 surdus
2237 1268 2322 1296 non

1291 1318 1529 1360 audiebam.
1551 1335 1569 1357 ))

1345 1392 1410 1429 39.
1446 1390 1644 1443 Sequitur
1671 1394 1810 1443 (Mem)
1832 1413 1839 1434 ι
1867 1396 1979 1442 Quia
2005 1400 2323 1441 murmuravit?

1293 1460 1414 1511 quasi
1434 1476 1441 1500 ;
1458 1461 1619 1514 Exque
1640 1464 1697 1503 sic
1712 1464 1805 1504 fecit
1818 1465 2076 1516 Altissimus‚
2093 1468 2196 1520 quid
2212 1480 2326 1509 mur-

1295 1532 1481 1572 muravit
1507 1533 1624 1575 homo
1662 1535 1832 1586 vivens,
1873 1537 1914 1577 id
1950 1540 2033 1588 est,
2066 1539 2326 1592 quicumque

1296 1601 1438 1651 homo,
1452 1614 1530 1654 pro
1547 1607 1745 1657 peccatis,
1760 1607 1914 1649 scilicet
1927 1610 2168 1650 excusando
2188 1623 2238 1651 ea
2254 1623 2328 1663 per

1297 1673 1649 1726 constellationes,
1673 1676 1741 1717 vel
1762 1678 1894 1730 hujus
1914 1679 2131 1731 planetas?
2153 1681 2228 1723 Vel
2250 1693 2328 1735 pro

1293 1747 1490 1796 peccatis,
1513 1747 1553 1787 id
1582 1751 1642 1788 est
1673 1761 1748 1801 pro
1774 1763 1899 1803 poena
1926 1756 2194 1805 peccatorum
2226 1766 2327 1795 suo-

1296 1817 1432 1856 rum5:
1445 1817 1614 1870 «Neque
1625 1822 2010 1873 murmuraveritis,
2028 1823 2133 1864 sicut
2155 1824 2327 1876 quidam

1297 1899 1349 1926 ex
1363 1888 1422 1927 eis
1445 1895 1848 1942 murmuraverunt,
1870 1896 1911 1933 et
1930 1906 1954 1933 a
1980 1895 2244 1947 serpentibus
2262 1908 2330 1948 pe-

1297 1958 1474 1998 rierunt.
1499 1959 1632 2000 »Huic
1643 1961 1796 2013 triplici
1817 1964 2037 2005 sententiae
2056 1966 2329 2017 praemittitur

1298 2027 1436 2069 littera
1458 2030 1612 2082 triplex
1648 2031 1784 2083 Mem,
1816 2035 1929 2086 quod
1956 2035 2256 2088 interpretatur
2276 2048 2331 2079 eoe

1297 2099 1430 2150 ipsis,
1470 2104 1515 2141 ut
1548 2114 1677 2154 supra
1710 2106 1845 2156 patet,
1879 2106 1979 2158 quia
2017 2119 2142 2148 omne
2180 2109 2329 2160 flagel-

1297 2168 1387 2209 lum
1418 2170 1604 2212 hominis
1635 2185 1688 2213 ex
1723 2175 1821 2226 ipsis
1841 2177 2025 2228 procedit
2055 2179 2217 2219 meritis
2248 2179 2329 2220 hu-

1300 2241 1448 2281 manis.

1353 2314 1419 2351 40.
1453 2313 1568 2354 Nun.
1589 2314 1846 2367 Scrucemur,
1868 2320 1945 2358 etc.
1970 2318 2196 2373 Postquam
2213 2333 2332 2362 com-

1301 2383 1517 2424 mendavit
1538 2384 1609 2425 Dei
1630 2386 1946 2429 miserationem
1959 2421 1968 2439 ,
1987 2394 2029 2430 et
2047 2392 2228 2433 exclusit
2247 2394 2334 2434 des-

1301 2453 1562 2503 perationem
1574 2486 1587 2505 ,
1604 2456 1672 2495 hio
1689 2457 1889 2499 informat
1907 2460 1960 2501 ad,
1977 2463 2236 2513 poenitentiae
2256 2465 2334 2505 sol-

1302 2521 1565 2563 licitudinem
1591 2539 1600 2564 :
1626 2525 1764 2577 primo
1784 2527 1836 2568 ad
1850 2530 2142 2580 poenitentiam
2162 2533 2332 2574 interio-

1303 2603 1419 2641 rem3
1443 2592 1593 2634 deinde
1617 2595 1668 2635 ad
1693 2598 1965 2651 exteriorem,
2003 2600 2063 2641 ibi
2087 2616 2096 2642 ;
2122 2603 2223 2644 Cum
2243 2614 2332 2646 ma-

1302 2662 1445 2713 nibus,
1469 2667 1547 2704 etc.
1570 2666 1633 2706 Ad
1652 2667 1897 2709 interiorem
1919 2671 2098 2722 pertinet
2120 2674 2334 2714 conscien-

1302 2737 1374 2778 tiae
1394 2739 1569 2781 sollicita
1605 2742 1824 2795 discussio,
1852 2748 1893 2786 et
1911 2748 2209 2798 poenitentialis
2234 2763 2333 2792 con-

1304 2807 1461 2857 versio,
1484 2810 1597 2850 unde
1618 2811 1715 2852 dicit
1739 2827 1748 2852 z
1774 2813 1828 2855 Εῑ
1855 2819 2127 2868 revertamur,
2149 2821 2226 2859 ete.

1357 2875 1461 2918 Dicit.
1482 2891 1586 2931 ergo
1605 2881 1751 2932 (Numz
1771 2884 2018 2927 scrutemur
2034 2889 2130 2930 vias
2149 2893 2334 2941 nostra&

1304 2949 1530 3000 postquam
1544 2950 1631 3003 ipse
1649 2955 1862 2994 scrutatur
1885 2955 1931 3007 (b)
1955 2971 1963 2997 :
1987 2972 2006 2996 (ι
2026 2957 2253 3000 Scrutabor
2268 2959 2335 3001 Je-

1305 3018 1490 3058 rusalem
1511 3019 1555 3059 in
1574 3020 1773 3073 lucernis,
1798 3038 1815 3061 »)
1839 3031 1886 3066 ut
1908 3026 2062 3068 dicitur
2081 3033 2094 3054 ⁶
2114 3041 2124 3068 :
2147 3030 2204 3073 Ec
2222 3040 2336 3083 quoe-

1305 3097 1466 3140 ramus,
1503 3091 1605 3143 quid
1637 3093 1824 3145 fuimus,
1867 3096 1969 3148 quid
2003 3098 2202 3150 fecimus,
2241 3101 2341 3153 quia

1311 3159 1566 3201 scrutinium
1596 3163 1820 3205 ordinatur
1845 3165 2236 3220 adinquirendum.
2260 3169 2342 3210 Pro

1309 3230 1495 3271 secundo
1519 3233 1710 3284 sequitur
1734 3248 1743 3274 :
1766 3235 1822 3276 Et
1846 3240 2108 3280 revertamur
2127 3239 2186 3280 ad
2204 3240 2344 3281 Domi-

1310 3310 1442 3349 num,
1483 3302 1596 3343 unde
1636 3304 1679 3344 in
1699 3305 1866 3348 Psalmo
1901 3307 1914 3328 ⁷
1945 3320 1955 3348 :
1981 3323 2001 3347 (ι
2033 3309 2225 3361 Cogitavi
2255 3310 2345 3351 vias

1310 3382 1451 3422 meas,
1475 3375 1515 3412 et
1547 3375 1737 3415 converti
1771 3377 1897 3429 pedes
1933 3391 2062 3429 meos,
2080 3394 2099 3416 n
2136 3383 2213 3419 eto.
2236 3380 2340 3421 Vel:

1354 3479 1395 3518 (α)
1420 3481 1502 3513 Caet.
1540 3481 1620 3514 edit.
1659 3491 1729 3514 non
1766 3483 1892 3515 habent
1930 3485 2025 3515 Mem.
2055 3485 2105 3516 Ex
2134 3495 2206 3527 ore,
2228 3489 2291 3520 etc.
2316 3506 2347 3511 —

1311 3524 1355 3565 (b)
1379 3526 1478 3557 Forte
1503 3527 1566 3568 leq.
1592 3530 1770 3561 scrutator.

2134 3593 2184 3632 13
