2634 3853
121 852 204 880 Solus

93 894 217 929 Spiritus

99 938 216 964 sanctus

107 977 202 1012 replet

99 1024 205 1045 ammae

107 1060 217 1094 capaci-

91 1103 189 1129 tatem.

1025 114 1299 157 EXPOSITIO
1330 116 1384 156 ΙΝ
1415 115 1528 157 CAP.
1561 116 1592 156 I.

247 207 291 248 in
303 205 619 247 tabernaculum
639 205 884 254 testimonii,
898 216 952 245 ne
971 204 1228 245 moriamini.
1245 219 1263 241 n

248 278 334 319 Hoc
352 277 480 317 etiam
496 276 797 327 prohibebatur
816 276 1018 316 nazaraeis
1038 288 1062 315 a
1081 279 1269 328 tempore

247 346 569 389 consecrationis
615 347 694 387 sui.
734 347 939 398 Magnum
983 348 1072 386 erat
1110 345 1190 386 boc
1226 346 1270 385 in

246 417 367 457 beato
398 416 577 467 ι16611116,
612 420 678 467 ut,
710 429 808 457 cum
839 416 974 457 multa
1006 416 1267 467 innocentia,

236 489 354 528 -esset
372 489 488 527 tanta
507 488 773 528 abstinentia.
794 487 984 528 Secundo
1004 488 1272 528 commendat

246 570 344 598 eum
363 558 408 598 in
426 559 563 610 gratia
576 562 784 611 quantum
799 558 851 598 ad
864 559 1270 599 consummationem

246 630 286 667 et
299 627 656 668 accelerationem.
674 627 848 680 Propter
862 628 1271 669 consummationem

245 697 377 738 dicit:
412 698 468 741 Εῑ
502 698 665 751 Spiritu
696 702 840 740 sancto
868 697 1112 750 replebitur,
1145 702 1192 739 ut
1222 700 1271 739 de

244 768 335 820 ipso
363 769 493 821 possit
519 769 599 809 dici
619 769 723 810 illud
743 771 779 809 ¹:
810 769 899 809 «Et
930 769 1121 821 implebit
1151 769 1272 810 illum

246 839 396 891 spiritu
416 841 630 893 sapientiae
660 843 700 880 et
726 840 975 890 intellectus,
1004 854 1023 878 n
1048 842 1125 880 etc.
1150 840 1273 881 Solus

246 910 359 950 enim
380 909 560 963 Spiritus
579 914 748 951 sanctus
771 911 904 963 replet
929 911 1083 951 animae
1102 911 1267 964 capaci-

245 983 396 1030 tatem,
415 982 648 1022 secundum
679 982 779 1022 illud
800 984 836 1022 2:
865 997 884 1020 α
907 982 1087 1034 Spiritus
1109 982 1273 1023 Domini

246 1052 425 1104 replevit
445 1053 591 1093 orbem
611 1055 835 1093 terrarum.
860 1067 878 1090 ›)
898 1052 949 1092 Et
966 1053 1047 1093 hoc
1066 1056 1140 1102 est,
1162 1053 1274 1105 quod

248 1123 394 1162 orabat
414 1123 639 1175 Apostolus
662 1127 674 1147 ³
694 1137 701 1162 :
724 1138 742 1161 «
767 1122 818 1163 Ut
838 1123 1096 1175 impleamini
1117 1124 1160 1163 in
1180 1136 1271 1164 om-

249 1204 347 1233 nem
377 1193 680 1245 plenitudinem
709 1193 795 1233 Dei.
833 1207 850 1230 ›)
874 1193 1047 1246 Propter
1067 1194 1272 1234 accelera-

248 1262 406 1303 tionem
432 1255 559 1303 dicit:
596 1263 741 1303 Adhuc
767 1274 821 1304 ex
843 1267 961 1306 utero
991 1266 1144 1305 matris
1167 1275 1271 1306 suoe.

249 1332 295 1373 In
336 1334 458 1385 cujus
503 1333 565 1373 rei
610 1333 899 1373 testimonium
946 1334 1096 1374 dicitur
1133 1335 1240 1375 infra
1261 1350 1269 1375 :

253 1418 272 1441 «
294 1403 510 1444 Exultavit
527 1404 572 1444 in
593 1404 750 1455 gaudio
766 1404 902 1444 infans
923 1405 965 1444 in
986 1408 1105 1445 utero
1125 1418 1234 1447 meo.
1254 1422 1273 1444 »

248 1473 365 1515 Unde
395 1474 644 1515 Ambrosius
667 1474 709 1514 l⁴:
744 1489 762 1512 ι(
799 1473 997 1515 Ν611(111111
1033 1478 1122 1516 erat
1153 1477 1196 1516 in
1226 1489 1275 1517 eo

248 1545 421 1598 spiritus
439 1545 560 1595 vitae,
583 1547 624 1585 et
644 1546 735 1597 jam
756 1548 844 1585 erat
864 1546 1036 1598 spiritus
1058 1548 1228 1597 gratiae3
1251 1562 1270 1585 ›>

248 1628 355 1667 11611,
377 1616 552 1669 inquam
567 1648 577 1665 ,
597 1618 687 1656 erat
708 1616 940 1657 secundum
961 1618 1271 1670 apparentiam,

249 1689 339 1727 erat
366 1689 509 1727 tamen
537 1686 710 1739 spiritus
735 1687 874 1727 vitalis
902 1687 1135 1728 secundum
1162 1689 1274 1729 exis-

247 1757 438 1798 tentiam.
466 1772 484 1795 »
510 1756 654 1798 Simile
686 1758 898 1809 praecessit
923 1758 966 1797 in
999 1757 1208 1799 Hieremia
1228 1760 1241 1781 ⁵⁵
1262 1774 1269 1799 :

255 1843 274 1865 «
294 1827 546 1881 Priusquam
560 1831 600 1869 te
619 1828 843 1869 formarem
868 1828 912 1868 in
931 1831 1067 1878 utero,
1088 1829 1189 1870 novi
1208 1832 1271 1879 te;

249 1901 290 1938 et
325 1901 552 1952 antequam
589 1899 725 1940 exires
757 1900 808 1939 de
836 1898 987 1949 vulva,
1019 1900 1276 1940 sanctificavi

249 1971 303 2009 te.
336 1984 355 2007 »
391 1969 531 2010 Tertio
563 1970 829 2010 commendat
861 1982 959 2010 eum
988 1970 1031 2009 in
1065 1970 1274 2021 doctrina,

248 2043 458 2092 quantum
477 2041 529 2081 ad
542 2041 770 2081 efficaciam
786 2040 990 2091 utilitatis,
1007 2043 1048 2081 et
1063 2043 1273 2093 quantum

248 2110 301 2151 ad
330 2111 605 2151 eminentiam
638 2111 914 2151 auctoritatis.
956 2111 1130 2163 Propter
1161 2112 1275 2152 utili-

248 2182 345 2222 tatis
363 2182 589 2222 efficaciam
607 2182 726 2222 dicit:
751 2183 805 2224 Ec
824 2182 974 2224 multos
993 2182 1183 2233 liliorum
1210 2182 1278 2224 Is-

248 2252 338 2296 rael
356 2256 563 2296 convertet
582 2253 640 2295 ad
661 2254 888 2295 Dominum
914 2257 1046 2295 Deum
1067 2256 1273 2306 ipsorum.

249 2323 301 2364 Et
329 2325 408 2364 hoc
433 2324 634 2364 maximae
664 2325 855 2364 utilitatis
874 2326 914 2364 ⁶:
941 2325 1059 2373 «Qui
1091 2326 1279 2365 converti

249 2394 391 2434 fecerit
409 2397 671 2446 peccatorem
687 2395 738 2434 ab
758 2406 897 2435 errore
918 2395 998 2435 viae
1020 2406 1126 2444 suae,
1147 2395 1280 2435 salva-

250 2463 313 2503 bit
331 2463 518 2503 animam
537 2466 629 2517 eJus
648 2477 672 2504 a
691 2466 839 2514 morte⁷
859 2467 899 2504 et
917 2465 1076 2516 operiet
1092 2464 1280 2504 multitu-

253 2533 394 2574 dinem
415 2536 696 2586 peccatorum.
718 2549 737 2571 n
759 2535 845 2575 Hoc
864 2537 940 2583 est,
962 2535 1073 2587 quod
1092 2535 1279 2574 maxime

253 2603 456 2645 Dominus
469 2605 584 2657 petit,
600 2607 648 2645 ut
660 2605 709 2646 ad
729 2616 772 2645 se
786 2607 1086 2646 convertantur
1100 2610 1113 2631 ⁷
1125 2618 1133 2646 :
1145 2620 1164 2643 α
1178 2605 1281 2646 Con-

253 2674 469 2716 vertimini
493 2675 545 2715 ad
564 2688 646 2727 me,
669 2676 727 2716 ait
756 2676 961 2717 Dominus
988 2677 1277 2726 exercituum;

253 2746 294 2785 et
312 2756 392 2797 ego
412 2749 633 2788 convertar
649 2747 701 2787 ad
720 2759 809 2797 VOS,
830 2747 928 2787 dicit
942 2746 1147 2787 Dominus
1167 2759 1284 2787 exer-

254 2815 430 2857 cituum.
452 2830 471 2854 »
485 2816 784 2859 Convertimini
804 2818 856 2858 ad
877 2829 959 2866 me,
979 2829 1054 2870 per
1071 2817 1278 2869 poeniten-

254 2885 356 2926 tiam
373 2887 540 2938 scilicet,
556 2889 597 2928 et
613 2899 695 2940 ego
716 2890 940 2928 convertar
958 2887 1010 2928 ad
1029 2899 1105 2928 vos
1126 2899 1200 2940 per
1220 2889 1284 2927 in-

256 2955 534 3008 dulgentiam.
555 2961 569 2982 8
593 2973 612 2997 «
632 2957 956 3009 Convertimini‚
978 2957 1053 2998 filii
1071 2959 1283 2999 reverten-

256 3027 341 3076 tes3
367 3029 406 3067 et
430 3028 586 3068 sanabo
605 3029 845 3070 aversiones
864 3031 1039 3069 vestras.
1059 3042 1078 3065 1)
1104 3028 1281 3081 Propter

258 3096 544 3139 excellentiam
565 3099 826 3140 auctoritatis
843 3099 982 3140 subdit
1001 3100 1068 3151 (v.
1094 3099 1168 3151 17)
1189 3113 1197 3139 :
1223 3100 1281 3141 Et

257 3167 462 3218 proecedet
495 3172 590 3212 ante
621 3169 745 3212 illum
776 3170 825 3211 in
859 3171 1019 3222 spiritu
1051 3173 1090 3211 et
1125 3170 1281 3211 virtute

301 3296 310 3315 ¹
329 3295 407 3335 Isa„
431 3304 478 3337 IX,
499 3298 529 3329 2.
552 3316 587 3321 —
607 3299 619 3318 ²
636 3300 729 3340 Sap„
749 3308 776 3341 1,
799 3301 830 3332 7.
852 3317 888 3323 —
908 3300 922 3322 ³
940 3300 1076 3341 Ephes„
1100 3308 1152 3341 111,
1176 3301 1226 3332 19.
1241 3316 1280 3324 --

258 3342 268 3361 ⁴
289 3343 460 3383 Ambros„
484 3344 517 3374 in
545 3344 632 3386 Luc.,
657 3346 717 3379 lib.
742 3348 773 3387 l,
800 3356 836 3379 n.
860 3348 912 3379 33.
938 3363 977 3371 -
1005 3348 1018 3368 ⁵
1039 3348 1175 3386 Jerem„
1200 3354 1223 3387 1,
1250 3349 1281 3378 5.

258 3405 297 3412 —-
321 3390 334 3411 ὃ
354 3390 436 3429 lac„
458 3398 490 3429 ν,
511 3392 563 3422 20.
583 3408 623 3416 —
643 3392 655 3414 ⁷
677 3393 792 3434 Zach„
812 3402 842 3435 1,
861 3396 890 3425 3.
911 3412 952 3419 —
970 3395 984 3417 ⁸
1002 3395 1135 3433 Jerem„
1156 3401 1207 3433 111,
1231 3394 1279 3425 14.

2298 121 2377 161 223

1348 205 1469 247 Elioe.
1493 204 1675 257 Spiritus
1706 206 1747 245 et
1771 204 1907 245 virtus
1932 204 2035 245 Eliae
2062 205 2310 247 describitur
2330 208 2372 248 ⁹:

1347 290 1367 313 <‹
1400 275 1594 316 Surrexit
1622 274 1733 315 Elias
1762 275 1989 327 propheta,
2021 275 2138 327 quasi
2169 275 2304 327 ignis;
2337 279 2378 317 et

1345 346 1524 387 verbum
1561 346 1694 398 ipsius
1734 345 1843 386 sicut
1878 345 2015 386 facula
2045 345 2232 386 ardebat.
2264 358 2284 382 »
2322 345 2378 387 De

1346 418 1506 459 Joamoe
1519 417 1674 457 dicitur
1688 418 1737 456 ¹⁰:
1756 431 1774 455 (ι
1789 416 1860 456 Ille
1880 418 1968 456 erat
1986 416 2158 456 lucerna
2175 416 2326 456 ardens
2339 419 2380 456 et

1346 487 1504 527 lucens.
1528 500 1546 524 1>
1573 487 1623 526 Et
1646 487 1740 527 ideo
1759 488 1930 539 propter
1949 486 2126 526 nimiam
2153 486 2378 526 conformi-

1346 559 1475 597 tatem
1504 556 1655 596 dicitur
1692 556 1802 597 Elias
1831 560 1858 581 ¹1
1881 571 1889 596 :
1920 572 1939 595 «
1968 557 2018 597 Et
2045 556 2080 596 si
2111 556 2241 598 vultis
2269 556 2379 596 reci-

1347 639 1460 679 pere,
1481 627 1569 678 ipse
1595 628 1658 666 est
1677 627 1798 677 Ε1165,
1832 628 1906 679 qui
1925 630 2132 669 venturus
2151 628 2232 677 est,
2254 641 2274 665 »
2300 629 2377 667 etc.

1350 697 1400 737 Et
1416 697 1609 737 subditur
1626 698 1819 737 executio
1839 698 2096 738 auctoritatis
2111 698 2156 738 in
2172 698 2252 738 hoc
2268 697 2381 749 quod

1349 768 1524 808 dicitur:
1548 767 1596 809 Ut
1614 771 1826 809 convertat
1845 768 1973 810 corda
1989 772 2165 820 patrum
2184 769 2232 810 τη
2249 767 2379 819 filios,

1348 839 1389 879 id
1411 840 1473 879 est
1498 838 1827 889 intelligentiam
1857 838 2194 890 patriarcharum
2214 839 2257 878 in
2284 837 2380 878 imi-

1350 911 1505 949 tatores
1538 909 1743 961 ipsorum.
1779 908 1913 949 Beda:
1944 909 2115 950 «Corda
2140 910 2309 961 patrum
2337 908 2382 947 in

1349 980 1458 1020 filios
1479 980 1710 1030 convertit,
1733 980 1832 1020 (111111
1855 979 2117 1032 spiritualem
2139 981 2382 1020 sanctorum

1351 1050 1678 1102 intelligentiam
1693 1050 1859 1103 populis
1873 1050 2138 1103 praedicando
2150 1050 2377 1090 infundit.»

1352 1120 1440 1161 Hoc
1470 1120 1719 1173 praedictum
1746 1124 1835 1161 erat
1857 1121 1906 1161 de
1936 1120 2027 1161 Elia
2052 1121 2079 1144 ¹²
2107 1135 2115 1161 ε
2143 1120 2281 1161 «Ecce
2300 1132 2383 1171 ego

1351 1192 1514 1232 mittam
1547 1192 1666 1233 vobis
1698 1192 1832 1232 Eliam
1861 1191 2130 1244 prophetam,
2155 1194 2383 1243 antequam

1354 1260 1494 1299 veniat
1513 1260 1601 1300 dies
1624 1260 1787 1300 Domini
1810 1272 1993 1311 magnus
2012 1263 2052 1300 et
2080 1260 2307 1300 horribilis.
2332 1259 2384 1298 Et

1352 1332 1566 1369 convertet
1587 1341 1658 1369 cor
1690 1332 1861 1381 patrum
1887 1330 1935 1370 ad
1959 1330 2090 1378 filios,
2111 1332 2152 1369 et
2178 1341 2248 1369 cor
2273 1329 2382 1368 filio·

1350 1410 1447 1438 rum
1480 1399 1531 1438 ad
1559 1402 1698 1450 patres
1734 1411 1901 1449 eorum;
1925 1411 1978 1439 ne
2002 1400 2108 1439 forte
2129 1399 2321 1449 veniam,
2345 1402 2386 1439 et

1351 1470 1584 1522 percutiam
1616 1473 1773 1511 terram
1800 1471 2081 1511 anathemate.
2111 1485 2130 1508 1>
2166 1472 2216 1510 Et
2243 1473 2291 1511 ut
2316 1482 2381 1510 os-

1350 1541 1548 1581 tendatur
1567 1553 1641 1593 per
1657 1541 1801 1581 omnia
1824 1541 2048 1581 conformis
2069 1540 2192 1591 Euae,
2217 1541 2382 1590 subdit:

1352 1612 1406 1653 Et
1427 1611 1665 1654 incredulos
1694 1612 1752 1653 ad
1776 1612 2054 1663 prudenciam
2076 1611 2316 1662 justorum,
2343 1611 2386 1652 id

1351 1685 1436 1732 est,
1458 1683 1509 1722 ad
1538 1683 1687 1733 fidem,
1710 1695 1807 1735 quae
1836 1686 1897 1722 est
1924 1683 2112 1735 ipsorum
2136 1682 2380 1735 prudentia,

1351 1765 1426 1804 per
1445 1765 1573 1805 quam
1601 1754 1778 1794 credunt
1805 1766 1848 1793 se
1870 1753 2091 1805 Justificari
2114 1765 2124 1793 ε
2146 1768 2166 1791 «
2192 1752 2385 1792 Arbitra-

1352 1836 1451 1864 mur
1480 1825 1594 1864 enim
1619 1826 1646 1847 ¹³
1661 1824 1882 1877 justificari
1902 1825 2121 1865 hominem
2153 1836 2226 1876 per
2257 1824 2384 1864 fidem

1353 1895 1443 1935 sine
1463 1896 1662 1947 operibus
1681 1895 1806 1947 legis.
1829 1909 1848 1932 »
1866 1894 1984 1935 Unde
2004 1895 2056 1935 ¹¹⁶:
2077 1909 2096 1932 (ι
2113 1894 2215 1934 Ecce
2229 1895 2301 1946 qui
2323 1894 2385 1935 in·

1352 1966 1547 2005 credulus
1574 1969 1654 2012 est,
1684 1978 1770 2005 non
1803 1966 1883 2006 erit
1911 1967 2025 2006 recta
2051 1965 2193 2005 anima
2219 1966 2312 2017 ejus
2340 1965 2385 2005 in

1352 2037 1576 2089 semetipso
1598 2051 1606 2077 ε
1626 2038 1766 2088 justus
1785 2040 1927 2076 autem
1947 2037 1991 2075 in
2011 2036 2094 2076 fide
2114 2048 2191 2076 sua
2210 2036 2341 2078 vivet.
2359 2050 2378 2074 »

1352 2106 1401 2147 Et
1415 2107 1515 2159 quia
1529 2108 1620 2148 haec
1639 2108 1860 2149 conversio
1878 2107 2143 2160 praeparabat
2162 2106 2214 2147 ad
2228 2105 2381 2147 Christi

1351 2178 1583 2218 adventum
1602 2178 1928 2231 suscipiendum,
1950 2178 2043 2218 ideo
2062 2177 2196 2217 addit:
2219 2179 2381 2219 Parare

1353 2249 1531 2291 Domino
1555 2249 1710 2301 plebem
1727 2250 1971 2300 perfectam.
1998 2247 2041 2288 Si
2065 2247 2177 2288 enim
2207 2247 2383 2300 praedic-

1352 2322 1442 2359 tum
1464 2321 1600 2360 fuerat
1620 2321 1670 2360 de
1691 2321 1782 2372 ipso
1798 2321 1826 2344 ¹5
1845 2335 1883 2360 :(‹
1903 2319 1994 2360 Vox
2013 2319 2233 2359 clamantis
2252 2319 2295 2358 in
2317 2319 2384 2359 de-

1353 2393 1491 2429 serto:
1524 2390 1671 2430 Parate
1697 2390 1811 2430 viam
1838 2389 2003 2429 Domini
2032 2391 2166 2429 rectas
2189 2390 2309 2430 facite
2339 2389 2384 2428 in

1352 2460 1575 2500 solitudine
1596 2460 1764 2500 semitas
1790 2459 1862 2499 Dei
1892 2459 2046 2509 nostri;
2070 2474 2089 2496 n
2116 2459 2285 2511 quando
2304 2470 2381 2499 611-

1352 2533 1437 2571 tem
1459 2532 1607 2571 semita
1625 2533 1737 2571 recta
1758 2533 1832 2581 est,
1849 2533 1949 2571 tunc
1967 2530 2064 2570 facit
2084 2530 2312 2582 perfectum
2326 2529 2354 2551 ¹⁶
2372 2544 2381 2568 :

1359 2601 1410 2642 «J
1417 2604 1606 2642 ustorum
1633 2604 1777 2641 autem
1804 2601 1967 2650 semita,
1995 2600 2117 2652 quasi
2145 2600 2221 2640 lux
2242 2600 2381 2652 splen-

1353 2673 1470 2721 dens,
1487 2673 1689 2724 procedit,
1711 2674 1751 2712 et
1771 2672 1915 2712 crescit
1928 2683 2067 2724 usque
2085 2672 2138 2711 ad
2157 2671 2384 2723 perfectam

1353 2744 1525 2784 diemzn
1550 2743 1731 2784 Joannes
1759 2745 1902 2784 autem
1929 2743 2046 2784 velut
2074 2742 2247 2783 lucerna.
2278 2741 2385 2782 luce·

1353 2814 1438 2864 bat,
1456 2818 1497 2854 et
1515 2826 1646 2854 manu
1664 2814 1842 2854 ducebat
1861 2812 2066 2865 populum
2088 2813 2141 2852 ad
2158 2812 2383 2853 videndam

1353 2884 1491 2925 lucem
1505 2896 1652 2926 veram
1655 2915 1669 2935 ,
1685 2887 1726 2924 et
1741 2884 1966 2936 perfectam
1984 2883 2233 2923 :auctoritas
2250 2883 2384 2934 igitur

1354 2954 1526 2995 Joannis
1547 2957 1588 2995 et
1606 2954 1793 2994 officium
1814 2956 1903 2993 erat
1933 2965 2195 3005 praecurrere
2214 2955 2256 2993 et
2274 2964 2382 3005 prae-

1354 3026 1551 3066 nuntiare
1569 3025 1797 3067 Christum.
1813 3023 1929 3064 Unde
1948 3024 1999 3064 de
2019 3024 2110 3076 ipso
2132 3024 2383 3075 intelligitur

1353 3096 1458 3137 illud
1477 3095 1673 3136 Π;((Ε666
1692 3106 1776 3145 ego
1799 3094 1921 3134 mitto
1939 3094 2143 3146 angelum
2164 3106 2322 3146 meum,
2344 3097 2384 3135 et

1354 3166 1612 3220 praeparabit
1629 3166 1746 3208 viam
1765 3167 1863 3205 ante
1883 3165 2033 3206 faciem
2055 3177 2210 3206 meam.
2231 3180 2250 3204 »
2268 3164 2384 3205 Unde

1354 3267 1394 3273 —
1415 3250 1426 3268 ⁹
1443 3249 1564 3288 Ecclz’.‚
1583 3256 1705 3288 vaiu,
1728 3250 1757 3279 1.
1778 3264 1817 3270 —
1841 3248 1864 3269 ¹⁰
1883 3248 1995 3288 Joan„
2019 3256 2052 3288 V,
2072 3250 2123 3281 35.
2147 3266 2187 3272 -
2210 3249 2229 3267 ¹¹
2249 3248 2383 3290 Matth„

1354 3305 1402 3337 xl,
1422 3298 1523 3328 14.-
1545 3295 1674 3334 ¹2J0el.‚
1695 3303 1731 3335 11,
1751 3296 1802 3326 31.
1817 3312 1852 3318 —-
1877 3295 1898 3313 ¹³
1915 3295 2019 3333 Rom„
2039 3303 2091 3335 111,
2112 3297 2232 3327 2.-14
2247 3296 2383 3337 Habac„

1355 3352 1396 3385 11,
1414 3346 1497 3376 4.-
1523 3345 1547 3366 ¹⁵
1567 3345 1645 3384 ssa„
1665 3351 1722 3384 xL,
1743 3345 1824 3374 3.-
1847 3343 1874 3364 ¹⁶
1896 3343 2065 3381 Prov.,1v,
2088 3344 2134 3376 18.
2150 3361 2184 3367 —
2208 3344 2230 3364 ¹⁷
2247 3344 2383 3386 Malae„

1356 3400 1419 3430 111,
1440 3395 1469 3423 1.
