2634 3853
98 2501 212 2536 Viperae

75 2543 205 2578 proprie-

72 2585 160 2611 tates,

982 187 1257 230 EXPOSITIO
1286 187 1339 228 ΙΝ
1369 187 1482 228 CAP.
1514 185 1585 227 III.

218 289 283 328 ter
304 272 418 339 quod
443 283 542 325 dicit
567 296 576 324 ε
611 281 665 325 Et
689 290 842 335 aspera.
867 280 917 323 in
946 280 1042 321 vias
1070 277 1240 330 planas,

218 358 261 398 id
284 358 366 406 est,
393 356 553 395 mentes
574 353 788 394 iracundfe
812 352 863 405 (a)
886 351 930 391 in
951 349 1244 390 mansuetudi-

217 438 316 467 nem
335 427 634 466 convertentur
655 425 664 446 ¹
691 436 699 464 :
731 439 750 462 «
770 421 983 462 Habitahit
1000 420 1127 471 lupus
1147 431 1244 459 oum

218 508 350 549 agno,
373 499 413 537 et
431 496 587 549 pardus
607 508 703 536 cum
724 494 848 534 hoedo
870 490 1115 540 accubabit;
1137 490 1246 530 vitu-

217 567 304 617 Ius,
327 569 368 607 ct
395 566 480 616 leo,
510 569 551 607 et
571 567 663 608 ovis
685 565 810 605 simul
833 563 1127 603 morabuntur.
1148 576 1166 600 n
1190 562 1243 602 ll-

216 639 444 679 luminabit
480 650 627 679 omnes
660 637 924 685 accedentes;
964 635 1057 675 ideo
1093 635 1246 686 adjun-

217 710 282 762 git
309 711 371 761 (v.
393 710 437 761 6)
466 724 475 749 :
503 709 560 752 Et
584 709 741 752 videbit
770 708 908 750 omnis
936 716 1033 747 caro
1059 706 1246 747 salutare

219 782 317 832 Dei,
338 781 380 822 id
401 781 481 832 est,
506 781 556 822 de
575 781 693 821 omni
712 792 860 830 carne,
882 780 930 820 ut
952 778 1025 818 fiat
1045 777 1247 817 distribu-

217 852 275 892 tio
307 864 384 905 pro
419 852 649 904 generibus
681 850 978 903 singulorum,
1013 847 1247 888 secundum

217 922 319 964 illud
341 922 525 965 Ρεαῖῦπί2
539 935 552 962 .·
569 921 808 964 «Viderunt
827 932 975 961 omnes
995 920 1102 959 fines
1120 921 1247 960 terrae

219 994 402 1036 salutare
421 995 493 1036 Dei
513 994 662 1036 nostri.
687 1009 705 1032 n
732 994 871 1035 Isaias
900 996 913 1017 ³
941 1005 954 1033 :
982 1007 1000 1029 α
1020 991 1070 1032 Et
1089 991 1249 1032 videbit

219 1066 358 1106 omnis
377 1078 474 1106 caro
494 1066 651 1119 pariter
671 1065 785 1118 quod
807 1076 852 1104 os
872 1063 1037 1104 Domini
1058 1062 1249 1103 locutum

219 1139 296 1178 est.
315 1151 334 1174 n
360 1136 466 1177 Item
485 1137 499 1158 ⁴
523 1150 533 1176 ε
563 1136 810 1177 «Videbunt
831 1146 977 1175 omnes
1003 1135 1107 1174 fines
1127 1137 1250 1174 terrae

221 1208 404 1249 salutare
437 1208 510 1249 Dei
543 1208 690 1248 nostri.
722 1222 740 1245 n
780 1206 829 1247 Et
857 1210 957 1247 nota
989 1206 1102 1259 quod
1140 1206 1251 1247 idem

221 1279 324 1331 ipse,
340 1278 414 1331 qui
431 1280 493 1318 est
512 1290 558 1319 os
577 1277 650 1319 vel,
665 1277 846 1318 verbum
864 1275 998 1316 Patris
1016 1277 1249 1317 ser-undum

221 1349 438 1398 deitatem,
471 1350 532 1389 est
562 1348 745 1388 salutare
778 1347 1013 1388 secundum
1044 1347 1248 1387 humani-

221 1420 365 1459 tatem.

248 1486 314 1529 27.
341 1489 517 1532 Dicebat
536 1500 629 1542 erqo
651 1488 708 1530 acl
728 1488 894 1538 turbas,
919 1490 997 1529 ete.
1026 1487 1102 1528 Hic
1130 1499 1252 1528 com-

224 1560 448 1601 mendatur
471 1560 714 1613 praedicatio
740 1559 914 1601 Joannis
941 1572 965 1599 a
995 1559 1069 1599 zeli
1096 1559 1255 1599 severi-

226 1634 337 1672 tate:
358 1634 399 1672 et
417 1631 518 1684 quia
534 1631 747 1672 severitati
764 1630 884 1670 dehet
905 1630 1083 1682 adjungi
1103 1630 1251 1683 pietas,

226 1703 319 1743 ideo
348 1701 621 1755 praemittitur
649 1701 901 1754 inerepatio;
933 1702 1116 1741 secundo
1151 1713 1254 1742 vero

226 1772 477 1825 adJ'ungitur
507 1772 766 1822 exhortatio,
804 1771 862 1811 ihi
894 1772 953 1823 (v.
987 1771 1028 1824 8)
1063 1783 1073 1811 :
1113 1773 1255 1814 Facite

226 1854 322 1897 erqo
343 1842 497 1896 dignos
517 1844 684 1894 fructus
701 1844 991 1895 poenitencioe;
1011 1843 1132 1883 tertio
1156 1855 1255 1884 vero

227 1916 489 1957 subinfertur
526 1915 821 1965 comminatio,
850 1914 907 1954 ibi
942 1916 1003 1964 (v.
1035 1916 1080 1965 9)
1116 1929 1125 1954 t
1159 1915 1257 1956 <Iam

226 1988 338 2029 enim
357 1987 518 2029 securis
537 1986 595 2027 ad
615 1985 818 2034 radicem,
841 1987 918 2025 ete.
945 1985 1176 2038 Increpatio
1195 1988 1257 2026 est

227 2059 385 2112 culpae3
411 2058 658 2109 admonitio,
679 2057 964 2110 poenitentiae3
987 2056 1057 2097 sed
1079 2057 1257 2097 commi-

225 2131 360 2182 natio,
391 2131 568 2184 poenalis
594 2129 809 2171 vindictae.
848 2128 1081 2181 Increpatio
1112 2131 1256 2169 autem

226 2205 289 2244 est
325 2203 377 2243 de
414 2203 607 2253 duobus,
647 2201 801 2242 scilicet
844 2200 894 2240 de
943 2203 1056 2240 certa
1099 2200 1258 2240 malitia

227 2273 364 2326 culpae
396 2276 436 2313 et
467 2273 518 2314 de
549 2271 816 2325 ignorantia,
850 2271 938 2312 sive
975 2272 1257 2311 inconsidera-

227 2344 339 2385 tione
354 2356 507 2397 poenae.
527 2344 718 2396 Increpat
739 2342 874 2394 igitur
891 2342 941 2382 de
956 2343 1069 2382 certa
1086 2341 1259 2381 malitiae

229 2414 703 2466 culpasubmetaphora
715 2413 886 2465 viperae,
901 2424 998 2452 cum
1015 2412 1063 2462 (b)
1079 2412 1230 2452 dicitur
1247 2426 1256 2451 ι

230 2483 406 2526 Dicebat
436 2494 532 2536 erqo
567 2483 626 2525 ad
653 2483 822 2532 ῑιιγῦαε,
855 2493 948 2534 quoe
984 2482 1183 2533 exibant,
1215 2486 1261 2524 ut

230 2556 556 2608 baptizarentur
584 2556 635 2597 ab
660 2557 752 2608 ipso
783 2568 798 2593 :
831 2554 1059 2596 Genimina
1085 2554 1260 2605 vipera-

231 2638 347 2679 rum,
375 2629 452 2668 etc,
481 2627 587 2669 Nota
616 2627 729 2681 quod
760 2626 916 2678 viperis
948 2637 1019 2666 eos
1047 2628 1262 2678 comparat

231 2699 285 2740 ob
322 2699 532 2752 triplicem
568 2699 869 2752 proprietatem
910 2709 921 2737 ε
960 2697 1106 2749 vipera
1147 2697 1261 2736 enim

231 2781 330 2810 cum
350 2769 625 2810 momorderit
643 2769 878 2818 hominem,
901 2767 1043 2807 statim
1063 2767 1194 2807 currit
1211 2767 1259 2807 ad

232 2853 411 2894 aquam3
432 2841 490 2882 sic
508 2841 599 2891 isti,
621 2843 790 2894 peccata
815 2839 1031 2879 mortifera
1058 2839 1263 2878 confiten-

233 2914 315 2964 teS,
347 2913 574 2954 currebant
601 2913 654 2953 ad
685 2923 839 2964 aquam
868 2910 1079 2964 baptismi.
1112 2910 1264 2951 Contra

236 2995 342 3035 quos
365 2985 518 3026 dicitur
545 2985 558 3007 ⁵
580 2998 590 3025 ε
618 2999 637 3022 (ι
658 2983 738 3032 Qui
767 2982 1004 3034 baptizatur
1029 2994 1054 3021 a
1078 2983 1261 3032 mortuo,

238 3055 279 3094 et
295 3054 451 3096 iterum
470 3056 609 3108 tangit
629 3057 849 3096 mortuum
862 3085 872 3105 ,
892 3053 995 3106 quid
1014 3051 1180 3105 proficit
1202 3051 1262 3092 la—

238 3123 350 3163 vatio
383 3124 496 3165 illius
516 3126 536 3165 ’.Ρ
555 3139 574 3162 »
609 3124 713 3166 Item
743 3124 964 3177 genimina
999 3124 1262 3176 viperarum,

239 3196 473 3246 rumpendo
530 3196 691 3238 viscera
735 3198 949 3246 materna,
1004 3196 1262 3245 nascuntur3

283 3301 290 3319 ¹
312 3301 389 3341 Isa„
413 3308 469 3341 Χῖ,
494 3303 525 3335 6.
552 3320 592 3327 --
615 3304 626 3322 ²
652 3303 737 3335 Psal.
760 3311 870 3345 xcvii,
897 3304 927 3334 3.
946 3320 987 3326 —
1007 3301 1021 3323 3
1047 3302 1122 3341 ssa„
1145 3308 1208 3340 XL,
1233 3302 1265 3332 5.

240 3365 281 3371 -—
297 3347 310 3369 '⁸
329 3349 408 3388 Isa.‚
428 3355 495 3389 LII,
517 3351 566 3381 10.
582 3368 624 3373 —
646 3351 660 3372 ⁶
682 3350 804 3392 Eccli.‚
825 3357 945 3390 xxxiv,
966 3351 1017 3381 30.
1040 3365 1081 3371 -
1101 3349 1112 3366 ‘³
1129 3347 1265 3389 Mattlz„

240 3402 351 3435 XXIII,
388 3396 439 3426 31.
472 3412 508 3418 —-
541 3396 551 3415 ⁷
583 3397 681 3439 lbid.‚
712 3399 765 3430 27.
791 3414 833 3421 —-
860 3397 874 3418 8
906 3398 1022 3438 Greg.,
1056 3397 1091 3426 z'n
1122 3395 1266 3436 Evanq„

241 3443 335 3475 hom.
357 3451 438 3483 xxx,
463 3445 540 3474 ante
562 3444 653 3475 med.
672 3462 713 3469 ·-
731 3446 743 3464 ⁹
764 3446 775 3476 1
797 3445 917 3486 Thess„
942 3452 974 3484 V,
998 3446 1029 3475 3.
1047 3459 1089 3467 ·-
1107 3443 1132 3463 1⁶
1152 3443 1266 3483 Apoc„

243 3498 296 3531 v1,
319 3492 367 3522 16.
387 3508 428 3513 —
448 3491 471 3511 ¹1
492 3490 626 3530 Jerem„
648 3498 757 3529 xxxii,
779 3494 831 3523 24.
852 3508 893 3515 -—
916 3491 941 3512 ¹²
960 3490 1033 3529 Job,
1056 3498 1136 3529 xix,
1157 3492 1206 3521 29.
1227 3506 1266 3512 -

2267 185 2344 225 287

1317 277 1376 317 sic
1391 276 1459 316 isti
1478 272 1769 328 persequendo
1789 270 2031 324 prophetas,
2053 270 2247 310 materna
2265 271 2346 311 vis-

1317 359 1412 387 cera
1438 346 1654 388 violabant
1680 343 1693 364 ⁶
1722 357 1731 384 :
1762 358 1782 381 α
1812 340 2069 382 Testimonio
2098 340 2197 380 estis
2226 340 2348 382 vobis

1316 418 1443 470 ipsis,
1465 418 1567 470 quia
1592 415 1667 457 filii
1698 415 1795 456 estis
1826 424 1996 463 eorum,
2024 411 2100 464 qui
2123 410 2348 464 prophetas

1318 489 1573 529 occiderunt.
1605 487 1655 527 Et
1680 498 1757 528 vos
1788 484 1960 537 implete
1991 494 2239 523 mensuram
2271 493 2347 534 pa-

1318 562 1434 600 trum
1449 561 1706 600 vestrorum.
1731 557 1970 609 Serpentes,
1995 554 2216 607 genimina
2234 553 2349 605 vipe-

1318 643 1479 681 rarum,
1510 629 1722 682 quomodo
1742 627 1915 680 fugietis
1947 640 1971 668 a
1996 625 2156 679 judicio
2193 625 2352 677 gehen-

1318 703 1415 743 nae?
1430 716 1448 739 ι)
1469 701 1571 742 Item
1585 700 1685 741 foris
1698 702 1796 740 sunt
1812 699 2009 752 speciosae
2028 697 2349 750 etquasipictae,

1320 774 1392 814 sed
1410 773 1524 814 intus
1540 784 1705 814 veneno
1718 771 1912 823 repletae3
1933 771 1990 811 sic
2010 773 2051 811 et
2068 770 2151 810 isti.
2175 769 2222 809 In
2238 769 2353 811 Μαί-

1321 844 1429 887 thaeo
1446 844 1490 896 (c)
1507 844 1521 865 ⁷
1537 858 1552 885 .·
1571 842 1767 884 «Similes
1781 841 1879 882 estis
1889 841 2122 893 sepulchris
2133 839 2351 890 dealbatis,

1321 928 1418 969 quae
1440 916 1582 957 aforis
1609 916 1761 967 parent
1784 912 2030 955 hominibus
2055 912 2264 964 speciosa,
2288 911 2352 951 in-

1321 989 1390 1028 tus
1415 999 1518 1028 vero
1546 986 1669 1038 plena
1697 987 1797 1026 sunt
1828 983 1994 1024 ossibus
2023 984 2306 1023 mortuorum.
2330 995 2349 1018 n

1377 1058 1569 1110 Increpat
1590 1057 1703 1097 enim
1723 1057 1774 1097 de
1796 1054 2174 1096 inconsideratione
2194 1065 2352 1106 poenae,

1323 1141 1420 1169 cnm
1455 1128 1569 1169 addit
1600 1140 1609 1168 ε
1645 1128 1753 1179 Quis
1784 1125 1972 1169 ostendit
2000 1125 2118 1167 vobis
2155 1125 2298 1177 fugere
2330 1134 2356 1165 a

1324 1204 1504 1242 ventura
1523 1201 1592 1241 ira
1607 1201 1627 1241 5²
1649 1198 1882 1250 Gregorius
1896 1198 1910 1221 ⁸
1933 1210 1943 1238 :
1968 1196 2195 1238 «Ventura
2214 1195 2278 1236 ira
2297 1197 2358 1236 est

1324 1271 1636 1311 animadversio
1661 1270 1834 1311 ultionis
1852 1271 2080 1319 extremae,
2107 1279 2236 1320 quam
2257 1269 2358 1307 tunc

1325 1345 1517 1394 peccator
1540 1342 1692 1393 fugere
1712 1352 1800 1380 non
1826 1339 1956 1388 valet,
1981 1339 2054 1391 qui
2080 1350 2195 1378 nunc
2222 1338 2274 1378 ad
2294 1338 2356 1378 la—

1326 1415 1470 1453 menta
1495 1411 1755 1464 poenitentiae
1782 1421 1869 1450 non
1894 1409 2087 1449 recurrit.
2111 1422 2130 1445 ))
2157 1408 2171 1430 ⁹
2192 1422 2212 1446 (ι
2243 1407 2360 1448 Tunc

1326 1483 1570 1536 repentinus
1604 1482 1664 1522 eis
1707 1480 1974 1533 superveniet
2007 1479 2228 1529 interitus,
2257 1479 2362 1519 sieut

1327 1555 1445 1596 dolor
1466 1555 1509 1594 in
1530 1557 1651 1595 utero
1671 1552 1882 1603 habentis,
1907 1555 1947 1593 et
1976 1563 2062 1591 non
2089 1550 2311 1603 effugient.
2335 1564 2354 1587 ))

1329 1627 1437 1668 Item
1452 1626 1735 1679 Apocalypsis
1749 1625 1776 1646 ¹⁰
1795 1636 1808 1665 .·
1823 1623 2005 1665 «Dicunt
2024 1623 2241 1663 montibus
2258 1636 2267 1663 ε
2287 1622 2361 1662 Ca-

1327 1699 1411 1738 dite
1442 1711 1569 1750 super
1600 1710 1703 1747 nos,
1738 1699 1779 1738 et
1818 1695 2058 1736 abscondite
2092 1706 2169 1734 nos
2202 1707 2226 1734 a
2260 1694 2362 1734 facie

1329 1769 1511 1810 sedentis
1538 1780 1664 1821 super
1692 1768 1919 1816 thronum,
1944 1768 1985 1806 et
2008 1765 2061 1805 ab
2095 1765 2157 1806 ira
2184 1765 2315 1817 Agni.
2342 1779 2360 1802 D

1328 1840 1531 1882 Jeremias
1552 1840 1577 1860 ¹¹
1602 1851 1615 1879 .·
1641 1854 1659 1876 «
1679 1837 1806 1878 Facta
1828 1839 1890 1877 est
1915 1839 2026 1877 terra
2045 1847 2196 1876 eorum
2217 1836 2262 1876 in
2288 1835 2360 1876 de-

1330 1911 1576 1952 solationem
1605 1922 1628 1950 a
1651 1909 1755 1950 facie
1779 1909 1854 1949 irae
1886 1908 2118 1955 columbae,
2139 1910 2180 1948 et
2211 1919 2237 1947 a
2261 1907 2363 1948 facie

1330 1982 1405 2022 irae
1446 1981 1601 2022 furoris
1642 1979 1820 2021 Domini.
1850 1993 1868 2016 n
1910 1977 2136 2031 Propterea
2173 1978 2245 2020 Job
2284 1979 2312 1999 ¹²
2349 1989 2364 2018 .·

1339 2069 1357 2091 α
1377 2053 1532 2104 Fugite
1552 2065 1576 2092 a
1598 2052 1702 2093 facie
1725 2050 1869 2103 gladii.
1891 2064 1911 2088 ›)
1932 2051 1961 2074 ¹³
1989 2065 2007 2088 α
2027 2049 2117 2098 Quo
2140 2050 2209 2091 ibo
2230 2062 2255 2090 a
2280 2049 2364 2102 spi-

1330 2124 1417 2164 ritu
1436 2125 1536 2164 tuo?
1558 2125 1598 2163 et
1624 2135 1710 2175 quo
1738 2135 1763 2162 a
1788 2122 1893 2162 faeie
1915 2124 1989 2162 tua
2011 2121 2207 2173 fugiam?
2225 2135 2245 2159 >³
2272 2120 2364 2161 Non

1331 2195 1375 2235 in
1401 2195 1573 2235 Tharsis
1605 2207 1704 2235 cum
1734 2193 1839 2234 Jona
1871 2192 2063 2245 (Tharais
2091 2192 2205 2233 enim
2234 2192 2365 2232 inter-

1332 2268 1522 2318 pretatur
1547 2265 1780 2318 eoeploratio
1810 2263 1985 2318 qazcclii)
2002 2295 2015 2315 ,
2043 2263 2113 2303 sed
2140 2275 2238 2303 cum
2259 2261 2362 2303 Pro-

1331 2337 1458 2389 pheta
1479 2337 1525 2377 in
1552 2337 1716 2378 deserto
1739 2335 2014 2388 poenitentiae.
2046 2334 2277 2376 Psalmista
2298 2334 2323 2355 ¹¹⁴
2349 2345 2363 2374 :

1340 2423 1358 2445 α
1377 2407 1585 2459 Elongavi
1602 2407 1790 2458 fugiens,
1808 2409 1849 2446 et
1869 2406 2003 2445 mansi
2020 2405 2064 2445 in
2084 2405 2324 2446 solitudine.
2342 2419 2362 2443 i>

1334 2478 1382 2519 In
1396 2478 1597 2520 Matilioeo
1613 2478 1660 2530 (c)
1683 2478 1710 2499 ²⁵
1726 2489 1740 2518 .·
1764 2492 1782 2514 «
1801 2476 1919 2517 Tunc
1934 2476 2006 2529 qui
2026 2476 2069 2516 in
2082 2476 2229 2517 Judaea
2249 2479 2360 2527 sunt,

1334 2549 1505 2601 fugiant
1535 2549 1586 2589 ad
1619 2550 1796 2589 montes.
1833 2546 1955 2587 Orate
1994 2549 2162 2597 autem,
2198 2549 2246 2588 ut
2280 2559 2366 2588 non

1336 2621 1408 2661 fiat
1424 2621 1465 2661 fu
1473 2633 1530 2673 ga
1549 2623 1688 2661 vestra
1706 2620 1751 2659 in
1771 2619 1941 2672 hyeme,
1966 2618 2033 2659 vel
2054 2618 2239 2659 sabbato.
2260 2632 2280 2655 »

1389 2694 1428 2732 8.
1455 2692 1598 2734 Facite
1619 2701 1714 2743 erqo
1735 2692 1898 2741 fructus
1914 2688 2067 2741 diynos
2085 2691 2362 2742 poenitentioe,

1337 2764 1414 2803 etc.
1429 2761 1504 2802 Hic
1517 2761 1692 2815 ponitur
1704 2760 1942 2801 exhortatio
1954 2760 2004 2801 de
2016 2760 2199 2811 duobus,
2214 2762 2368 2802 scilicet

1337 2834 1388 2874 de
1419 2833 1659 2873 humilitate
1691 2831 2006 2882 satisfactionis,
2038 2834 2079 2871 et
2116 2832 2167 2872 de
2205 2833 2367 2873 cautela

1338 2904 1695 2958 praesumptionis.
1739 2903 1953 2952 Quantum
1993 2902 2046 2943 ad
2083 2902 2366 2944 humilitatem

1338 2975 1631 3016 satisfactionis
1649 3007 1659 3024 ,
1699 2974 1800 3014 dicit
1840 2988 1849 3015 :
1890 2974 2033 3016 Facite
2071 2984 2165 3028 erqo
2202 2974 2368 3027 fructus

1339 3047 1492 3100 dignos
1522 3046 1810 3099 poenz'ceniioe,
1845 3047 1892 3086 ut
1923 3046 1975 3086 sit
2010 3046 2235 3087 satisfactio
2267 3059 2365 3087 con-

1339 3119 1470 3171 digna
1490 3119 1516 3144 ¹⁶
1540 3132 1549 3160 :
1574 3133 1593 3157 (‹
1615 3118 1732 3159 Sicut
1751 3117 2005 3158 exhibuistis
2022 3118 2214 3159 membra
2230 3121 2370 3160 vestra

1339 3190 1499 3233 servire
1517 3189 1802 3230 immunditiae
1826 3191 1866 3229 et
1894 3189 2107 3242 iniquitati
2133 3189 2186 3230 ad
2213 3187 2369 3240 iniqui-

1339 3264 1492 3312 tatem,
1527 3260 1586 3301 ita
1622 3271 1737 3300 nunc
1774 3258 1969 3300 exhibete
2004 3260 2195 3300 membra
2229 3260 2369 3301 vestra

1341 3393 1368 3415 ¹3
1387 3392 1478 3424 Psal.
1503 3399 1678 3431 CXXXVIII,
1699 3394 1730 3424 7.
1753 3408 1794 3415 —
1822 3391 1846 3413 ¹⁴
1869 3392 1961 3424 Psal.
1986 3400 2054 3432 mv,
2076 3394 2106 3424 8.
2128 3409 2169 3416 -
2188 3391 2215 3414 1⁵
2233 3391 2372 3433 Mutila,

1341 3448 1439 3480 xxw,
1463 3442 1514 3480 16,
1538 3442 1591 3471 20.
1612 3457 1652 3464 —-
1675 3440 1703 3460 ¹⁶
1722 3440 1825 3479 Rom„
1846 3447 1892 3479 vl,
1914 3443 1963 3473 19.
1983 3458 2023 3464 —
2043 3440 2084 3479 (α)
2108 3440 2188 3472 Caet.
2203 3439 2283 3472 edit.
2302 3439 2369 3471 ira-
2388 3478 2392 3479 ⁷

1341 3487 1486 3520 cundiae.
1503 3505 1537 3510 —-
1562 3487 1605 3527 (b)
1626 3487 1701 3527 Leq.
1720 3487 1790 3519 ubi.
1810 3504 1851 3510 —
1869 3489 1904 3527 (c)
1925 3487 1979 3519 Al.
1997 3488 2188 3519 Matthaeus.
