2634 3853
116 2486 255 2513 Confrac-

118 2528 136 2556 ts
151 2529 211 2564 qui.

276 252 353 291 312

278 340 458 390 argento
490 339 784 391 redimemini,
813 353 831 378 1>
855 341 933 381 etc.
969 338 1086 380 Unde
1118 339 1128 360 ¹
1163 351 1172 378 ε
1203 337 1304 379 «Tu

277 421 444 462 quoque
463 410 508 450 in
528 411 739 463 sanguine
759 410 998 451 testamenti
1020 409 1103 459 tui,
1131 408 1303 449 emisisti

274 481 438 522 vinctos
475 484 570 522 tuos
601 482 651 522 de
692 478 819 532 lacu,
854 496 872 518 »
911 483 988 521 010.
1023 479 1074 520 Et
1103 480 1183 521 hoc
1213 482 1301 531 est,

275 552 388 604 quod
407 552 558 593 dicitur
583 552 634 592 ab
658 553 776 593 [saia
796 552 811 576 ²
837 566 845 591 :
875 566 894 590 (ι
915 550 1015 592 Dedi
1033 553 1073 592 te
1099 550 1144 590 in
1168 550 1303 592 foedus

275 623 433 675 populi.
467 638 486 660 »
525 623 574 664 Et
605 626 698 675 post
734 637 742 664 :
784 637 803 662 (ι
832 623 883 663 Ut
921 623 1080 664 diceres
1120 622 1187 663 his
1228 623 1302 676 qui

273 694 404 734 vincti
424 697 521 734 sunt
545 708 552 734 :
575 694 719 744 Exite3
746 696 786 735 et
805 694 873 735 his
901 694 975 747 qui
1005 694 1050 734 10
1083 694 1267 735 tenebris
1290 709 1298 734 :

276 764 548 805 Revelamini.
572 779 591 802 >³
617 764 667 805 Et
687 767 779 818 post
801 779 809 806 :
841 781 860 803 «
886 765 1093 819 Equidem
1122 765 1302 818 captivi-

273 847 348 875 vas
368 847 392 875 a
423 835 521 875 forti
549 835 738 886 tolletur,
761 850 780 874 >³
813 836 913 889 quia
933 836 946 858 ³
974 836 1240 877 «ascendens
1259 836 1303 875 10

274 906 409 946 altum
426 906 638 959 captivam
655 907 777 948 duxit
792 907 1092 960 captivitatem.
1108 921 1127 945 »
1148 906 1199 947 Et
1211 906 1304 947 haec

272 977 468 1018 remissio
489 977 533 1018 in
565 977 672 1030 Cyro
701 978 980 1031 praefigurata
1008 978 1106 1029 fuit,
1135 978 1210 1031 qui
1239 978 1303 1018 di-

273 1049 388 1090 misit
408 1050 694 1102 captivitatem
714 1050 902 1091 filiorum
933 1049 1059 1090 Israel
1078 1050 1091 1071 ¹*
1117 1063 1126 1091 :
1158 1064 1177 1088 α
1199 1050 1301 1103 Cap-

274 1121 481 1161 tivitatem
518 1132 658 1160 meam
697 1120 906 1171 dimittet,
938 1133 1025 1161 non
1062 1120 1107 1160 10
1139 1121 1299 1174 pretio,

273 1203 410 1244 neque
440 1191 483 1231 10
504 1191 767 1231 muneribus.
790 1206 810 1230 ›>
836 1191 1003 1232 Liberat
1025 1192 1153 1233 etiam
1173 1204 1198 1232 a
1220 1204 1302 1233 010-

274 1262 396 1302 citate
422 1261 621 1311 rationis3
656 1262 749 1303 ideo
781 1262 997 1303 subditur:
1020 1263 1074 1305 Ei
1095 1265 1216 1306 coecis
1235 1265 1304 1306 vi-

272 1343 386 1384 sum,
417 1333 532 1373 misit
561 1333 717 1374 scilicet
747 1345 816 1374 me
847 1334 1098 1386 praedicare3
1129 1335 1242 1387 quod
1263 1337 1304 1376 et

272 1405 388 1455 fecit,
412 1405 519 1446 sicut
548 1405 701 1445 dicitur
727 1409 772 1447 ⁵:
809 1420 828 1445 c(
858 1405 1033 1457 Euntes,
1063 1406 1303 1448 renuntiate

272 1476 293 1518 J
298 1475 450 1527 oanni,
473 1487 571 1528 quae
600 1476 797 1526 audistis,
821 1479 861 1518 et
880 1477 1043 1518 vidistis
1065 1490 1075 1518 :
1107 1478 1208 1519 caeci
1236 1478 1300 1520 vi-

273 1547 395 1598 dent,
415 1561 434 1585 ))
456 1549 533 1588 etc.
563 1547 611 1588 In
640 1560 724 1600 quo
757 1548 1025 1600 significatur
1051 1549 1228 1590 interior
1255 1549 1304 1590 il-

271 1619 510 1661 luminatio.
525 1619 642 1661 Unde
653 1620 698 1660 in
710 1621 870 1663 Joanne
884 1622 934 1674 (a)
952 1621 965 1643 ‘³
980 1634 988 1662 :
1001 1636 1020 1660 α
1034 1621 1082 1662 10
1090 1622 1303 1675 judicium

273 1703 356 1743 ego
377 1691 422 1731 10
446 1691 565 1731 hunc
588 1691 798 1733 mundum
818 1692 939 1743 veni,
960 1695 1008 1733 ut
1028 1693 1102 1746 qui
1124 1705 1210 1734 non
1235 1694 1304 1735 vi-

273 1763 372 1803 dent
390 1761 582 1814 videant,
604 1776 623 1800 ›)
650 1762 692 1802 id
722 1764 803 1813 est,
837 1762 1042 1814 gentiles,
1069 1763 1304 1805 secundum

274 1833 380 1874 illud
393 1833 522 1874 Isdioe
540 1833 554 1855 ⁷
576 1844 586 1873 ε
611 1847 631 1872 «
649 1832 750 1874 Dedi
768 1835 810 1873 te
831 1833 876 1873 10
893 1832 1032 1874 lucem
1050 1834 1260 1886 gentium.
1280 1849 1299 1872 1)

272 1904 324 1945 Et
343 1904 423 1945 hoc
442 1905 525 1954 051,
544 1904 659 1956 quod
677 1904 830 1945 dicitur
851 1906 865 1928 ⁸
886 1918 895 1944 :
926 1919 945 1943 «
964 1905 1147 1946 Audient
1167 1906 1212 1946 in
1238 1906 1305 1947 die

273 1975 345 2016 illa
365 1975 483 2016 surdi
504 1975 634 2017 verba
662 1975 779 2026 libri,
802 1977 843 2016 et
868 1975 919 2017 de
940 1976 1125 2017 tenebris
1154 1979 1194 2018 et
1213 1977 1307 2018 cali-

275 2048 376 2100 gine
399 2048 510 2089 oculi
533 2059 743 2089 caecorum
762 2048 981 2089 videbunt.
1003 2062 1022 2086 ))
1048 2048 1099 2089 Ε1
1124 2048 1204 2090 hoc
1229 2061 1306 2102 pe-

274 2119 387 2161 tebat
412 2119 545 2161 David
564 2123 578 2144 ⁹
602 2131 612 2160 z
639 2134 658 2158 α
688 2119 885 2160 illumina
915 2119 1059 2160 oculos
1088 2132 1228 2173 meos,
1252 2134 1307 2163 ne

276 2202 470 2244 unquam
498 2190 763 2232 obdormiam
784 2191 828 2231 10
857 2195 1016 2241 morte,
1044 2205 1063 2230 ι)
1085 2194 1161 2233 010.
1190 2192 1308 2234 Libe·

276 2264 342 2302 rat
363 2261 490 2302 etiam
519 2262 572 2302 ab
599 2262 842 2304 infirmitate
861 2263 1116 2316 voluntatis;
1139 2268 1307 2319 propter

278 2333 393 2386 quod
413 2333 694 2386 subJungitur
716 2346 726 2375 ε
751 2334 974 2377 Dimittere
998 2336 1235 2388 confractos
1260 2339 1308 2380 in

278 2407 568 2448 remissionem
589 2438 601 2457 ,
636 2406 752 2447 misit
790 2407 946 2448 scilicet
982 2419 1065 2448 me.
1101 2408 1307 2449 Confracti

279 2480 380 2519 sunt
405 2490 593 2531 quorum
612 2479 810 2520 voluntas
832 2480 914 2532 'per
943 2481 1166 2532 peccatum
1193 2480 1309 2521 infir-

277 2553 391 2591 mata
412 2552 475 2591 est
495 2551 546 2592 ad
567 2551 750 2602 bonum,
783 2551 890 2592 51001
911 2554 1010 2592 5001
1037 2551 1141 2592 fatui
1168 2564 1309 2605 pecca-

277 2624 388 2663 tores
419 2623 448 2648 ¹⁰
482 2637 491 2663 :
532 2638 550 2662 (ι
571 2624 649 2665 Cor
683 2623 813 2674 fatui,
847 2624 969 2676 quasi
1005 2635 1080 2665 vas
1117 2624 1306 2665 confrac-

276 2695 397 2744 tum,
428 2708 447 2731 »
481 2697 558 2735 010.
595 2694 645 2735 Ε1
675 2695 721 2734 10
751 2695 872 2737 Isaia
892 2696 918 2717 ¹¹
943 2709 952 2736 ε
981 2695 1189 2737 «Dimitte
1208 2707 1303 2747 eos,

279 2765 354 2817 qui
392 2765 591 2805 confracti
624 2768 757 2815 sunt,
794 2765 963 2807 liberos,
983 2779 1002 2803 ›)
1029 2765 1127 2807 Haec
1164 2769 1307 2808 autem

280 2835 507 2877 confractio
526 2838 588 2876 est
607 2836 875 2889 reparabilis,
892 2837 992 2878 dum
1013 2837 1083 2878 hic
1095 2838 1304 2890 vivimus;

281 2907 353 2948 sed
380 2908 662 2960 irreparabilis
692 2909 871 2950 efficitur
900 2910 944 2950 in
972 2912 1128 2960 morte,
1151 2922 1305 2952 secun—

279 2979 382 3020 dum
403 2980 508 3021 illud
527 2981 582 3021 ¹²:
611 2996 629 3019 c(
651 2980 971 3022 Comminuetur
989 2982 1096 3023 sicut
1123 2984 1306 3024 conteri-

279 3053 352 3092 tur
371 3051 523 3103 lagena
554 3052 702 3105 figuli,
727 3053 979 3094 contritione
1005 3055 1239 3106 pervalida,
1264 3058 1305 3096 et

279 3135 366 3164 non
386 3123 628 3164 invenietur
648 3124 698 3164 de
719 3124 972 3176 fragmentis
990 3126 1082 3178 ers
1110 3128 1236 3179 testa,
1259 3127 1303 3168 in

279 3207 364 3247 qua
383 3196 572 3248 portetur
591 3195 807 3247 igniculus
834 3196 885 3236 de
911 3196 1105 3238 incendio
1129 3212 1137 3239 ε
1160 3212 1178 3236 n
1205 3200 1305 3252 quia
1332 3217 1335 3219 ·

279 3278 365 3307 non
387 3266 466 3308 erit
484 3266 760 3319 susceptibilis
779 3267 929 3319 gratiae
942 3279 960 3320 ;
978 3270 1019 3310 et
1045 3268 1125 3310 hoc
1156 3270 1236 3311 erit
1259 3270 1304 3311 in

318 3405 326 3425 ¹
348 3403 463 3442 Ζαείιη
485 3411 531 3444 IX,
555 3406 605 3436 11.
627 3420 667 3427 —
684 3404 697 3425 2
723 3404 802 3444 rsa„
832 3412 925 3444 XLIX,
945 3406 975 3445 8,
1001 3407 1052 3436 25.
1069 3422 1110 3428 —
1137 3406 1150 3427 3
1170 3406 1302 3449 Esdram,

277 3459 325 3491 lv,
346 3453 376 3484 8.
393 3468 434 3474 —-
452 3452 466 3472 ὗ
481 3452 559 3490 lsa„
580 3459 660 3492 XLV,
682 3452 730 3483 13.
751 3468 790 3474 -
806 3452 816 3470 ·‘'
836 3452 968 3493 Manli„
991 3461 1041 3492 XI,
1058 3455 1087 3485 ὃ.
1107 3470 1147 3476 -
1168 3455 1178 3472 ¹³
1194 3455 1302 3496 1000,,

274 3506 329 3538 ix,
356 3500 406 3531 39.
422 3514 462 3522 -
482 3500 492 3517 ⁷
511 3500 592 3539 lsu„
612 3506 707 3538 XLIX,
729 3501 759 3531 6.
780 3516 820 3522 -
841 3500 851 3517 ⁸
870 3499 946 3540 isa„
968 3502 1132 3540 xxix,18.
1155 3518 1195 3524 —
1218 3503 1229 3520 ‘³
1246 3503 1301 3534 Ps.

276 3553 341 3587 ΧΗ,
365 3547 396 3579 4.
416 3563 456 3570 —
479 3546 503 3566 ²⁰
536 3545 654 3587 Ecclz'.‚
683 3554 761 3588 xxl,
797 3547 847 3579 17.
867 3562 907 3571 —
938 3547 962 3570 11
983 3547 1063 3588 lsa„
1087 3555 1191 3590 Lvnt,
1213 3550 1243 3582 6.
1263 3566 1298 3572 -

997 247 1280 292 EVANGELII
1310 248 1499 291 SANCTI
1528 248 1678 290 LUCAE

1371 338 1554 391 judicio,
1586 337 1822 379 secundum
1845 336 1949 378 illud
1966 338 2022 379 ¹³:
2055 352 2074 376 a
2095 337 2233 388 Reges
2260 346 2332 376 eos
2358 333 2403 375 in

1375 410 1500 462 virga
1520 411 1667 460 ferrea,
1689 411 1730 449 et
1747 411 1950 461 tanquam
1974 420 2048 450 vas
2070 406 2195 459 figuli
2217 405 2399 448 confrin-

1374 491 1450 531 ges
1483 493 1568 522 eos.
1605 495 1624 517 »
1667 478 1749 520 Sed
1787 478 1911 519 modo
1949 478 2239 519 remissionem
2279 477 2398 526 facit3

1375 552 1487 603 quod
1506 553 1745 604 figuratum
1765 553 1826 591 est
1846 550 1891 590 in
1918 549 2197 600 Machaboeis,
2235 549 2306 590 ubi
2335 549 2398 590 di-

1375 622 1486 663 citur
1510 623 1552 672 ¹⁶,
1583 623 1695 676 quod
1728 622 1806 662 sub
1837 621 2019 662 Jonatha
2057 622 2184 661 fratre
2219 620 2403 661 Simonis

1374 695 1472 734 sunt
1491 693 1636 734 multae
1654 692 1927 734 remissiones
1947 692 2066 732 factae
2086 690 2106 732 J
2111 691 2258 732 udaeis.

1428 763 1646 805 Postremo
1688 764 1932 804 insinuatur
1976 762 2281 803 Remunerator
2329 774 2404 814 per

1374 835 1672 877 retributiones
1705 836 1750 876 in
1777 835 1963 888 judicio,
1999 835 2046 874 in
2081 845 2167 887 quo
2198 833 2321 874 bonis
2351 832 2405 873 sit

1374 906 1628 948 universalis
1656 906 1758 947 boni
1786 905 1966 946 collatio.
1991 905 2168 958 Propter
2197 904 2309 957 quod
2337 903 2400 944 di-

1374 977 1460 1017 cit:
1486 976 1724 1018 Proedicare
1755 987 1916 1018 annum
1948 976 2121 1018 Domini
2153 978 2399 1028 acceptum,

1375 1047 1530 1088 scilicet
1545 1047 1691 1098 bonis3
1713 1048 1763 1088 de
1779 1059 1864 1100 quo
1881 1048 1911 1073 ¹⁵
1932 1058 1972 1088 2«
1988 1046 2214 1087 Benediees
2234 1057 2403 1087 coronae

1375 1119 1477 1158 anni
1498 1118 1775 1170 benignitatis
1794 1121 1901 1169 tuae,
1925 1132 1944 1155 »
1971 1120 2048 1158 etc.
2073 1117 2149 1157 Hic
2178 1119 2240 1158 est
2267 1128 2404 1157 annus

1374 1189 1641 1242 significatus
1675 1189 1720 1229 in
1748 1188 1926 1230 Jubilaeo
1948 1189 1975 1211 ¹⁶
2004 1203 2013 1228 ι
2039 1203 2058 1226 α
2081 1188 2205 1228 Αο00
2233 1187 2403 1228 Jubilaei

1375 1262 1613 1302 revertetur
1642 1260 1771 1302 homo
1799 1260 1852 1300 ad
1881 1259 2190 1313 possessionem
2220 1269 2398 1299 suam.»

1374 1332 1449 1376 Vel
1469 1333 1595 1374 etiam
1615 1333 1658 1373 in
1679 1332 1858 1386 septimo
1878 1332 1906 1353 ¹⁷
1930 1346 1939 1372 :
1968 1347 1986 1371 (ι
2007 1330 2197 1384 Septimo
2218 1341 2330 1370 0000
2349 1329 2405 1369 fa-

1376 1406 1458 1446 cies
1484 1405 1791 1446 remissionem.
1818 1418 1838 1442 ))
1860 1404 1938 1445 Hic
1970 1414 2109 1444 annus
2139 1403 2310 1454 superat
2336 1413 2406 1442 00-

1375 1489 1483 1518 num
1503 1476 1666 1528 meriti,
1687 1476 1790 1529 quia
1810 1487 1939 1528 supra
1970 1474 2234 1525 condignum
2260 1485 2405 1514 remu-

1375 1547 1640 1588 nerabuntur
1658 1546 1773 1588 boni.
1788 1547 1815 1568 ¹⁸
1840 1561 1859 1585 «
1880 1545 2018 1596 Quare
2043 1544 2130 1586 dies
2150 1544 2262 1585 diem
2282 1555 2406 1597 supe-

1376 1621 1465 1669 rat,
1484 1621 1525 1659 et
1543 1618 1697 1659 iterum
1716 1618 1793 1658 lux
1812 1617 1977 1666 lucem,
2000 1619 2041 1657 et
2071 1627 2211 1656 annus
2245 1626 2405 1655 annum

1377 1701 1402 1729 a
1422 1688 1507 1729 sole
1520 1689 1541 1728 ‘2
1554 1703 1573 1726 n
1602 1689 1649 1728 In
1668 1689 1748 1729 hoc
1758 1687 2051 1740 etiaijdicio
2066 1686 2188 1726 malis
2209 1686 2282 1726 fiet
2303 1696 2409 1726 sem-

1377 1759 1542 1812 piterna
1579 1759 1819 1810 damnati03
1852 1760 1947 1800 ideo
1985 1759 2185 1800 additur:
2216 1758 2271 1800 Et
2298 1757 2409 1799 diem

1377 1830 1687 1873 retributionis.
1730 1830 1778 1871 In
1814 1842 1900 1883 quo
1937 1830 2144 1871 retribuet
2178 1828 2409 1881 unicuique

1378 1901 1611 1943 secundum
1641 1914 1770 1954 opera
1800 1912 1878 1943 sua
1904 1902 1932 1924 ¹⁹
1956 1915 1964 1942 :
1994 1916 2014 1939 «
2041 1901 2135 1942 DIes
2165 1899 2336 1941 ultionis
2363 1898 2409 1939 in

1380 1972 1504 2013 corde
1539 1984 1634 2014 meo
1653 2004 1665 2023 ‚
1697 1984 1837 2013 annus
1869 1970 2170 2024 redemptionis
2198 1981 2306 2010 meae
2336 1981 2407 2011 ve—

1380 2043 1459 2084 nit.
1487 2057 1506 2082 ι)
1529 2043 1586 2084 De
1604 2043 1684 2084 hac
1705 2043 1770 2084 die
1801 2043 1953 2084 dicitur
1973 2042 2002 2068 2⁰
2022 2056 2031 2083 :
2060 2058 2079 2081 α
2101 2042 2196 2082 Dies
2215 2040 2408 2090 Domini,

1381 2114 1489 2155 sicut
1516 2114 1584 2155 fur
1615 2114 1662 2154 in
1691 2116 1812 2154 nocte
1832 2146 1841 2164 ,
1876 2114 1935 2154 ita
1960 2113 2102 2154 veniet
2133 2127 2142 2153 z
2173 2123 2270 2152 cum
2298 2111 2412 2152 enim

1381 2185 1587 2236 dixerint,
1610 2185 1698 2226 Pax
1733 2187 1774 2225 et
1804 2184 2027 2235 securitas,
2057 2198 2076 2221 »
2104 2186 2181 2223 etc.
2221 2198 2240 2222 (ι
2267 2183 2410 2233 Hanc,

1382 2259 1431 2297 ut
1450 2256 1549 2297 dicit
1568 2254 1800 2307 Gregorius
1820 2254 1863 2305 2¹,
1888 2254 2092 2295 debemus
2120 2255 2236 2294 tanto
2257 2252 2412 2293 sollici-

1382 2328 1467 2368 tius
1495 2327 1746 2378 formidare,
1767 2328 1924 2379 quanto
1945 2337 2040 2366 eam
2072 2336 2158 2366 non
2186 2336 2412 2377 possumus

1382 2398 1630 2452 praevidere.
1654 2411 1673 2435 »

1435 2471 1492 2513 Et
1512 2480 1607 2511 cum
1620 2469 1846 2522 plicuisset
1866 2468 2042 2519 librum,
2065 2469 2144 2508 etc.
2168 2466 2243 2507 Hic
2260 2469 2412 2520 quarto

1382 2542 1493 2592 1000,
1516 2543 1740 2594 postquam
1767 2539 1974 2592 descripta
2004 2540 2065 2579 est
2096 2538 2341 2590 congruitas
2368 2538 2413 2578 in

1382 2611 1653 2662 testimonio,
1689 2612 1860 2651 notatur
1899 2609 2124 2650 credulitas
2162 2610 2206 2649 in
2240 2608 2409 2662 populo.

1383 2683 1445 2724 Ad
1479 2694 1610 2736 quam
1644 2681 1987 2734 exprimendam,
2007 2680 2248 2721 insinuatur
2268 2680 2311 2720 in
2337 2679 2410 2720 do-

1382 2758 1501 2797 cente
1537 2753 1759 2795 maturitas
1787 2765 1796 2803 ;
1827 2752 1873 2792 in
1892 2752 2012 2805 plebe
2050 2751 2276 2792 adsistente
2296 2783 2307 2802 ,
2341 2763 2412 2792 au-

1381 2825 1522 2867 diendi
1551 2823 1756 2874 aviditas;
1781 2823 1825 2863 10
1856 2822 2118 2873 erudItione,
2153 2822 2334 2871 veritas;
2366 2821 2410 2860 10

1381 2896 1578 2948 eruditiS,
1614 2894 1856 2936 credulitas
1876 2893 1940 2934 Ad
1972 2893 2295 2946 exprimendam
2323 2891 2407 2943 igi-

1380 2970 1451 3009 tur
1484 2966 1772 3008 maturitatem
1809 2964 1855 3005 in
1893 2964 2089 3014 docente,
2125 2963 2279 3003 dicitur
2309 2976 2317 3003 z
2350 2963 2409 3005 Ei

1381 3049 1476 3081 cum
1499 3038 1723 3091 plicuisset
1753 3035 1929 3085 librum,
1961 3033 2156 3075 reddidit
2185 3033 2406 3083 ministro,

1380 3115 1416 3153 ei
1469 3108 1593 3152 sedit.
1644 3107 1767 3148 Prius
1807 3107 1922 3146 stans
1953 3104 2116 3155 legerat
2167 3104 2407 3157 accipiendo

1379 3182 1539 3223 librum
1559 3191 1659 3220 cum
1678 3177 1915 3219 humilitate
1927 3189 1937 3226 ;
1962 3187 2078 3217 nunc
2098 3176 2255 3228 reddit,
2278 3179 2319 3218 et
2339 3188 2404 3218 se·
2426 3187 2546 3214 sedere.

1380 3254 1440 3295 dit
1456 3263 1554 3294 cum
1573 3249 1822 3292 auctoritate
1843 3262 1852 3289 ι
1875 3247 2020 3289 sedere
2050 3247 2187 3298 enim,
2211 3250 2272 3289 est
2297 3248 2405 3289 indi-

1382 3360 1406 3383 ¹²
1425 3360 1504 3398 lsa„
1526 3366 1609 3398 xxx,
1632 3358 1682 3389 14.
1701 3373 1743 3379 —
1761 3355 1788 3377 1³
1807 3354 1897 3386 Psal.
1913 3362 1949 3393 11,
1965 3356 1995 3387 9.
2018 3372 2052 3377 —
2075 3355 2102 3376 ¹⁵
2127 3355 2276 3394 lMach.,
2297 3362 2330 3395 x,
2353 3356 2404 3387 34.

1379 3424 1417 3431 —-
1437 3408 1464 3430 ¹⁵
1481 3405 1569 3438 Psal.
1592 3411 1684 3444 ΜΝ,
1711 3405 1761 3435 12.
1778 3420 1819 3426 —-
1838 3402 1864 3424 ¹⁶
1884 3402 2001 3440 Levia,
2023 3409 2101 3439 xm,
2121 3404 2170 3434 13.
2188 3420 2229 3425 —
2248 3403 2272 3424 1⁷
2292 3402 2404 3441 Dent„

1377 3462 1435 3496 XV,
1456 3458 1482 3486 1.
1504 3469 1545 3476 —
1573 3453 1600 3474 ¹⁸
1622 3450 1739 3488 Ecclz'.,
1761 3457 1885 3490 xxxni,
1906 3450 1936 3481 7.
1954 3467 1994 3472 —
2021 3450 2047 3470 ¹³
2068 3450 2147 3490 Isa„
2176 3456 2275 3488 Lxur,
2306 3450 2335 3480 4.
2364 3465 2404 3472 —

1378 3503 1402 3522 2⁰
1422 3503 1432 3533 l
1458 3501 1578 3541 Thess„
1595 3507 1628 3540 v,
1649 3501 1680 3530 2.
1701 3498 1779 3523 —21
1803 3499 1918 3540 Greg,
1935 3497 2073 3539 Moral.,
2091 3498 2148 3530 lib.
2170 3498 2243 3538 vll,
2259 3505 2288 3529 0.
2308 3504 2402 3536 xxm

1378 3550 1412 3582 z'n
1429 3549 1572 3590 Evanq„
1590 3547 1686 3580 hom.
1705 3553 1767 3579 xu.
