2634 3853
138 1408 247 1434 Contra

107 1457 180 1475 vane
189 1448 250 1483 glo-

108 1497 212 1518 nosos·

273 244 349 281 379.

268 329 312 369 in
331 329 412 369 hoc
429 330 641 381 tempore,
662 330 700 369 et
726 330 884 377 tempus
911 322 1085 365 'ridendi
1116 322 1229 372 post,
1253 319 1296 358 in

270 399 514 440 aeternitate.
539 398 618 439 Sed
646 398 785 438 fatuus
803 408 889 435 non
918 394 1011 434 vult
1029 403 1142 432 nunc
1161 389 1293 430 conti-

269 483 369 511 nere
389 483 414 510 a
434 470 523 510 risu
538 471 570 509 ¹:
590 468 780 508 «Fatuus
796 467 838 505 iu
859 465 947 505 risu
975 462 1129 503 exaltat
1148 471 1296 500 vocem

270 555 412 591 suam3
435 541 499 580 vir
519 542 659 579 autem
678 537 844 589 sapiens
860 535 932 575 vix
953 533 1074 574 tacite
1090 531 1254 571 ridebit.
1273 544 1291 566 n

270 612 360 652 lmo
392 611 666 652 Ecclesiastes
697 607 746 659 (a)
788 611 800 631 ‘²
835 618 844 645 :
878 621 896 643 <t
927 604 1074 644 Risum
1102 601 1296 654 reputavi

270 694 477 730 errorem,
501 683 539 720 et
562 678 719 730 gaudio
739 677 849 717 dixi:
880 676 986 724 Quid
1008 676 1164 715 frustra
1185 672 1294 713 deci-

270 753 416 806 peris?
435 767 453 789 »
481 750 606 791 Stulti
634 760 737 801 ergo
763 750 861 788 sunt
889 747 962 800 qui
994 758 1109 786 nunc
1138 744 1295 792 rident,

269 827 310 864 et
331 823 539 876 sapientes
560 820 633 874 qui
652 832 766 860 nunc
798 818 966 870 lugent,
996 815 1228 857 secundum
1247 815 1297 854 il-

269 895 342 935 lud
362 898 375 919 3
395 908 403 933 :
435 909 453 932 (ι
473 893 551 934 Cor
569 891 822 944 sapientium
839 921 848 938 ,
870 888 944 929 ubi
964 887 1135 928 tristitia
1154 889 1235 935 est,
1259 887 1299 925 et

268 978 339 1006 cor
369 964 615 1012 stultorum,
642 962 717 1003 ubi
745 960 905 1001 laetitia.
937 975 954 997 »
984 959 1158 1010 Propter
1185 955 1298 1008 quod

269 1037 421 1077 dicitur
452 1035 588 1076 stultis
617 1037 658 1073 et
683 1031 910 1073 mundanis
930 1030 972 1070 ¹0:
1007 1045 1023 1067 (ι
1055 1028 1156 1068 Ecce
1186 1025 1299 1066 servi

268 1108 352 1148 mei
369 1106 600 1147 laudabunt
615 1116 703 1157 prae
719 1103 978 1144 exultatione
996 1100 1146 1149 cordis,
1165 1101 1206 1139 et
1223 1109 1299 1138 vos

268 1177 500 1219 clamabitis
523 1188 610 1228 prae
630 1175 773 1216 dolore
794 1173 949 1223 cordis,
974 1175 1014 1212 et
1035 1182 1122 1224 prae
1143 1168 1300 1210 contri-

267 1250 381 1290 tione
422 1247 593 1301 spiritus
629 1245 868 1294 ululabitis;
906 1259 924 1281 »
960 1242 1115 1283 50111061
1150 1241 1195 1280 in
1230 1241 1298 1280 in-

268 1321 386 1360 ferno
401 1320 438 1359 ⁵:
461 1334 479 1357 α
496 1318 556 1359 lbi
570 1317 648 1358 erit
668 1317 808 1366 ssetuS,
825 1318 865 1356 et
885 1314 1037 1355 stridor
1054 1312 1255 1353 dentium.
1276 1326 1294 1348 n

321 1390 437 1432 Vane
459 1389 656 1442 gloriosis
670 1387 954 1428 comminatur
969 1398 1034 1425 vae
1054 1382 1301 1436 sempiterni

269 1465 554 1514 contemptus,
576 1472 674 1501 cum
695 1459 837 1499 subdit
858 1460 919 1508 (v.
943 1457 1011 1508 026)
1031 1472 1039 1496 :
1070 1456 1140 1497 Voe
1160 1454 1299 1504 vobis,

270 1545 363 1576 cum
381 1532 676 1575 benedioeerz'm
698 1530 816 1573 vobis
839 1539 976 1571 onmes
998 1527 1210 1575 homines,
1234 1538 1303 1566 va-

270 1606 336 1645 nis
359 1605 513 1645 scilicet
538 1603 736 1644 laudibus
765 1599 1002 1642 extollendo
1020 1599 1060 1639 6:
1087 1614 1105 1637 (ι
1127 1597 1205 1646 Qui
1228 1596 1299 1636 be-

271 1676 424 1717 nedicit
456 1674 651 1728 proximo
684 1686 760 1713 suo
790 1684 891 1712 voce
923 1669 1076 1722 grandi
1102 1669 1153 1709 de
1182 1670 1303 1708 nocte

272 1758 552 1798 consurgens,
574 1743 838 1785 maledicenti
858 1741 1006 1782 similis
1026 1739 1119 1780 erit.
1141 1753 1159 1776 ›)
1181 1737 1301 1787 Quia,

272 1819 379 1859 sicut
401 1817 554 1858 dieitur
572 1815 586 1836 ⁷
609 1829 617 1856 ε
647 1830 665 1852 α
695 1814 832 1854 Erunt
858 1812 934 1865 qui
959 1810 1201 1851 beatificant
1228 1820 1302 1861 po-

272 1890 424 1943 pulum
450 1889 579 1929 istum
605 1887 874 1935 seducentes3
897 1885 938 1925 e't
961 1883 1032 1936 qui
1059 1881 1302 1922 beatifican-

272 1964 361 2012 tur,
395 1959 661 2013 praecipitati.
694 1973 712 1996 »
752 1956 1075 2009 Praecipitantur
1108 1953 1223 1993 enim
1253 1963 1307 1992 ex

273 2031 605 2074 vanislaudibus
625 2029 668 2069 in
688 2027 963 2082 opprobrium
984 2025 1304 2077 sempiternum,

275 2105 378 2145 dum
410 2116 463 2143 ex
495 2102 576 2141 illis
615 2100 899 2147 extolluntur,
939 2096 1172 2138 secundum
1204 2093 1308 2134 illud

275 2175 348 2218 Job
368 2178 407 2214 ⁸:
436 2189 455 2212 α
474 2171 657 2214 Elevasti
678 2183 761 2220 me,
784 2172 824 2210 et
847 2169 893 2222 (b)
913 2168 1034 2222 quasi
1054 2178 1181 2218 super
1200 2177 1309 2207 ven-

276 2248 369 2286 tum
386 2255 561 2298 ponens,
583 2257 601 2279 »
623 2241 780 2281 50111061
800 2251 921 2280 vanae
942 2237 1099 2286 laudis,
1127 2252 1145 2274 «
1166 2234 1309 2276 elisisti

277 2316 429 2357 valide.
463 2330 482 2353 »
524 2314 574 2354 Et
618 2313 718 2365 quia
752 2310 920 2352 difficile
958 2312 1020 2350 est
1062 2305 1311 2360 hujusmodi

276 2387 423 2428 laudes
443 2385 591 2435 vitare,
613 2382 840 2435 subjungit
860 2380 1105 2432 exemplum
1122 2393 1130 2419 :
1162 2378 1312 2419 Secun-

280 2459 382 2500 dum
401 2457 487 2498 lzoec
511 2456 557 2508 (c)
579 2455 693 2496 enim
711 2452 922 2505 faciebam
935 2450 1150 2504 prophetis
1170 2453 1312 2502 patres

280 2540 440 2579 eorum3
469 2526 704 2580 prophetis,
733 2525 931 2577 inquam,
959 2534 1045 2562 non
1074 2521 1208 2571 veris,
1240 2519 1312 2560 sed

278 2601 407 2641 falsis.
427 2599 545 2640 Unde
566 2597 708 2638 Glossa
725 2610 734 2637 ε
764 2611 782 2634 (‹
802 2594 1109 2635 Benedicebant
1130 2591 1310 2644 pseudo--

281 2670 520 2725 prophetis,
540 2669 612 2722 qui
632 2668 684 2708 ad
704 2665 961 2719 captandum
980 2665 1170 2704 favorem
1190 2662 1314 2714 vulgi

283 2742 334 2783 de
363 2741 488 2782 corde
520 2751 597 2780 suo
631 2735 1001 2792 prophetabant⁹z
1039 2750 1059 2773 (1
1083 2734 1241 2786 Stupor
1275 2735 1316 2773 et

284 2811 497 2853 mirabilia
515 2811 623 2850 facta
640 2811 740 2849 sunt
758 2809 802 2848 in
822 2810 935 2848 terra
952 2821 960 2847 :
984 2806 1203 2859 prophetae
1223 2818 1316 2857 pro-

284 2883 514 2936 phetabant
527 2880 813 2931 mendacium,
834 2882 874 2920 et
891 2879 1125 2919 sacerdotes
1145 2877 1316 2930 applau-

286 2953 440 2995 debant
463 2952 660 2993 manibus
687 2951 803 2991 suis:
839 2954 878 2991 et
903 2949 1085 3003 populus
1111 2961 1233 2989 meus
1253 2948 1317 2989 di-

285 3025 389 3065 lexit
405 3023 517 3064 talia.
534 3022 614 3062 »In
632 3022 712 3062 1100
728 3033 834 3073 ergo
852 3021 965 3073 quod
983 3020 1163 3060 ostendit
1184 3019 1317 3060 malos

286 3095 483 3138 homines
500 3094 663 3134 laudari
683 3106 707 3133 a
725 3092 1117 3146 pseudoprophetis,
1140 3092 1318 3131 ostendit

289 3167 466 3209 omnino
487 3165 840 3206 contemnendum
861 3175 950 3204 esse
968 3164 1159 3204 favorem
1182 3175 1318 3215 popu-

288 3240 422 3280 larem
443 3238 471 3259 ¹⁰
490 3248 499 3276 ε
525 3252 543 3274 «
564 3236 671 3277 Deus
693 3230 914 3289 dissipavit
933 3246 1026 3276 ossa
1046 3246 1218 3283 eorum,
1244 3232 1319 3286 qui

289 3309 536 3351 hominibus
562 3306 724 3360 placent
747 3321 755 3347 z
785 3306 946 3346 confusi
972 3308 1091 3356 sunt,
1118 3304 1320 3357 quoniam

338 3444 345 3461 ¹
364 3441 483 3482 Eos-li„
504 3447 577 3477 XXI,
594 3439 645 3470 23.
666 3455 707 3461 —
721 3437 732 3455 ²
750 3436 925 3475 Eccle.,11,
949 3438 978 3467 2.
993 3454 1034 3459 —
1054 3436 1067 3458 ³
1088 3436 1186 3475 thid„
1208 3444 1269 3478 vll,
1289 3439 1319 3468 5.

291 3506 331 3513 --
353 3489 367 3511 ⁸
389 3490 469 3526 Im„
497 3494 577 3526 va,
600 3487 650 3517 14.
669 3502 711 3509 —
736 3485 746 3502 ⁵
768 3483 905 3522 Mallia„
927 3491 1007 3523 vni,
1038 3485 1086 3515 12.
1109 3501 1147 3506 —-
1172 3485 1184 3503 ⁸
1209 3484 1319 3523 Prov„

292 3544 406 3576 xxvn,
436 3537 486 3567 14.
513 3552 553 3558 —
582 3533 595 3555 ⁷
621 3533 701 3574 Isa.‚
727 3540 782 3570 1x,
815 3532 863 3563 16.
884 3549 923 3554 —
951 3531 964 3552 ⁸
986 3530 1065 3570 Job,
1095 3538 1183 3571 xxx,
1210 3533 1262 3562 12.
1281 3549 1322 3555 -

994 229 1276 274 EVANGELll
1309 227 1495 270 SANCTI
1525 228 1674 269 LUCAE

1371 317 1481 358 Deus
1513 316 1672 369 sprevit
1702 326 1786 356 eos.
1819 329 1838 353 n
1865 316 1951 357 Hoc
1979 320 2122 358 autem
2153 317 2309 358 dictum
2343 319 2404 357 est

1371 399 1457 427 non
1485 387 1535 427 de
1560 387 1647 436 his,
1676 386 1749 438 qui
1774 386 1885 426 bona
1904 387 2097 439 exempla
2118 390 2158 428 et
2176 386 2404 428 laudabilia

1371 458 1538 510 populis
1557 457 1785 498 ostendunt
1811 457 1862 497 ad
1889 457 2022 497 Deum
2052 459 2401 510 glorificandum,

1372 540 1471 567 cum
1499 529 1661 568 dicatur
1683 529 1707 549 ¹¹
1732 543 1738 568 :
1771 544 1789 564 «
1809 527 1965 568 Luceat
1992 528 2066 568 lux
2095 532 2235 569 vestra
2262 540 2404 569 coram

1372 600 1632 649 hominibus,
1654 603 1699 639 ut
1721 599 1890 639 videant
1906 611 2033 651 opera
2054 602 2196 640 vestra
2212 599 2342 649 hona,
2364 602 2404 639 et

1374 671 1614 722 glorificent
1654 670 1822 711 Patrem
1866 673 2058 711 vestrum
2096 669 2170 722 qui
2209 669 2253 708 in
2291 668 2406 708 006115

1373 745 1460 792 651;
1484 757 1502 779 ))
1528 743 1597 783 sed
1618 743 1668 783 de
1694 742 1781 792 1115,
1811 741 1884 794 qui
1910 741 2128 794 propriam
2157 739 2338 791 gloriam
2363 739 2407 778 in

1374 814 1574 867 placendo
1609 814 1855 855 hominibus
1887 816 1927 853 et
1958 813 2001 852 in
2031 824 2181 853 eorum
2211 810 2408 851 laudibus

1373 889 1594 939 quaa-runt,
1626 886 1779 926 dicitur
1800 886 1828 907 ¹2
1855 897 1864 925 :
1894 884 1976 925 «Si
1997 884 2136 925 adhuc
2160 881 2408 924 hominibus

1373 958 1606 1010 placerem,
1630 957 1782 997 Christi
1804 968 1952 997 servus
1970 968 2057 997 non
2077 967 2228 996 essem.
2252 970 2271 992 n

1427 1029 1532 1069 Nota
1552 1028 1619 1067 hic
1639 1028 1689 1068 de
1709 1028 1952 1068 diversitate
1973 1027 2082 1067 111161·
2102 1024 2349 1067 Matthaeum
2368 1027 2408 1065 et

1374 1100 1554 1150 Lucam,
1588 1099 1702 1151 quod
1734 1098 1869 1139 Lucas
1896 1098 2012 1151 ponit
2041 1096 2340 1150 promissiones
2369 1098 2410 1136 et

1375 1171 1744 1219 comminationes,
1769 1170 1995 1210 Matthaeus
2015 1172 2158 1210 autem
2181 1168 2289 1208 solas
2307 1179 2408 1220 pro-

1376 1242 1596 1283 missiones
1625 1241 1759 1294 ponit.
1792 1240 1966 1293 Propter
1997 1240 2110 1293 quod
2133 1239 2314 1289 videtur,
2342 1238 2411 1279 vel

1375 1315 1488 1367 quod
1508 1314 1613 1354 alter
1633 1313 1786 1353 dixerit
1807 1312 2030 1362 diminute,
2053 1311 2122 1352 vel
2143 1311 2249 1351 alter
2269 1321 2411 1362 super-

1376 1387 1475 1426 flue.
1500 1384 1578 1426 Sed
1607 1387 1716 1425 certe
1742 1387 1877 1437 potest
1903 1383 2144 1436 responderi
2173 1381 2409 1422 secundum

1377 1457 1488 1509 quod
1527 1456 1670 1497 Glossa
1707 1455 1868 1506 innuit,
1910 1458 1950 1495 et
1983 1453 2254 1506 Augustinus
2285 1452 2406 1500 dicit,

1377 1527 1489 1580 quod
1512 1527 1621 1567 alius
1638 1526 1716 1566 fuit
1733 1537 1874 1566 sermo
1894 1525 1982 1576 1110,
2001 1528 2042 1565 61
2058 1524 2165 1565 alius
2185 1523 2297 1577 apud
2312 1522 2410 1563 Mat-

1377 1601 1554 1641 thaeum.
1575 1600 1704 1651 Cujus
1726 1598 1946 1638 diversitas
1975 1610 2029 1637 ex
2056 1597 2158 1637 locis
2178 1596 2407 1647 colligitur,

1378 1674 1418 1711 et
1450 1670 1663 1722 personis,
1696 1672 1737 1709 et
1770 1668 2019 1721 praeceptis:
2048 1679 2150 1707 nam
2178 1667 2247 1707 ille
2276 1667 2411 1706 factus

1378 1743 1439 1780 est
1459 1739 1694 1792 discipulis,
1719 1739 1796 1778 iste
1817 1737 1981 1778 turbis:
2002 1737 2073 1777 ille
2098 1736 2301 1787 sedendo,
2332 1736 2411 1777 iste

1380 1811 1546 1851 stando:
1567 1810 1635 1850 ille
1654 1810 1701 1850 111
1716 1812 1874 1859 monte,
1893 1809 1971 1849 iste
1990 1809 2034 1849 in
2053 1809 2144 1849 loco
2164 1807 2408 1861 campestri:

1379 1882 1448 1922 ille
1478 1882 1602 1935 plura
1629 1882 1881 1922 documenta
1915 1880 2125 1931 0011111161,
2156 1892 2284 1933 quam
2307 1880 2410 1920 iste:

1380 1954 1449 1994 ille
1481 1956 1640 2007 septem
1672 1953 1979 2005 beatitudines,
2016 1952 2093 1993 iste
2122 1955 2318 2005 quatuor.
2350 1951 2414 1992 Ex

1381 2025 1536 2077 quibus
1559 2024 1757 2064 omnibus
1780 2023 1998 2075 colligitur
2029 2023 2144 2076 quod
2174 2022 2254 2063 fuit
2282 2022 2412 2073 alius,

1381 2099 1507 2148 atque
1527 2095 1650 2135 alius.
1672 2093 1754 2135 Nec
1770 2094 2000 2144 immerito,
2021 2093 2123 2146 quia
2143 2093 2246 2145 aliis,
2266 2095 2307 2134 et
2322 2093 2415 2133 aliis

1381 2168 1585 2219 personis,
1609 2165 1729 2206 aliter
1749 2168 1788 2206 et
1808 2165 1929 2205 aliter
1949 2168 2012 2205 est
2030 2165 2307 2217 loquendum.
2329 2164 2416 2205 Dis-

1383 2237 1534 2289 cipulis
1551 2237 1666 2277 enim
1687 2238 1893 2288 tanquam
1916 2235 2234 2288 perfectioribus
2254 2235 2412 2287 perfec-

1383 2308 1479 2348 tiori
1513 2307 1636 2348 modo
1670 2307 1908 2348 debuerunt
1941 2306 2139 2346 mandata
2170 2305 2416 2358 evangelica

1384 2379 1584 2432 explicari
1599 2393 1608 2429 3
1625 2378 1764 2419 turbae
1783 2390 1884 2419 vero
1903 2390 1990 2418 non
2011 2379 2186 2430 possunt
2200 2377 2252 2418 ad
2268 2376 2417 2417 altiora

1384 2451 1676 2491 conscendere.
1702 2449 1798 2490 ideo
1828 2461 1913 2489 non
1942 2449 2046 2489 adeo
2077 2449 2255 2502 perfecte
2279 2447 2414 2500 expli-

1385 2526 1503 2563 catur
1523 2521 1704 2563 verbum
1724 2519 1795 2560 Dei
1818 2519 1954 2560 turbis
1968 2551 1978 2568 ,
2000 2520 2109 2560 sicut
2130 2518 2341 2572 apostolis.
2367 2517 2417 2559 Et

1385 2593 1486 2646 quia
1522 2591 1693 2645 perfecti
1730 2594 1959 2633 moventur
1985 2603 2150 2642 amore,
2186 2590 2419 2643 imperfecti

1385 2677 1489 2706 vero
1515 2676 1600 2705 non
1631 2663 1770 2704 solum
1793 2675 1959 2713 amore,
1991 2663 2063 2703 sed
2087 2661 2216 2702 simul
2241 2661 2418 2702 commi-

1386 2735 1567 2776 nationis
1594 2734 1747 2774 timore
1770 2748 1778 2774 ε
1810 2734 1904 2775 ideo
1926 2734 1971 2773 in
1998 2745 2192 2774 sermone
2217 2732 2421 2786 apostolo-

1386 2820 1485 2848 rum
1515 2809 1735 2860 ponuntur
1763 2806 2043 2847 beatitudines
2069 2808 2109 2846 et
2140 2817 2226 2846 non
2254 2816 2338 2852 vae;
2375 2804 2420 2842 in

1387 2890 1581 2919 sermone
1609 2878 1860 2926 turbarum,
1889 2879 1930 2917 et
1956 2876 2254 2926 beatitudines,
2277 2877 2316 2915 et
2334 2885 2415 2915 vae.

1389 2949 1549 2991 Rursus
1583 2948 1683 3002 quia
1710 2948 1883 3002 perfecti
1919 2948 2155 2989 conformes
2178 2945 2420 2987 efficiuntur

1390 3021 1554 3063 Christo
1568 3033 1642 3074 per
1665 3020 1954 3072 septiformem
1977 3018 2190 3071 spiritum,
2212 3018 2285 3069 qui
2306 3016 2332 3037 ¹³
2351 3027 2418 3056 re-
2474 3037 2477 3038 ν

1390 3093 1550 3146 quievit
1582 3103 1709 3144 super
1744 3102 1864 3140 eum3
1895 3090 1988 3129 ideo
2015 3091 2174 3141 septem
2204 3090 2422 3140 ponuntur

1390 3162 1692 3213 beatitudines,
1728 3164 1888 3214 septem
1919 3159 2039 3200 donis
2076 3158 2257 3212 Spiritus
2290 3159 2422 3200 sancti

1391 3235 1548 3276 scilicet
1572 3233 1884 3275 concordantes.
1908 3230 1985 3271 Hic
2010 3233 2211 3272 notantur
2236 3233 2422 3284 quatuor

1391 3370 1403 3385 ⁹
1423 3368 1556 3404 Jerem„
1578 3373 1610 3405 v,
1629 3367 1679 3396 31.
1700 3380 1739 3387 —
1761 3363 1784 3383 ¹⁰
1803 3361 1894 3394 Psal.
1917 3370 1983 3402 Lu,
2006 3365 2035 3395 6.
2052 3380 2091 3386 —
2119 3363 2143 3384 ¹¹
2160 3362 2297 3401 Matth„
2317 3370 2348 3403 V,
2372 3363 2420 3394 15.

1392 3432 1433 3437 —
1452 3415 1480 3435 1²
1500 3412 1589 3452 Gal„
1612 3420 1635 3452 1,
1658 3414 1708 3443 10.
1723 3429 1764 3434 —
1787 3410 1813 3432 ¹³
1833 3410 1914 3449 lsa„
1935 3417 1984 3451 XI,
2003 3412 2034 3441 2.

1438 3485 1478 3526 (α)
1502 3484 1583 3524 Caet.
1599 3482 1680 3513 edit.
1701 3481 1736 3512 in
1757 3480 2006 3512 Ecclesiastico.
2018 3499 2059 3505 —
2077 3480 2120 3523 (b)
2141 3482 2222 3514 Coet.
2241 3480 2321 3513 edit.
2336 3479 2424 3511 deest

1395 3537 1438 3565 et.
1454 3550 1496 3556 —
1516 3532 1557 3572 (c)
1580 3530 1666 3562 Edit.
1691 3530 1765 3562 Vat.
1791 3528 1897 3569 laune-5
1918 3529 1997 3560 edit.
2020 3530 2107 3561 Ven.
2128 3529 2226 3562 hunc.
