<?xml version="1.0" encoding="UTF-8"?>
<!DOCTYPE html PUBLIC "-//W3C//DTD XHTML 1.0 Transitional//EN"
    "http://www.w3.org/TR/xhtml1/DTD/xhtml1-transitional.dtd">
<html xmlns="http://www.w3.org/1999/xhtml" xml:lang="en" lang="en">
 <head>
  <title>
</title>
<meta http-equiv="Content-Type" content="text/html;charset=utf-8" />
  <meta name='ocr-system' content='tesseract 3.04.00' />
  <meta name='ocr-capabilities' content='ocr_page ocr_carea ocr_par ocr_line ocrx_word'/>
</head>
<body>
  <div class='ocr_page' id='page_1' title='image "./operaomniasixtiv10bonauoft/operaomniasixtiv10bonauoft_0510.png"; bbox 0 0 2634 3853; ppageno 0'>
   <div class='ocr_carea' id='block_1_1' title="bbox 247 200 1654 245">
    <p class='ocr_par' dir='ltr' id='par_1_1' title="bbox 247 200 1654 245">
     <span class='ocr_line' id='line_1_1' title="bbox 247 200 1654 245; baseline 0.006 -8"><span class='ocrx_word' id='word_1_1' title='bbox 247 200 323 240; x_wconf 63' lang='grc' dir='ltr'>Δ488</span> <span class='ocrx_word' id='word_1_2' title='bbox 972 200 1255 241; x_wconf 83' lang='lat' dir='ltr'><strong>EVANGELII</strong></span> <span class='ocrx_word' id='word_1_3' title='bbox 1286 200 1473 243; x_wconf 87' lang='lat' dir='ltr'>SANCTI</span> <span class='ocrx_word' id='word_1_4' title='bbox 1506 203 1654 245; x_wconf 84' lang='lat' dir='ltr'>LUCAE</span> 
     </span>
    </p>
   </div>
   <div class='ocr_carea' id='block_1_2' title="bbox 194 287 1271 3385">
    <p class='ocr_par' dir='ltr' id='par_1_2' title="bbox 194 287 1271 3385">
     <span class='ocr_line' id='line_1_2' title="bbox 244 287 1270 341; baseline 0.001 -14"><span class='ocrx_word' id='word_1_5' title='bbox 244 289 286 327; x_wconf 93' lang='lat' dir='ltr'>in</span> <span class='ocrx_word' id='word_1_6' title='bbox 307 299 489 340; x_wconf 89' lang='lat' dir='ltr'>quarum</span> <span class='ocrx_word' id='word_1_7' title='bbox 510 287 648 341; x_wconf 91' lang='lat' dir='ltr'>prima</span> <span class='ocrx_word' id='word_1_8' title='bbox 676 287 946 340; x_wconf 86' lang='lat' dir='ltr'>praemittitur</span> <span class='ocrx_word' id='word_1_9' title='bbox 977 288 1121 328; x_wconf 90' lang='lat' dir='ltr'>missio</span> <span class='ocrx_word' id='word_1_10' title='bbox 1148 288 1270 330; x_wconf 89' lang='lat' dir='ltr'>disci-</span> 
     </span>
     <span class='ocr_line' id='line_1_3' title="bbox 244 357 1271 411; baseline 0 -13"><span class='ocrx_word' id='word_1_11' title='bbox 244 357 443 411; x_wconf 88' lang='lat' dir='ltr'>pulorum</span> <span class='ocrx_word' id='word_1_12' title='bbox 460 358 778 407; x_wconf 78' lang='lat' dir='ltr'>comitantium,</span> <span class='ocrx_word' id='word_1_13' title='bbox 802 358 845 397; x_wconf 92' lang='lat' dir='ltr'>in</span> <span class='ocrx_word' id='word_1_14' title='bbox 870 358 1053 398; x_wconf 90' lang='lat' dir='ltr'>secunda</span> <span class='ocrx_word' id='word_1_15' title='bbox 1079 370 1181 398; x_wconf 88' lang='lat' dir='ltr'>vero</span> <span class='ocrx_word' id='word_1_16' title='bbox 1201 359 1271 399; x_wconf 92' lang='lat' dir='ltr'>ad-</span> 
     </span>
     <span class='ocr_line' id='line_1_4' title="bbox 244 429 1268 481; baseline 0.004 -13"><span class='ocrx_word' id='word_1_17' title='bbox 244 429 358 469; x_wconf 85' lang='lat' dir='ltr'>ditur</span> <span class='ocrx_word' id='word_1_18' title='bbox 377 429 616 470; x_wconf 82' lang='lat' dir='ltr'>informatio</span> <span class='ocrx_word' id='word_1_19' title='bbox 633 429 847 480; x_wconf 87' lang='lat' dir='ltr'>euntium,</span> <span class='ocrx_word' id='word_1_20' title='bbox 870 429 926 468; x_wconf 85' lang='lat' dir='ltr'>ibi</span> <span class='ocrx_word' id='word_1_21' title='bbox 950 429 1010 480; x_wconf 90' lang='lat' dir='ltr'>(v.</span> <span class='ocrx_word' id='word_1_22' title='bbox 1035 429 1081 481; x_wconf 78' lang='lat'>4)</span> <span class='ocrx_word' id='word_1_23' title='bbox 1104 444 1112 469; x_wconf 90' lang='lat'>:</span> <span class='ocrx_word' id='word_1_24' title='bbox 1131 429 1268 472; x_wconf 75' lang='lat' dir='ltr'>Nolite</span> 
     </span>
     <span class='ocr_line' id='line_1_5' title="bbox 241 498 1268 551; baseline -0.001 -10"><span class='ocrx_word' id='word_1_25' title='bbox 241 503 413 551; x_wconf 77' lang='lat' dir='ltr'>portare</span> <span class='ocrx_word' id='word_1_26' title='bbox 430 510 561 551; x_wconf 74' lang='lat' dir='ltr'>neque.</span> <span class='ocrx_word' id='word_1_27' title='bbox 589 498 827 548; x_wconf 77' lang='lat' dir='ltr'>sacculwn,</span> <span class='ocrx_word' id='word_1_28' title='bbox 850 501 945 548; x_wconf 84' lang='lat' dir='ltr'>etc.;</span> <span class='ocrx_word' id='word_1_29' title='bbox 967 499 1011 538; x_wconf 92' lang='lat' dir='ltr'>in</span> <span class='ocrx_word' id='word_1_30' title='bbox 1028 499 1149 539; x_wconf 85' lang='lat' dir='ltr'>tertia</span> <span class='ocrx_word' id='word_1_31' title='bbox 1169 501 1268 540; x_wconf 89' lang='lat' dir='ltr'>sub—</span> 
     </span>
     <span class='ocr_line' id='line_1_6' title="bbox 243 569 1266 623; baseline 0.002 -13"><span class='ocrx_word' id='word_1_32' title='bbox 243 570 359 610; x_wconf 88' lang='lat' dir='ltr'>ditur</span> <span class='ocrx_word' id='word_1_33' title='bbox 384 570 610 610; x_wconf 85' lang='lat' dir='ltr'>consolatio</span> <span class='ocrx_word' id='word_1_34' title='bbox 642 569 930 619; x_wconf 76' lang='lat' dir='ltr'>redeuntium,</span> <span class='ocrx_word' id='word_1_35' title='bbox 965 570 1050 622; x_wconf 87' lang='lat' dir='ltr'>ibi(</span> <span class='ocrx_word' id='word_1_36' title='bbox 1076 583 1116 612; x_wconf 90' lang='lat' dir='ltr'>v.</span> <span class='ocrx_word' id='word_1_37' title='bbox 1149 574 1197 611; x_wconf 56' lang='lat'>117</span> <span class='ocrx_word' id='word_1_38' title='bbox 1219 572 1229 623; x_wconf 81' lang='grc'>)</span> <span class='ocrx_word' id='word_1_39' title='bbox 1256 585 1266 612; x_wconf 92' lang='lat'>:</span> 
     </span>
     <span class='ocr_line' id='line_1_7' title="bbox 244 641 1269 693; baseline 0 -10"><span class='ocrx_word' id='word_1_40' title='bbox 244 642 415 683; x_wconf 73' lang='lat' dir='ltr'>Reversz&#39;</span> <span class='ocrx_word' id='word_1_41' title='bbox 444 644 544 682; x_wconf 77' lang='lat' dir='ltr'>sunt</span> <span class='ocrx_word' id='word_1_42' title='bbox 577 645 714 682; x_wconf 74' lang='lat' dir='ltr'>amem</span> <span class='ocrx_word' id='word_1_43' title='bbox 750 641 1024 693; x_wconf 71' lang='lat' dir='ltr'>septuaqinta</span> <span class='ocrx_word' id='word_1_44' title='bbox 1059 641 1142 683; x_wconf 81' lang='lat' dir='ltr'>duo</span> <span class='ocrx_word' id='word_1_45' title='bbox 1175 653 1269 684; x_wconf 82' lang='lat' dir='ltr'>cum</span> 
     </span>
     <span class='ocr_line' id='line_1_8' title="bbox 243 710 1268 765; baseline 0 -12"><span class='ocrx_word' id='word_1_46' title='bbox 243 712 401 764; x_wconf 74' lang='lat' dir='ltr'>yauclio</span> <span class='ocrx_word' id='word_1_47' title='bbox 419 743 427 762; x_wconf 87' lang='lat'>,</span> <span class='ocrx_word' id='word_1_48' title='bbox 446 713 522 751; x_wconf 85' lang='lat' dir='ltr'>etc.</span> <span class='ocrx_word' id='word_1_49' title='bbox 547 710 772 751; x_wconf 89' lang='lat' dir='ltr'>Mittuntur</span> <span class='ocrx_word' id='word_1_50' title='bbox 791 714 933 751; x_wconf 89' lang='lat' dir='ltr'>autem</span> <span class='ocrx_word' id='word_1_51' title='bbox 954 712 1148 765; x_wconf 86' lang='lat' dir='ltr'>discipuli</span> <span class='ocrx_word' id='word_1_52' title='bbox 1171 725 1268 753; x_wconf 91' lang='lat' dir='ltr'>cum</span> 
     </span>
     <span class='ocr_line' id='line_1_9' title="bbox 243 781 1268 834; baseline 0.002 -12"><span class='ocrx_word' id='word_1_53' title='bbox 243 782 489 822; x_wconf 89' lang='lat' dir='ltr'>auctoritate</span> <span class='ocrx_word' id='word_1_54' title='bbox 518 781 650 823; x_wconf 84' lang='lat' dir='ltr'>divini</span> <span class='ocrx_word' id='word_1_55' title='bbox 681 782 869 834; x_wconf 88' lang='lat' dir='ltr'>imperii;</span> <span class='ocrx_word' id='word_1_56' title='bbox 901 783 1185 825; x_wconf 78' lang='lat' dir='ltr'>informantur</span> <span class='ocrx_word' id='word_1_57' title='bbox 1215 796 1268 825; x_wconf 80' lang='lat' dir='ltr'>ex</span> 
     </span>
     <span class='ocr_line' id='line_1_10' title="bbox 242 851 1268 904; baseline 0.002 -11"><span class='ocrx_word' id='word_1_58' title='bbox 242 853 417 893; x_wconf 86' lang='lat' dir='ltr'>veritate</span> <span class='ocrx_word' id='word_1_59' title='bbox 448 851 580 893; x_wconf 88' lang='lat' dir='ltr'>divini</span> <span class='ocrx_word' id='word_1_60' title='bbox 611 852 844 904; x_wconf 80' lang='lat' dir='ltr'>magisterii</span> <span class='ocrx_word' id='word_1_61' title='bbox 863 867 872 902; x_wconf 88' lang='lat'>;</span> <span class='ocrx_word' id='word_1_62' title='bbox 910 853 1179 894; x_wconf 78' lang='lat' dir='ltr'>consolantur</span> <span class='ocrx_word' id='word_1_63' title='bbox 1215 867 1268 895; x_wconf 81' lang='lat' dir='ltr'>ex</span> 
     </span>
     <span class='ocr_line' id='line_1_11' title="bbox 242 922 1267 967; baseline 0.004 -4"><span class='ocrx_word' id='word_1_64' title='bbox 242 923 520 964; x_wconf 75' lang='lat' dir='ltr'>familiaritate</span> <span class='ocrx_word' id='word_1_65' title='bbox 534 922 666 964; x_wconf 91' lang='lat' dir='ltr'>divini</span> <span class='ocrx_word' id='word_1_66' title='bbox 686 923 966 964; x_wconf 84' lang='lat' dir='ltr'>contubernii.</span> <span class='ocrx_word' id='word_1_67' title='bbox 984 924 1107 965; x_wconf 84' lang='lat' dir='ltr'>Mittit</span> <span class='ocrx_word' id='word_1_68' title='bbox 1126 928 1267 967; x_wconf 88' lang='lat' dir='ltr'>autem</span> 
     </span>
     <span class='ocr_line' id='line_1_12' title="bbox 241 994 1268 1047; baseline 0.004 -13"><span class='ocrx_word' id='word_1_69' title='bbox 241 994 465 1047; x_wconf 91' lang='lat' dir='ltr'>discipulos</span> <span class='ocrx_word' id='word_1_70' title='bbox 501 994 707 1034; x_wconf 84' lang='lat' dir='ltr'>Dominus</span> <span class='ocrx_word' id='word_1_71' title='bbox 744 994 796 1034; x_wconf 92' lang='lat' dir='ltr'>ad</span> <span class='ocrx_word' id='word_1_72' title='bbox 835 995 1150 1047; x_wconf 84' lang='lat' dir='ltr'>praedicandum</span> <span class='ocrx_word' id='word_1_73' title='bbox 1188 997 1268 1038; x_wconf 84' lang='lat' dir='ltr'>hoc</span> 
     </span>
     <span class='ocr_line' id='line_1_13' title="bbox 241 1062 1267 1115; baseline 0.002 -12"><span class='ocrx_word' id='word_1_74' title='bbox 241 1062 386 1103; x_wconf 86' lang='lat' dir='ltr'>ordine</span> <span class='ocrx_word' id='word_1_75' title='bbox 413 1076 422 1103; x_wconf 71' lang='grc' dir='ltr'>ε</span> <span class='ocrx_word' id='word_1_76' title='bbox 455 1062 594 1115; x_wconf 92' lang='lat' dir='ltr'>primo</span> <span class='ocrx_word' id='word_1_77' title='bbox 636 1063 896 1114; x_wconf 88' lang='lat' dir='ltr'>designando</span> <span class='ocrx_word' id='word_1_78' title='bbox 933 1075 1002 1103; x_wconf 91' lang='lat' dir='ltr'>eos</span> <span class='ocrx_word' id='word_1_79' title='bbox 1034 1065 1267 1105; x_wconf 88' lang='lat' dir='ltr'>secundum</span> 
     </span>
     <span class='ocr_line' id='line_1_14' title="bbox 239 1133 1267 1186; baseline 0.003 -13"><span class='ocrx_word' id='word_1_80' title='bbox 239 1133 430 1173; x_wconf 89' lang='lat' dir='ltr'>debitum</span> <span class='ocrx_word' id='word_1_81' title='bbox 450 1145 679 1173; x_wconf 90' lang='lat' dir='ltr'>numerum</span> <span class='ocrx_word' id='word_1_82' title='bbox 698 1146 707 1183; x_wconf 83' lang='lat'><em>3</em></span> <span class='ocrx_word' id='word_1_83' title='bbox 733 1134 917 1174; x_wconf 89' lang='lat' dir='ltr'>secundo</span> <span class='ocrx_word' id='word_1_84' title='bbox 934 1165 946 1184; x_wconf 91' lang='lat'>,</span> <span class='ocrx_word' id='word_1_85' title='bbox 972 1135 1267 1186; x_wconf 85' lang='lat' dir='ltr'>praemittendo</span> 
     </span>
     <span class='ocr_line' id='line_1_15' title="bbox 239 1204 1263 1257; baseline 0.003 -14"><span class='ocrx_word' id='word_1_86' title='bbox 239 1204 480 1256; x_wconf 86' lang='lat' dir='ltr'>designatos</span> <span class='ocrx_word' id='word_1_87' title='bbox 508 1204 553 1243; x_wconf 91' lang='lat' dir='ltr'>in</span> <span class='ocrx_word' id='word_1_88' title='bbox 583 1215 754 1244; x_wconf 91' lang='lat' dir='ltr'>omnem</span> <span class='ocrx_word' id='word_1_89' title='bbox 783 1204 996 1245; x_wconf 88' lang='lat' dir='ltr'>civitatem</span> <span class='ocrx_word' id='word_1_90' title='bbox 1027 1208 1068 1246; x_wconf 89' lang='lat' dir='ltr'>et</span> <span class='ocrx_word' id='word_1_91' title='bbox 1102 1206 1263 1257; x_wconf 88' lang='lat' dir='ltr'>locum;</span> 
     </span>
     <span class='ocr_line' id='line_1_16' title="bbox 238 1274 1266 1328; baseline 0.003 -13"><span class='ocrx_word' id='word_1_92' title='bbox 238 1275 384 1326; x_wconf 84' lang='lat' dir='ltr'>tertio,</span> <span class='ocrx_word' id='word_1_93' title='bbox 403 1274 447 1315; x_wconf 87' lang='lat' dir='ltr'>in</span> <span class='ocrx_word' id='word_1_94' title='bbox 467 1275 735 1316; x_wconf 88' lang='lat' dir='ltr'>accelerando</span> <span class='ocrx_word' id='word_1_95' title='bbox 754 1275 994 1328; x_wconf 87' lang='lat' dir='ltr'>praemissos</span> <span class='ocrx_word' id='word_1_96' title='bbox 1015 1277 1067 1317; x_wconf 89' lang='lat' dir='ltr'>ad</span> <span class='ocrx_word' id='word_1_97' title='bbox 1087 1278 1266 1319; x_wconf 88' lang='lat' dir='ltr'>salutem</span> 
     </span>
     <span class='ocr_line' id='line_1_17' title="bbox 237 1346 1264 1398; baseline 0.002 -11"><span class='ocrx_word' id='word_1_98' title='bbox 237 1346 493 1396; x_wconf 81' lang='lat' dir='ltr'>electorum3</span> <span class='ocrx_word' id='word_1_99' title='bbox 519 1348 684 1398; x_wconf 87' lang='lat' dir='ltr'>quarto,</span> <span class='ocrx_word' id='word_1_100' title='bbox 715 1346 760 1386; x_wconf 92' lang='lat' dir='ltr'>in</span> <span class='ocrx_word' id='word_1_101' title='bbox 791 1347 1080 1388; x_wconf 82' lang='lat' dir='ltr'>confirmando</span> <span class='ocrx_word' id='word_1_102' title='bbox 1109 1349 1264 1390; x_wconf 90' lang='lat' dir='ltr'>accele-</span> 
     </span>
     <span class='ocr_line' id='line_1_18' title="bbox 239 1417 1266 1470; baseline 0.004 -14"><span class='ocrx_word' id='word_1_103' title='bbox 239 1420 350 1457; x_wconf 88' lang='lat' dir='ltr'>ratos</span> <span class='ocrx_word' id='word_1_104' title='bbox 388 1419 533 1457; x_wconf 86' lang='lat' dir='ltr'>contra</span> <span class='ocrx_word' id='word_1_105' title='bbox 566 1417 729 1457; x_wconf 83' lang='lat' dir='ltr'>rabiem</span> <span class='ocrx_word' id='word_1_106' title='bbox 759 1419 1091 1470; x_wconf 81' lang='lat' dir='ltr'>persecutorum.</span> <span class='ocrx_word' id='word_1_107' title='bbox 1123 1420 1266 1461; x_wconf 89' lang='lat' dir='ltr'>Primo</span> 
     </span>
     <span class='ocr_line' id='line_1_19' title="bbox 238 1488 1268 1542; baseline 0.003 -14"><span class='ocrx_word' id='word_1_108' title='bbox 238 1500 341 1540; x_wconf 88' lang='lat' dir='ltr'>ergo</span> <span class='ocrx_word' id='word_1_109' title='bbox 354 1520 365 1538; x_wconf 94' lang='lat'>,</span> <span class='ocrx_word' id='word_1_110' title='bbox 389 1490 597 1540; x_wconf 90' lang='lat' dir='ltr'>quantum</span> <span class='ocrx_word' id='word_1_111' title='bbox 619 1488 671 1528; x_wconf 88' lang='lat' dir='ltr'>ad</span> <span class='ocrx_word' id='word_1_112' title='bbox 690 1488 993 1541; x_wconf 89' lang='lat' dir='ltr'>discipulorum</span> <span class='ocrx_word' id='word_1_113' title='bbox 1013 1489 1268 1542; x_wconf 90' lang='lat' dir='ltr'>designatio-</span> 
     </span>
     <span class='ocr_line' id='line_1_20' title="bbox 237 1560 1263 1612; baseline 0.003 -13"><span class='ocrx_word' id='word_1_114' title='bbox 237 1572 334 1600; x_wconf 90' lang='lat' dir='ltr'>nem</span> <span class='ocrx_word' id='word_1_115' title='bbox 354 1560 586 1600; x_wconf 89' lang='lat' dir='ltr'>secundum</span> <span class='ocrx_word' id='word_1_116' title='bbox 615 1560 804 1600; x_wconf 85' lang='lat' dir='ltr'>debitum</span> <span class='ocrx_word' id='word_1_117' title='bbox 836 1572 1068 1602; x_wconf 90' lang='lat' dir='ltr'>numerum</span> <span class='ocrx_word' id='word_1_118' title='bbox 1088 1593 1098 1612; x_wconf 91' lang='lat'>,</span> <span class='ocrx_word' id='word_1_119' title='bbox 1127 1562 1228 1602; x_wconf 92' lang='lat' dir='ltr'>dicit</span> <span class='ocrx_word' id='word_1_120' title='bbox 1253 1577 1263 1603; x_wconf 74' lang='grc' dir='ltr'>ι</span> 
     </span>
     <span class='ocr_line' id='line_1_21' title="bbox 239 1631 1266 1683; baseline 0.001 -9"><span class='ocrx_word' id='word_1_121' title='bbox 239 1633 335 1674; x_wconf 77' lang='lat' dir='ltr'>Post</span> <span class='ocrx_word' id='word_1_122' title='bbox 350 1632 438 1673; x_wconf 72' lang='lat' dir='ltr'>lioec</span> <span class='ocrx_word' id='word_1_123' title='bbox 453 1635 594 1674; x_wconf 80' lang='lat' dir='ltr'>autem</span> <span class='ocrx_word' id='word_1_124' title='bbox 615 1631 863 1683; x_wconf 68' lang='lat' dir='ltr'>clesiqnavz‘c</span> <span class='ocrx_word' id='word_1_125' title='bbox 883 1632 1086 1674; x_wconf 77' lang='lat' dir='ltr'>Dominus</span> <span class='ocrx_word' id='word_1_126' title='bbox 1101 1636 1139 1674; x_wconf 76' lang='lat' dir='ltr'>et</span> <span class='ocrx_word' id='word_1_127' title='bbox 1158 1633 1266 1675; x_wconf 77' lang='lat' dir='ltr'>alios</span> 
     </span>
     <span class='ocr_line' id='line_1_22' title="bbox 237 1702 1262 1755; baseline -0.002 -10"><span class='ocrx_word' id='word_1_128' title='bbox 237 1702 645 1755; x_wconf 71' lang='lat' dir='ltr'>septicaqz&#39;ntacluos.</span> <span class='ocrx_word' id='word_1_129' title='bbox 668 1702 911 1754; x_wconf 84' lang='lat' dir='ltr'>Designavit</span> <span class='ocrx_word' id='word_1_130' title='bbox 940 1703 1103 1755; x_wconf 82' lang='lat' dir='ltr'>utique,</span> <span class='ocrx_word' id='word_1_131' title='bbox 1129 1704 1171 1743; x_wconf 89' lang='lat' dir='ltr'>id</span> <span class='ocrx_word' id='word_1_132' title='bbox 1187 1706 1262 1754; x_wconf 81' lang='lat' dir='ltr'>est,</span> 
     </span>
     <span class='ocr_line' id='line_1_23' title="bbox 236 1772 1266 1826; baseline 0.002 -12"><span class='ocrx_word' id='word_1_133' title='bbox 236 1775 454 1825; x_wconf 77' lang='lat' dir='ltr'>signanter</span> <span class='ocrx_word' id='word_1_134' title='bbox 481 1773 639 1824; x_wconf 80' lang='lat' dir='ltr'>elegit,</span> <span class='ocrx_word' id='word_1_135' title='bbox 669 1772 904 1812; x_wconf 89' lang='lat' dir='ltr'>secundum</span> <span class='ocrx_word' id='word_1_136' title='bbox 936 1773 1039 1813; x_wconf 87' lang='lat' dir='ltr'>illud</span> <span class='ocrx_word' id='word_1_137' title='bbox 1060 1775 1071 1795; x_wconf 77' lang='lat'>1</span> <span class='ocrx_word' id='word_1_138' title='bbox 1095 1790 1103 1813; x_wconf 89' lang='lat'>:</span> <span class='ocrx_word' id='word_1_139' title='bbox 1133 1789 1152 1813; x_wconf 79' lang='lat'>«</span> <span class='ocrx_word' id='word_1_140' title='bbox 1174 1774 1266 1826; x_wconf 89' lang='lat' dir='ltr'>Ego</span> 
     </span>
     <span class='ocr_line' id='line_1_24' title="bbox 237 1843 1263 1898; baseline 0.001 -13"><span class='ocrx_word' id='word_1_141' title='bbox 237 1845 345 1896; x_wconf 89' lang='lat' dir='ltr'>elegi</span> <span class='ocrx_word' id='word_1_142' title='bbox 366 1856 463 1895; x_wconf 85' lang='lat' dir='ltr'>vos,</span> <span class='ocrx_word' id='word_1_143' title='bbox 485 1847 526 1885; x_wconf 90' lang='lat' dir='ltr'>et</span> <span class='ocrx_word' id='word_1_144' title='bbox 547 1843 667 1896; x_wconf 85' lang='lat' dir='ltr'>posui</span> <span class='ocrx_word' id='word_1_145' title='bbox 687 1855 783 1893; x_wconf 85' lang='lat' dir='ltr'>vos,</span> <span class='ocrx_word' id='word_1_146' title='bbox 803 1857 821 1881; x_wconf 83' lang='lat'>›&gt;</span> <span class='ocrx_word' id='word_1_147' title='bbox 847 1846 925 1884; x_wconf 93' lang='lat' dir='ltr'>etc.</span> <span class='ocrx_word' id='word_1_148' title='bbox 949 1844 1065 1886; x_wconf 90' lang='lat' dir='ltr'>Unde</span> <span class='ocrx_word' id='word_1_149' title='bbox 1084 1845 1129 1886; x_wconf 91' lang='lat' dir='ltr'>in</span> <span class='ocrx_word' id='word_1_150' title='bbox 1149 1847 1263 1898; x_wconf 90' lang='lat' dir='ltr'>glos-</span> 
     </span>
     <span class='ocr_line' id='line_1_25' title="bbox 236 1915 1266 1970; baseline 0.002 -13"><span class='ocrx_word' id='word_1_151' title='bbox 236 1930 281 1957; x_wconf 90' lang='lat' dir='ltr'>sa</span> <span class='ocrx_word' id='word_1_152' title='bbox 305 1931 313 1957; x_wconf 90' lang='lat'>:</span> <span class='ocrx_word' id='word_1_153' title='bbox 344 1933 362 1955; x_wconf 71' lang='grc' dir='ltr'>(ι</span> <span class='ocrx_word' id='word_1_154' title='bbox 381 1916 500 1957; x_wconf 88' lang='lat' dir='ltr'>Sicut</span> <span class='ocrx_word' id='word_1_155' title='bbox 519 1916 563 1956; x_wconf 86' lang='lat' dir='ltr'>in</span> <span class='ocrx_word' id='word_1_156' title='bbox 591 1915 790 1968; x_wconf 88' lang='lat' dir='ltr'>apostolis</span> <span class='ocrx_word' id='word_1_157' title='bbox 809 1915 944 1956; x_wconf 88' lang='lat' dir='ltr'>forma</span> <span class='ocrx_word' id='word_1_158' title='bbox 970 1919 1032 1957; x_wconf 91' lang='lat' dir='ltr'>est</span> <span class='ocrx_word' id='word_1_159' title='bbox 1058 1918 1266 1970; x_wconf 89' lang='lat' dir='ltr'>episcopo-</span> 
     </span>
     <span class='ocr_line' id='line_1_26' title="bbox 236 1987 1267 2040; baseline 0.003 -11"><span class='ocrx_word' id='word_1_160' title='bbox 236 2001 354 2040; x_wconf 89' lang='lat' dir='ltr'>rum,</span> <span class='ocrx_word' id='word_1_161' title='bbox 389 1988 449 2028; x_wconf 89' lang='lat' dir='ltr'>sic</span> <span class='ocrx_word' id='word_1_162' title='bbox 476 1988 519 2027; x_wconf 90' lang='lat' dir='ltr'>in</span> <span class='ocrx_word' id='word_1_163' title='bbox 547 1987 820 2040; x_wconf 74' lang='lat' dir='ltr'>septuaginta</span> <span class='ocrx_word' id='word_1_164' title='bbox 845 1988 1011 2029; x_wconf 92' lang='lat' dir='ltr'>duobus</span> <span class='ocrx_word' id='word_1_165' title='bbox 1039 1990 1177 2030; x_wconf 84' lang='lat' dir='ltr'>forma</span> <span class='ocrx_word' id='word_1_166' title='bbox 1205 1994 1267 2032; x_wconf 90' lang='lat' dir='ltr'>est</span> 
     </span>
     <span class='ocr_line' id='line_1_27' title="bbox 235 2058 1266 2113; baseline 0.004 -13"><span class='ocrx_word' id='word_1_167' title='bbox 235 2060 581 2113; x_wconf 79' lang='lat' dir='ltr'>presbyterorum</span> <span class='ocrx_word' id='word_1_168' title='bbox 600 2058 772 2099; x_wconf 89' lang='lat' dir='ltr'>secundi</span> <span class='ocrx_word' id='word_1_169' title='bbox 804 2059 978 2099; x_wconf 86' lang='lat' dir='ltr'>ordinis.</span> <span class='ocrx_word' id='word_1_170' title='bbox 1014 2059 1084 2100; x_wconf 89' lang='lat' dir='ltr'>Isti</span> <span class='ocrx_word' id='word_1_171' title='bbox 1113 2061 1266 2103; x_wconf 89' lang='lat' dir='ltr'>debent</span> 
     </span>
     <span class='ocr_line' id='line_1_28' title="bbox 236 2129 1262 2184; baseline 0.002 -12"><span class='ocrx_word' id='word_1_172' title='bbox 236 2144 261 2172; x_wconf 86' lang='lat' dir='ltr'>a</span> <span class='ocrx_word' id='word_1_173' title='bbox 279 2132 362 2172; x_wconf 90' lang='lat' dir='ltr'>Deo</span> <span class='ocrx_word' id='word_1_174' title='bbox 380 2130 616 2182; x_wconf 88' lang='lat' dir='ltr'>designari,</span> <span class='ocrx_word' id='word_1_175' title='bbox 636 2130 676 2170; x_wconf 92' lang='lat' dir='ltr'>id</span> <span class='ocrx_word' id='word_1_176' title='bbox 694 2132 777 2181; x_wconf 88' lang='lat' dir='ltr'>est,</span> <span class='ocrx_word' id='word_1_177' title='bbox 799 2129 851 2170; x_wconf 89' lang='lat' dir='ltr'>ad</span> <span class='ocrx_word' id='word_1_178' title='bbox 866 2130 1071 2172; x_wconf 88' lang='lat' dir='ltr'>honorem</span> <span class='ocrx_word' id='word_1_179' title='bbox 1089 2135 1262 2184; x_wconf 79' lang='lat' dir='ltr'>assumi,</span> 
     </span>
     <span class='ocr_line' id='line_1_29' title="bbox 237 2200 1266 2255; baseline 0.002 -12"><span class='ocrx_word' id='word_1_180' title='bbox 237 2202 469 2243; x_wconf 86' lang='lat' dir='ltr'>secundum</span> <span class='ocrx_word' id='word_1_181' title='bbox 500 2201 604 2241; x_wconf 90' lang='lat' dir='ltr'>illud</span> <span class='ocrx_word' id='word_1_182' title='bbox 633 2203 647 2224; x_wconf 88' lang='lat'>²</span> <span class='ocrx_word' id='word_1_183' title='bbox 677 2212 686 2240; x_wconf 91' lang='lat'>:</span> <span class='ocrx_word' id='word_1_184' title='bbox 715 2216 734 2239; x_wconf 75' lang='grc' dir='ltr'>α</span> <span class='ocrx_word' id='word_1_185' title='bbox 765 2200 849 2240; x_wconf 91' lang='lat' dir='ltr'>Nec</span> <span class='ocrx_word' id='word_1_186' title='bbox 880 2202 1107 2255; x_wconf 87' lang='lat' dir='ltr'>quisquam</span> <span class='ocrx_word' id='word_1_187' title='bbox 1137 2205 1266 2245; x_wconf 87' lang='lat' dir='ltr'>sumit</span> 
     </span>
     <span class='ocr_line' id='line_1_30' title="bbox 237 2271 1267 2327; baseline 0.003 -14"><span class='ocrx_word' id='word_1_188' title='bbox 237 2272 316 2313; x_wconf 85' lang='lat' dir='ltr'>sihi</span> <span class='ocrx_word' id='word_1_189' title='bbox 335 2273 540 2313; x_wconf 88' lang='lat' dir='ltr'>honorem</span> <span class='ocrx_word' id='word_1_190' title='bbox 553 2303 562 2321; x_wconf 90' lang='lat'>,</span> <span class='ocrx_word' id='word_1_191' title='bbox 587 2271 657 2312; x_wconf 91' lang='lat' dir='ltr'>sed</span> <span class='ocrx_word' id='word_1_192' title='bbox 678 2271 751 2324; x_wconf 91' lang='lat' dir='ltr'>qui</span> <span class='ocrx_word' id='word_1_193' title='bbox 778 2274 954 2312; x_wconf 87' lang='lat' dir='ltr'>vocatur</span> <span class='ocrx_word' id='word_1_194' title='bbox 974 2285 999 2312; x_wconf 93' lang='lat' dir='ltr'>a</span> <span class='ocrx_word' id='word_1_195' title='bbox 1020 2274 1103 2314; x_wconf 91' lang='lat' dir='ltr'>Deo</span> <span class='ocrx_word' id='word_1_196' title='bbox 1123 2286 1267 2327; x_wconf 91' lang='lat' dir='ltr'>quem-</span> 
     </span>
     <span class='ocr_line' id='line_1_31' title="bbox 237 2340 1267 2396; baseline 0.002 -12"><span class='ocrx_word' id='word_1_197' title='bbox 237 2343 468 2385; x_wconf 82' lang='lat' dir='ltr'>admodum</span> <span class='ocrx_word' id='word_1_198' title='bbox 497 2345 538 2383; x_wconf 91' lang='lat' dir='ltr'>et</span> <span class='ocrx_word' id='word_1_199' title='bbox 566 2342 723 2383; x_wconf 81' lang='lat' dir='ltr'>Aaron.</span> <span class='ocrx_word' id='word_1_200' title='bbox 746 2356 765 2380; x_wconf 83' lang='lat'>›&gt;</span> <span class='ocrx_word' id='word_1_201' title='bbox 799 2340 843 2382; x_wconf 91' lang='lat' dir='ltr'>In</span> <span class='ocrx_word' id='word_1_202' title='bbox 866 2344 989 2395; x_wconf 81' lang='lat' dir='ltr'>quus</span> <span class='ocrx_word' id='word_1_203' title='bbox 1010 2344 1267 2396; x_wconf 86' lang='lat' dir='ltr'>designatio-</span> 
     </span>
     <span class='ocr_line' id='line_1_32' title="bbox 236 2414 1264 2468; baseline 0.002 -13"><span class='ocrx_word' id='word_1_204' title='bbox 236 2415 302 2455; x_wconf 89' lang='lat' dir='ltr'>nis</span> <span class='ocrx_word' id='word_1_205' title='bbox 321 2414 614 2455; x_wconf 90' lang='lat' dir='ltr'>testimonium</span> <span class='ocrx_word' id='word_1_206' title='bbox 631 2414 782 2454; x_wconf 90' lang='lat' dir='ltr'>debent</span> <span class='ocrx_word' id='word_1_207' title='bbox 812 2425 901 2454; x_wconf 90' lang='lat' dir='ltr'>esse</span> <span class='ocrx_word' id='word_1_208' title='bbox 929 2415 1085 2467; x_wconf 88' lang='lat' dir='ltr'>signati</span> <span class='ocrx_word' id='word_1_209' title='bbox 1114 2417 1264 2468; x_wconf 88' lang='lat' dir='ltr'>signa-</span> 
     </span>
     <span class='ocr_line' id='line_1_33' title="bbox 238 2485 1266 2538; baseline 0.003 -12"><span class='ocrx_word' id='word_1_210' title='bbox 238 2486 332 2527; x_wconf 88' lang='lat' dir='ltr'>culo</span> <span class='ocrx_word' id='word_1_211' title='bbox 352 2486 512 2527; x_wconf 87' lang='lat' dir='ltr'>ordinis</span> <span class='ocrx_word' id='word_1_212' title='bbox 533 2485 787 2525; x_wconf 85' lang='lat' dir='ltr'>characteris</span> <span class='ocrx_word' id='word_1_213' title='bbox 811 2486 1076 2527; x_wconf 89' lang='lat' dir='ltr'>sacerdotalis</span> <span class='ocrx_word' id='word_1_214' title='bbox 1090 2519 1102 2538; x_wconf 94' lang='lat'>,</span> <span class='ocrx_word' id='word_1_215' title='bbox 1126 2491 1266 2529; x_wconf 85' lang='lat' dir='ltr'>tonsu-</span> 
     </span>
     <span class='ocr_line' id='line_1_34' title="bbox 236 2555 1266 2608; baseline 0.003 -10"><span class='ocrx_word' id='word_1_216' title='bbox 236 2569 310 2608; x_wconf 84' lang='lat' dir='ltr'>rae,</span> <span class='ocrx_word' id='word_1_217' title='bbox 345 2560 385 2597; x_wconf 92' lang='lat' dir='ltr'>et</span> <span class='ocrx_word' id='word_1_218' title='bbox 418 2556 547 2597; x_wconf 92' lang='lat' dir='ltr'>totius</span> <span class='ocrx_word' id='word_1_219' title='bbox 578 2555 830 2608; x_wconf 82' lang='lat' dir='ltr'>disciplinae,</span> <span class='ocrx_word' id='word_1_220' title='bbox 861 2559 902 2597; x_wconf 92' lang='lat' dir='ltr'>et</span> <span class='ocrx_word' id='word_1_221' title='bbox 934 2560 1266 2601; x_wconf 85' lang='lat' dir='ltr'>conversationis</span> 
     </span>
     <span class='ocr_line' id='line_1_35' title="bbox 238 2627 1265 2679; baseline 0.003 -10"><span class='ocrx_word' id='word_1_222' title='bbox 238 2628 534 2677; x_wconf 67' lang='lat' dir='ltr'>sanctissimae,</span> <span class='ocrx_word' id='word_1_223' title='bbox 557 2630 604 2667; x_wconf 93' lang='lat' dir='ltr'>ut</span> <span class='ocrx_word' id='word_1_224' title='bbox 633 2630 832 2679; x_wconf 82' lang='lat' dir='ltr'>appareat</span> <span class='ocrx_word' id='word_1_225' title='bbox 861 2627 954 2669; x_wconf 90' lang='lat' dir='ltr'>illos</span> <span class='ocrx_word' id='word_1_226' title='bbox 985 2641 1074 2670; x_wconf 91' lang='lat' dir='ltr'>esse</span> <span class='ocrx_word' id='word_1_227' title='bbox 1106 2631 1156 2671; x_wconf 90' lang='lat' dir='ltr'>de</span> <span class='ocrx_word' id='word_1_228' title='bbox 1185 2644 1265 2672; x_wconf 84' lang='lat' dir='ltr'>nu·</span> 
     </span>
     <span class='ocr_line' id='line_1_36' title="bbox 237 2698 1263 2755; baseline 0.004 -16"><span class='ocrx_word' id='word_1_229' title='bbox 237 2711 354 2739; x_wconf 89' lang='lat' dir='ltr'>mero</span> <span class='ocrx_word' id='word_1_230' title='bbox 374 2698 545 2739; x_wconf 89' lang='lat' dir='ltr'>illorum</span> <span class='ocrx_word' id='word_1_231' title='bbox 562 2698 613 2738; x_wconf 90' lang='lat' dir='ltr'>de</span> <span class='ocrx_word' id='word_1_232' title='bbox 633 2698 790 2749; x_wconf 90' lang='lat' dir='ltr'>quibus</span> <span class='ocrx_word' id='word_1_233' title='bbox 809 2698 961 2739; x_wconf 87' lang='lat' dir='ltr'>dicitur</span> <span class='ocrx_word' id='word_1_234' title='bbox 979 2700 993 2721; x_wconf 81' lang='lat'><strong>³</strong></span> <span class='ocrx_word' id='word_1_235' title='bbox 1014 2715 1022 2740; x_wconf 93' lang='lat'>:</span> <span class='ocrx_word' id='word_1_236' title='bbox 1053 2716 1071 2739; x_wconf 76' lang='grc' dir='ltr'>α</span> <span class='ocrx_word' id='word_1_237' title='bbox 1092 2701 1137 2741; x_wconf 91' lang='lat' dir='ltr'>In</span> <span class='ocrx_word' id='word_1_238' title='bbox 1156 2715 1263 2755; x_wconf 91' lang='lat' dir='ltr'>quo,</span> 
     </span>
     <span class='ocr_line' id='line_1_37' title="bbox 194 2768 1267 2827; baseline 0.004 -17"><span class='ocrx_word' id='word_1_239' title='bbox 194 2785 198 2788; x_wconf 90' lang='grc'><em>·</em></span> <span class='ocrx_word' id='word_1_240' title='bbox 239 2770 393 2810; x_wconf 88' lang='lat' dir='ltr'>scilicet</span> <span class='ocrx_word' id='word_1_241' title='bbox 411 2770 581 2821; x_wconf 88' lang='lat' dir='ltr'>spiritu,</span> <span class='ocrx_word' id='word_1_242' title='bbox 606 2768 765 2820; x_wconf 87' lang='lat' dir='ltr'>signati</span> <span class='ocrx_word' id='word_1_243' title='bbox 795 2769 891 2810; x_wconf 91' lang='lat' dir='ltr'>estis</span> <span class='ocrx_word' id='word_1_244' title='bbox 918 2771 964 2810; x_wconf 91' lang='lat' dir='ltr'>in</span> <span class='ocrx_word' id='word_1_245' title='bbox 991 2771 1101 2812; x_wconf 90' lang='lat' dir='ltr'>diem</span> <span class='ocrx_word' id='word_1_246' title='bbox 1126 2773 1175 2827; x_wconf 83' lang='lat' dir='ltr'>(a)</span> <span class='ocrx_word' id='word_1_247' title='bbox 1198 2786 1267 2814; x_wconf 89' lang='lat' dir='ltr'>re-</span> 
     </span>
     <span class='ocr_line' id='line_1_38' title="bbox 238 2835 1262 2889; baseline 0.005 -12"><span class='ocrx_word' id='word_1_248' title='bbox 238 2837 504 2889; x_wconf 84' lang='lat' dir='ltr'>demptionis.</span> <span class='ocrx_word' id='word_1_249' title='bbox 525 2850 544 2873; x_wconf 80' lang='lat'>»</span> <span class='ocrx_word' id='word_1_250' title='bbox 566 2835 813 2888; x_wconf 88' lang='lat' dir='ltr'>Designavit</span> <span class='ocrx_word' id='word_1_251' title='bbox 843 2840 985 2878; x_wconf 87' lang='lat' dir='ltr'>autem</span> <span class='ocrx_word' id='word_1_252' title='bbox 1014 2851 1085 2880; x_wconf 91' lang='lat' dir='ltr'>eos</span> <span class='ocrx_word' id='word_1_253' title='bbox 1113 2840 1156 2881; x_wconf 89' lang='lat' dir='ltr'>in</span> <span class='ocrx_word' id='word_1_254' title='bbox 1182 2854 1262 2882; x_wconf 89' lang='lat' dir='ltr'>nu-</span> 
     </span>
     <span class='ocr_line' id='line_1_39' title="bbox 239 2906 1265 2960; baseline 0.006 -12"><span class='ocrx_word' id='word_1_255' title='bbox 239 2919 356 2948; x_wconf 88' lang='lat' dir='ltr'>mero</span> <span class='ocrx_word' id='word_1_256' title='bbox 398 2906 667 2959; x_wconf 80' lang='lat' dir='ltr'>septuaginta</span> <span class='ocrx_word' id='word_1_257' title='bbox 702 2906 883 2947; x_wconf 84' lang='lat' dir='ltr'>duorum</span> <span class='ocrx_word' id='word_1_258' title='bbox 919 2908 996 2960; x_wconf 84' lang='lat' dir='ltr'>(b),</span> <span class='ocrx_word' id='word_1_259' title='bbox 1033 2912 1265 2954; x_wconf 90' lang='lat' dir='ltr'>secundum</span> 
     </span>
     <span class='ocr_line' id='line_1_40' title="bbox 238 2977 1265 3031; baseline 0.005 -12"><span class='ocrx_word' id='word_1_260' title='bbox 238 2979 353 3031; x_wconf 90' lang='lat' dir='ltr'>quod</span> <span class='ocrx_word' id='word_1_261' title='bbox 372 2977 580 3029; x_wconf 88' lang='lat' dir='ltr'>designati</span> <span class='ocrx_word' id='word_1_262' title='bbox 599 2978 768 3017; x_wconf 84' lang='lat' dir='ltr'>fuerant</span> <span class='ocrx_word' id='word_1_263' title='bbox 786 2978 831 3018; x_wconf 91' lang='lat' dir='ltr'>in</span> <span class='ocrx_word' id='word_1_264' title='bbox 850 2979 983 3019; x_wconf 90' lang='lat' dir='ltr'>veteri</span> <span class='ocrx_word' id='word_1_265' title='bbox 1012 2983 1265 3025; x_wconf 87' lang='lat' dir='ltr'>testamento</span> 
     </span>
     <span class='ocr_line' id='line_1_41' title="bbox 238 3048 1264 3106; baseline 0.006 -17"><span class='ocrx_word' id='word_1_266' title='bbox 238 3061 313 3101; x_wconf 87' lang='lat' dir='ltr'>per</span> <span class='ocrx_word' id='word_1_267' title='bbox 331 3050 378 3099; x_wconf 86' lang='lat' dir='ltr'>(c)</span> <span class='ocrx_word' id='word_1_268' title='bbox 390 3048 657 3100; x_wconf 81' lang='lat' dir='ltr'>septuaginta</span> <span class='ocrx_word' id='word_1_269' title='bbox 670 3048 847 3100; x_wconf 79' lang='lat' dir='ltr'>palmas,</span> <span class='ocrx_word' id='word_1_270' title='bbox 867 3050 941 3090; x_wconf 90' lang='lat' dir='ltr'>ubi</span> <span class='ocrx_word' id='word_1_271' title='bbox 955 3051 1110 3092; x_wconf 89' lang='lat' dir='ltr'>dicitur</span> <span class='ocrx_word' id='word_1_272' title='bbox 1123 3052 1136 3074; x_wconf 70' lang='lat'>¹*</span> <span class='ocrx_word' id='word_1_273' title='bbox 1149 3054 1264 3106; x_wconf 84' lang='lat' dir='ltr'>quod</span> 
     </span>
     <span class='ocr_line' id='line_1_42' title="bbox 237 3118 1260 3175; baseline 0.006 -16"><span class='ocrx_word' id='word_1_274' title='bbox 237 3120 283 3159; x_wconf 90' lang='lat' dir='ltr'>in</span> <span class='ocrx_word' id='word_1_275' title='bbox 312 3118 420 3159; x_wconf 89' lang='lat' dir='ltr'>Elim</span> <span class='ocrx_word' id='word_1_276' title='bbox 453 3120 571 3158; x_wconf 84' lang='lat' dir='ltr'>erant</span> <span class='ocrx_word' id='word_1_277' title='bbox 602 3118 822 3159; x_wconf 89' lang='lat' dir='ltr'>duodecim</span> <span class='ocrx_word' id='word_1_278' title='bbox 855 3120 989 3162; x_wconf 86' lang='lat' dir='ltr'>fontes</span> <span class='ocrx_word' id='word_1_279' title='bbox 1023 3135 1260 3175; x_wconf 89' lang='lat' dir='ltr'>aquarum,</span> 
     </span>
     <span class='ocr_line' id='line_1_43' title="bbox 237 3188 1261 3248; baseline 0.005 -17"><span class='ocrx_word' id='word_1_280' title='bbox 237 3189 377 3243; x_wconf 84' lang='lat' dir='ltr'>quoad</span> <span class='ocrx_word' id='word_1_281' title='bbox 414 3188 622 3242; x_wconf 86' lang='lat' dir='ltr'>apostolos</span> <span class='ocrx_word' id='word_1_282' title='bbox 647 3221 660 3239; x_wconf 94' lang='lat'>,</span> <span class='ocrx_word' id='word_1_283' title='bbox 698 3193 739 3229; x_wconf 88' lang='lat' dir='ltr'>et</span> <span class='ocrx_word' id='word_1_284' title='bbox 776 3192 1046 3244; x_wconf 80' lang='lat' dir='ltr'>septuaginta</span> <span class='ocrx_word' id='word_1_285' title='bbox 1083 3196 1261 3248; x_wconf 81' lang='lat' dir='ltr'>palmae,</span> 
     </span>
     <span class='ocr_line' id='line_1_44' title="bbox 238 3259 1264 3317; baseline 0.005 -15"><span class='ocrx_word' id='word_1_286' title='bbox 238 3260 377 3315; x_wconf 84' lang='lat' dir='ltr'>quoad</span> <span class='ocrx_word' id='word_1_287' title='bbox 397 3259 640 3312; x_wconf 77' lang='lat' dir='ltr'>discipulos,</span> <span class='ocrx_word' id='word_1_288' title='bbox 662 3259 712 3299; x_wconf 87' lang='lat' dir='ltr'>Et</span> <span class='ocrx_word' id='word_1_289' title='bbox 725 3260 769 3300; x_wconf 91' lang='lat' dir='ltr'>in</span> <span class='ocrx_word' id='word_1_290' title='bbox 783 3261 981 3305; x_wconf 77' lang='lat' dir='ltr'>Numeris</span> <span class='ocrx_word' id='word_1_291' title='bbox 1001 3265 1159 3317; x_wconf 88' lang='lat' dir='ltr'>signati</span> <span class='ocrx_word' id='word_1_292' title='bbox 1178 3268 1264 3308; x_wconf 84' lang='lat' dir='ltr'>fue-</span> 
     </span>
     <span class='ocr_line' id='line_1_45' title="bbox 238 3329 1261 3385; baseline 0.006 -12"><span class='ocrx_word' id='word_1_293' title='bbox 238 3334 339 3373; x_wconf 90' lang='lat' dir='ltr'>runt</span> <span class='ocrx_word' id='word_1_294' title='bbox 357 3331 401 3371; x_wconf 92' lang='lat' dir='ltr'>in</span> <span class='ocrx_word' id='word_1_295' title='bbox 423 3329 694 3383; x_wconf 81' lang='lat' dir='ltr'>septuaginta</span> <span class='ocrx_word' id='word_1_296' title='bbox 714 3331 838 3382; x_wconf 87' lang='lat' dir='ltr'>viris,</span> <span class='ocrx_word' id='word_1_297' title='bbox 868 3334 1023 3385; x_wconf 87' lang='lat' dir='ltr'>quibus</span> <span class='ocrx_word' id='word_1_298' title='bbox 1049 3336 1163 3378; x_wconf 86' lang='lat' dir='ltr'>dedit</span> <span class='ocrx_word' id='word_1_299' title='bbox 1187 3339 1261 3379; x_wconf 81' lang='lat' dir='ltr'>Do-</span> 
     </span>
    </p>
   </div>
   <div class='ocr_carea' id='block_1_3' title="bbox 240 3435 1262 3532">
    <p class='ocr_par' dir='ltr' id='par_1_3' title="bbox 240 3435 1262 3532">
     <span class='ocr_line' id='line_1_46' title="bbox 281 3435 1261 3483; baseline 0.017 -24"><span class='ocrx_word' id='word_1_300' title='bbox 281 3439 289 3458; x_wconf 80' lang='lat'>1</span> <span class='ocrx_word' id='word_1_301' title='bbox 311 3438 419 3476; x_wconf 63' lang='lat' dir='ltr'>joun„</span> <span class='ocrx_word' id='word_1_302' title='bbox 437 3444 494 3476; x_wconf 78' lang='lat' dir='ltr'>xv,</span> <span class='ocrx_word' id='word_1_303' title='bbox 519 3437 563 3467; x_wconf 81' lang='grc'>16.</span> <span class='ocrx_word' id='word_1_304' title='bbox 582 3452 616 3458; x_wconf 91' lang='lat'>-</span> <span class='ocrx_word' id='word_1_305' title='bbox 638 3436 652 3457; x_wconf 79' lang='lat'>²</span> <span class='ocrx_word' id='word_1_306' title='bbox 667 3435 779 3474; x_wconf 65' lang='lat' dir='ltr'>Helm,</span> <span class='ocrx_word' id='word_1_307' title='bbox 802 3444 831 3476; x_wconf 85' lang='grc' dir='ltr'>ν,</span> <span class='ocrx_word' id='word_1_308' title='bbox 854 3443 883 3470; x_wconf 79' lang='lat'>4.</span> <span class='ocrx_word' id='word_1_309' title='bbox 899 3455 939 3462; x_wconf 84' lang='lat'>-</span> <span class='ocrx_word' id='word_1_310' title='bbox 958 3439 969 3457; x_wconf 79' lang='lat'>³</span> <span class='ocrx_word' id='word_1_311' title='bbox 988 3440 1121 3482; x_wconf 58' lang='lat' dir='ltr'>Effles„</span> <span class='ocrx_word' id='word_1_312' title='bbox 1144 3451 1189 3483; x_wconf 74' lang='grc' dir='ltr'>ιν,</span> <span class='ocrx_word' id='word_1_313' title='bbox 1211 3446 1261 3475; x_wconf 87' lang='grc'>30.</span> 
     </span>
     <span class='ocr_line' id='line_1_47' title="bbox 240 3483 1262 3532; baseline 0.015 -24"><span class='ocrx_word' id='word_1_314' title='bbox 240 3502 278 3507; x_wconf 76' lang='grc'>..-</span> <span class='ocrx_word' id='word_1_315' title='bbox 299 3484 312 3506; x_wconf 64' lang='lat' dir='ltr'><em>b</em></span> <span class='ocrx_word' id='word_1_316' title='bbox 328 3483 450 3524; x_wconf 48' lang='grc' dir='ltr'>ῥῖψα.)</span> <span class='ocrx_word' id='word_1_317' title='bbox 469 3491 526 3523; x_wconf 61' lang='grc' dir='ltr'>μ’,</span> <span class='ocrx_word' id='word_1_318' title='bbox 551 3485 601 3515; x_wconf 71' lang='lat'>27.</span> <span class='ocrx_word' id='word_1_319' title='bbox 622 3500 661 3506; x_wconf 95' lang='lat'><strong>—</strong></span> <span class='ocrx_word' id='word_1_320' title='bbox 679 3484 692 3505; x_wconf 79' lang='lat'>⁸</span> <span class='ocrx_word' id='word_1_321' title='bbox 711 3483 825 3524; x_wconf 67' lang='lat' dir='ltr'>Num„</span> <span class='ocrx_word' id='word_1_322' title='bbox 845 3493 899 3526; x_wconf 70' lang='lat' dir='ltr'>M,</span> <span class='ocrx_word' id='word_1_323' title='bbox 920 3488 972 3527; x_wconf 71' lang='grc'>25,</span> <span class='ocrx_word' id='word_1_324' title='bbox 993 3490 1044 3520; x_wconf 76' lang='grc'>26.</span> <span class='ocrx_word' id='word_1_325' title='bbox 1067 3505 1105 3513; x_wconf 91' lang='grc'>-</span> <span class='ocrx_word' id='word_1_326' title='bbox 1125 3490 1138 3510; x_wconf 73' lang='lat'><strong>⁶</strong></span> <span class='ocrx_word' id='word_1_327' title='bbox 1155 3492 1262 3532; x_wconf 64' lang='lat' dir='ltr'>joan„</span> 
     </span>
    </p>
   </div>
   <div class='ocr_carea' id='block_1_4' title="bbox 1338 291 2374 3244">
    <p class='ocr_par' dir='ltr' id='par_1_4' title="bbox 1338 291 2371 2102">
     <span class='ocr_line' id='line_1_48' title="bbox 1344 291 2370 349; baseline 0.007 -19"><span class='ocrx_word' id='word_1_328' title='bbox 1344 291 1486 331; x_wconf 91' lang='lat' dir='ltr'>minus</span> <span class='ocrx_word' id='word_1_329' title='bbox 1507 291 1715 343; x_wconf 89' lang='lat' dir='ltr'>Spiritum</span> <span class='ocrx_word' id='word_1_330' title='bbox 1747 296 1939 334; x_wconf 86' lang='lat' dir='ltr'>sanctum</span> <span class='ocrx_word' id='word_1_331' title='bbox 1970 296 2273 349; x_wconf 86' lang='lat' dir='ltr'>prophetandi,</span> <span class='ocrx_word' id='word_1_332' title='bbox 2295 296 2370 337; x_wconf 88' lang='lat' dir='ltr'>ubi</span> 
     </span>
     <span class='ocr_line' id='line_1_49' title="bbox 1344 361 2366 421; baseline 0.008 -20"><span class='ocrx_word' id='word_1_333' title='bbox 1344 361 1496 402; x_wconf 90' lang='lat' dir='ltr'>dicitur</span> <span class='ocrx_word' id='word_1_334' title='bbox 1510 366 1523 387; x_wconf 74' lang='lat'><strong>⁸</strong></span> <span class='ocrx_word' id='word_1_335' title='bbox 1541 377 1550 403; x_wconf 76' lang='grc' dir='ltr'>ε</span> <span class='ocrx_word' id='word_1_336' title='bbox 1569 378 1588 401; x_wconf 82' lang='lat'>«</span> <span class='ocrx_word' id='word_1_337' title='bbox 1602 362 1784 404; x_wconf 83' lang='lat' dir='ltr'>Locutus</span> <span class='ocrx_word' id='word_1_338' title='bbox 1804 367 1865 404; x_wconf 90' lang='lat' dir='ltr'>est</span> <span class='ocrx_word' id='word_1_339' title='bbox 1884 365 2086 408; x_wconf 88' lang='lat' dir='ltr'>Dominus</span> <span class='ocrx_word' id='word_1_340' title='bbox 2100 368 2152 408; x_wconf 88' lang='lat' dir='ltr'>ad</span> <span class='ocrx_word' id='word_1_341' title='bbox 2172 367 2366 421; x_wconf 91' lang='lat' dir='ltr'>Moysen,</span> 
     </span>
     <span class='ocr_line' id='line_1_50' title="bbox 1343 433 2370 490; baseline 0.007 -18"><span class='ocrx_word' id='word_1_342' title='bbox 1343 433 1538 473; x_wconf 86' lang='lat' dir='ltr'>auferens</span> <span class='ocrx_word' id='word_1_343' title='bbox 1567 433 1617 474; x_wconf 93' lang='lat' dir='ltr'>de</span> <span class='ocrx_word' id='word_1_344' title='bbox 1648 433 1797 486; x_wconf 89' lang='lat' dir='ltr'>spiritu</span> <span class='ocrx_word' id='word_1_345' title='bbox 1828 435 1902 487; x_wconf 92' lang='lat' dir='ltr'>qui</span> <span class='ocrx_word' id='word_1_346' title='bbox 1931 439 2018 476; x_wconf 88' lang='lat' dir='ltr'>erat</span> <span class='ocrx_word' id='word_1_347' title='bbox 2050 437 2094 477; x_wconf 92' lang='lat' dir='ltr'>in</span> <span class='ocrx_word' id='word_1_348' title='bbox 2129 437 2294 490; x_wconf 87' lang='lat' dir='ltr'>Moyse,</span> <span class='ocrx_word' id='word_1_349' title='bbox 2329 439 2370 478; x_wconf 89' lang='lat' dir='ltr'>et</span> 
     </span>
     <span class='ocr_line' id='line_1_51' title="bbox 1342 503 2369 558; baseline 0.005 -15"><span class='ocrx_word' id='word_1_350' title='bbox 1342 503 1446 543; x_wconf 90' lang='lat' dir='ltr'>dans</span> <span class='ocrx_word' id='word_1_351' title='bbox 1473 504 1741 556; x_wconf 86' lang='lat' dir='ltr'>septuaginta</span> <span class='ocrx_word' id='word_1_352' title='bbox 1772 504 1890 545; x_wconf 91' lang='lat' dir='ltr'>viris.</span> <span class='ocrx_word' id='word_1_353' title='bbox 1920 519 1939 542; x_wconf 90' lang='lat'>»</span> <span class='ocrx_word' id='word_1_354' title='bbox 1974 504 2172 558; x_wconf 86' lang='lat' dir='ltr'>Sequitur</span> <span class='ocrx_word' id='word_1_355' title='bbox 2202 520 2211 548; x_wconf 77' lang='grc' dir='ltr'>ε</span> <span class='ocrx_word' id='word_1_356' title='bbox 2236 523 2255 546; x_wconf 73' lang='grc' dir='ltr'>(ι</span> <span class='ocrx_word' id='word_1_357' title='bbox 2289 508 2369 558; x_wconf 86' lang='lat' dir='ltr'>Qui</span> 
     </span>
     <span class='ocr_line' id='line_1_52' title="bbox 1342 574 2365 626; baseline 0.006 -13"><span class='ocrx_word' id='word_1_358' title='bbox 1342 574 1726 626; x_wconf 87' lang='lat' dir='ltr'>prophetaverunt,</span> <span class='ocrx_word' id='word_1_359' title='bbox 1750 587 1825 615; x_wconf 91' lang='lat' dir='ltr'>nec</span> <span class='ocrx_word' id='word_1_360' title='bbox 1845 575 1956 615; x_wconf 88' lang='lat' dir='ltr'>ultra</span> <span class='ocrx_word' id='word_1_361' title='bbox 1980 580 2263 618; x_wconf 88' lang='lat' dir='ltr'>cessaverunt.</span> <span class='ocrx_word' id='word_1_362' title='bbox 2287 578 2365 619; x_wconf 87' lang='lat' dir='ltr'>Rc-</span> 
     </span>
     <span class='ocr_line' id='line_1_53' title="bbox 1343 645 2366 688; baseline 0.006 -5"><span class='ocrx_word' id='word_1_363' title='bbox 1343 647 1584 685; x_wconf 87' lang='lat' dir='ltr'>manserant</span> <span class='ocrx_word' id='word_1_364' title='bbox 1600 648 1742 686; x_wconf 88' lang='lat' dir='ltr'>autem</span> <span class='ocrx_word' id='word_1_365' title='bbox 1761 646 1805 685; x_wconf 92' lang='lat' dir='ltr'>in</span> <span class='ocrx_word' id='word_1_366' title='bbox 1828 645 1974 685; x_wconf 89' lang='lat' dir='ltr'>castris</span> <span class='ocrx_word' id='word_1_367' title='bbox 1993 645 2076 686; x_wconf 90' lang='lat' dir='ltr'>duo</span> <span class='ocrx_word' id='word_1_368' title='bbox 2097 646 2193 687; x_wconf 88' lang='lat' dir='ltr'>viri.</span> <span class='ocrx_word' id='word_1_369' title='bbox 2215 662 2234 684; x_wconf 73' lang='lat' dir='ltr'>n</span> <span class='ocrx_word' id='word_1_370' title='bbox 2258 647 2366 688; x_wconf 89' lang='lat' dir='ltr'>Sub-</span> 
     </span>
     <span class='ocr_line' id='line_1_54' title="bbox 1338 714 2366 769; baseline 0.005 -15"><span class='ocrx_word' id='word_1_371' title='bbox 1338 715 1542 767; x_wconf 76' lang='lat' dir='ltr'>J&#39;ungitur</span> <span class='ocrx_word' id='word_1_372' title='bbox 1564 729 1573 756; x_wconf 77' lang='lat' dir='ltr'>t</span> <span class='ocrx_word' id='word_1_373' title='bbox 1598 730 1617 754; x_wconf 88' lang='lat'>«</span> <span class='ocrx_word' id='word_1_374' title='bbox 1638 714 1774 768; x_wconf 90' lang='lat' dir='ltr'>Super</span> <span class='ocrx_word' id='word_1_375' title='bbox 1793 727 1898 768; x_wconf 86' lang='lat' dir='ltr'>quos</span> <span class='ocrx_word' id='word_1_376' title='bbox 1924 716 2134 768; x_wconf 82' lang='lat' dir='ltr'>requievit</span> <span class='ocrx_word' id='word_1_377' title='bbox 2165 716 2335 769; x_wconf 90' lang='lat' dir='ltr'>spiritus</span> <span class='ocrx_word' id='word_1_378' title='bbox 2356 731 2366 759; x_wconf 92' lang='lat'><strong>:</strong></span> 
     </span>
     <span class='ocr_line' id='line_1_55' title="bbox 1341 786 2370 840; baseline 0.004 -15"><span class='ocrx_word' id='word_1_379' title='bbox 1341 797 1440 825; x_wconf 91' lang='lat' dir='ltr'>nam</span> <span class='ocrx_word' id='word_1_380' title='bbox 1463 788 1504 826; x_wconf 91' lang='lat' dir='ltr'>et</span> <span class='ocrx_word' id='word_1_381' title='bbox 1530 786 1608 839; x_wconf 89' lang='lat' dir='ltr'>ipsi</span> <span class='ocrx_word' id='word_1_382' title='bbox 1639 787 1834 839; x_wconf 88' lang='lat' dir='ltr'>descripti</span> <span class='ocrx_word' id='word_1_383' title='bbox 1862 787 2043 827; x_wconf 86' lang='lat' dir='ltr'>fuerant.</span> <span class='ocrx_word' id='word_1_384' title='bbox 2074 801 2093 825; x_wconf 68' lang='grc' dir='ltr'>ι)</span> <span class='ocrx_word' id='word_1_385' title='bbox 2129 786 2178 827; x_wconf 89' lang='lat' dir='ltr'>In</span> <span class='ocrx_word' id='word_1_386' title='bbox 2207 799 2293 840; x_wconf 90' lang='lat' dir='ltr'>quo</span> <span class='ocrx_word' id='word_1_387' title='bbox 2326 788 2370 829; x_wconf 89' lang='lat' dir='ltr'>hi</span> 
     </span>
     <span class='ocr_line' id='line_1_56' title="bbox 1341 856 2371 910; baseline 0.003 -15"><span class='ocrx_word' id='word_1_388' title='bbox 1341 867 1536 908; x_wconf 82' lang='lat' dir='ltr'>expresse</span> <span class='ocrx_word' id='word_1_389' title='bbox 1560 856 1736 908; x_wconf 86' lang='lat' dir='ltr'>figurati</span> <span class='ocrx_word' id='word_1_390' title='bbox 1757 858 1869 897; x_wconf 85' lang='lat' dir='ltr'>sunt.</span> <span class='ocrx_word' id='word_1_391' title='bbox 1899 856 2017 897; x_wconf 89' lang='lat' dir='ltr'>Ratio</span> <span class='ocrx_word' id='word_1_392' title='bbox 2046 858 2213 907; x_wconf 85' lang='lat' dir='ltr'>autem,</span> <span class='ocrx_word' id='word_1_393' title='bbox 2238 869 2371 910; x_wconf 90' lang='lat' dir='ltr'>quare</span> 
     </span>
     <span class='ocr_line' id='line_1_57' title="bbox 1340 926 2367 979; baseline 0.001 -13"><span class='ocrx_word' id='word_1_394' title='bbox 1340 926 1407 966; x_wconf 91' lang='lat' dir='ltr'>isti</span> <span class='ocrx_word' id='word_1_395' title='bbox 1431 927 1601 967; x_wconf 84' lang='lat' dir='ltr'>fuerunt</span> <span class='ocrx_word' id='word_1_396' title='bbox 1621 928 1890 979; x_wconf 84' lang='lat' dir='ltr'>septuaginta</span> <span class='ocrx_word' id='word_1_397' title='bbox 1917 928 2023 978; x_wconf 85' lang='lat' dir='ltr'>duo,</span> <span class='ocrx_word' id='word_1_398' title='bbox 2051 927 2242 967; x_wconf 87' lang='lat' dir='ltr'>litteralis</span> <span class='ocrx_word' id='word_1_399' title='bbox 2268 927 2367 979; x_wconf 87' lang='lat' dir='ltr'>fuit,</span> 
     </span>
     <span class='ocr_line' id='line_1_58' title="bbox 1339 997 2370 1050; baseline 0.002 -14"><span class='ocrx_word' id='word_1_400' title='bbox 1339 999 1387 1036; x_wconf 90' lang='lat' dir='ltr'>ut</span> <span class='ocrx_word' id='word_1_401' title='bbox 1410 1028 1420 1046; x_wconf 91' lang='lat'>,</span> <span class='ocrx_word' id='word_1_402' title='bbox 1466 997 1824 1049; x_wconf 88' lang='lat' dir='ltr'>quemadmodum</span> <span class='ocrx_word' id='word_1_403' title='bbox 1873 997 2049 1050; x_wconf 88' lang='lat' dir='ltr'>apostoli</span> <span class='ocrx_word' id='word_1_404' title='bbox 2093 997 2370 1050; x_wconf 87' lang='lat' dir='ltr'>praedicantes</span> 
     </span>
     <span class='ocr_line' id='line_1_59' title="bbox 1340 1067 2370 1119; baseline 0 -11"><span class='ocrx_word' id='word_1_405' title='bbox 1340 1067 1560 1108; x_wconf 86' lang='lat' dir='ltr'>duodecim</span> <span class='ocrx_word' id='word_1_406' title='bbox 1588 1068 1785 1109; x_wconf 85' lang='lat' dir='ltr'>tribubus</span> <span class='ocrx_word' id='word_1_407' title='bbox 1812 1069 2032 1110; x_wconf 87' lang='lat' dir='ltr'>duodecim</span> <span class='ocrx_word' id='word_1_408' title='bbox 2055 1071 2201 1119; x_wconf 84' lang='lat' dir='ltr'>erant,</span> <span class='ocrx_word' id='word_1_409' title='bbox 2224 1069 2282 1109; x_wconf 87' lang='lat' dir='ltr'>sic</span> <span class='ocrx_word' id='word_1_410' title='bbox 2301 1069 2370 1110; x_wconf 92' lang='lat' dir='ltr'>isti</span> 
     </span>
     <span class='ocr_line' id='line_1_60' title="bbox 1340 1138 2371 1192; baseline 0.002 -15"><span class='ocrx_word' id='word_1_411' title='bbox 1340 1138 1610 1190; x_wconf 86' lang='lat' dir='ltr'>septuaginta</span> <span class='ocrx_word' id='word_1_412' title='bbox 1637 1139 1740 1189; x_wconf 90' lang='lat' dir='ltr'>duo,</span> <span class='ocrx_word' id='word_1_413' title='bbox 1760 1140 1992 1180; x_wconf 89' lang='lat' dir='ltr'>secundum</span> <span class='ocrx_word' id='word_1_414' title='bbox 2021 1139 2134 1192; x_wconf 89' lang='lat' dir='ltr'>quod</span> <span class='ocrx_word' id='word_1_415' title='bbox 2155 1140 2199 1179; x_wconf 89' lang='lat' dir='ltr'>in</span> <span class='ocrx_word' id='word_1_416' title='bbox 2227 1139 2371 1179; x_wconf 85' lang='lat' dir='ltr'>Glossa</span> 
     </span>
     <span class='ocr_line' id='line_1_61' title="bbox 1340 1209 2371 1263; baseline 0.002 -15"><span class='ocrx_word' id='word_1_417' title='bbox 1340 1209 1491 1249; x_wconf 87' lang='lat' dir='ltr'>dicitur</span> <span class='ocrx_word' id='word_1_418' title='bbox 1513 1223 1522 1249; x_wconf 69' lang='grc' dir='ltr'>ε</span> <span class='ocrx_word' id='word_1_419' title='bbox 1546 1209 1824 1262; x_wconf 80' lang='lat' dir='ltr'>Septuaginta</span> <span class='ocrx_word' id='word_1_420' title='bbox 1843 1210 1926 1250; x_wconf 88' lang='lat' dir='ltr'>duo</span> <span class='ocrx_word' id='word_1_421' title='bbox 1947 1211 2195 1261; x_wconf 85' lang='lat' dir='ltr'>mittuntur,</span> <span class='ocrx_word' id='word_1_422' title='bbox 2220 1211 2293 1263; x_wconf 91' lang='lat' dir='ltr'>qui</span> <span class='ocrx_word' id='word_1_423' title='bbox 2312 1213 2371 1251; x_wconf 85' lang='lat' dir='ltr'>to-</span> 
     </span>
     <span class='ocr_line' id='line_1_62' title="bbox 1338 1280 2370 1333; baseline 0.001 -12"><span class='ocrx_word' id='word_1_424' title='bbox 1338 1280 1469 1321; x_wconf 85' lang='lat' dir='ltr'>tidem</span> <span class='ocrx_word' id='word_1_425' title='bbox 1483 1281 1680 1332; x_wconf 87' lang='lat' dir='ltr'>gentibus</span> <span class='ocrx_word' id='word_1_426' title='bbox 1697 1281 1948 1333; x_wconf 86' lang='lat' dir='ltr'>linguarum</span> <span class='ocrx_word' id='word_1_427' title='bbox 1967 1281 2250 1333; x_wconf 88' lang='lat' dir='ltr'>Evangelium</span> <span class='ocrx_word' id='word_1_428' title='bbox 2265 1292 2370 1333; x_wconf 80' lang='lat' dir='ltr'>prae-</span> 
     </span>
     <span class='ocr_line' id='line_1_63' title="bbox 1340 1350 2368 1406; baseline 0.001 -15"><span class='ocrx_word' id='word_1_429' title='bbox 1340 1350 1590 1392; x_wconf 89' lang='lat' dir='ltr'>dicaverunt</span> <span class='ocrx_word' id='word_1_430' title='bbox 1624 1352 1858 1393; x_wconf 86' lang='lat' dir='ltr'>secundum</span> <span class='ocrx_word' id='word_1_431' title='bbox 1897 1353 2125 1406; x_wconf 87' lang='lat' dir='ltr'>mysticum</span> <span class='ocrx_word' id='word_1_432' title='bbox 2176 1352 2368 1393; x_wconf 90' lang='lat' dir='ltr'>intellec-</span> 
     </span>
     <span class='ocr_line' id='line_1_64' title="bbox 1340 1423 2370 1477; baseline 0.002 -15"><span class='ocrx_word' id='word_1_433' title='bbox 1340 1425 1433 1463; x_wconf 87' lang='lat' dir='ltr'>tum</span> <span class='ocrx_word' id='word_1_434' title='bbox 1458 1437 1466 1463; x_wconf 92' lang='lat'>:</span> <span class='ocrx_word' id='word_1_435' title='bbox 1490 1423 1590 1476; x_wconf 88' lang='lat' dir='ltr'>quia</span> <span class='ocrx_word' id='word_1_436' title='bbox 1611 1424 1797 1464; x_wconf 88' lang='lat' dir='ltr'>continet</span> <span class='ocrx_word' id='word_1_437' title='bbox 1825 1424 1872 1464; x_wconf 89' lang='lat' dir='ltr'>in</span> <span class='ocrx_word' id='word_1_438' title='bbox 1901 1436 1951 1474; x_wconf 51' lang='lat' dir='ltr'>se⁸</span> <span class='ocrx_word' id='word_1_439' title='bbox 1978 1424 2129 1477; x_wconf 90' lang='lat' dir='ltr'>septies</span> <span class='ocrx_word' id='word_1_440' title='bbox 2148 1424 2370 1464; x_wconf 88' lang='lat' dir='ltr'>denarium</span> 
     </span>
     <span class='ocr_line' id='line_1_65' title="bbox 1340 1493 2370 1547; baseline 0 -13"><span class='ocrx_word' id='word_1_441' title='bbox 1340 1495 1380 1534; x_wconf 90' lang='lat' dir='ltr'>et</span> <span class='ocrx_word' id='word_1_442' title='bbox 1412 1493 1627 1534; x_wconf 88' lang='lat' dir='ltr'>binarium</span> <span class='ocrx_word' id='word_1_443' title='bbox 1659 1508 1668 1534; x_wconf 88' lang='lat'><strong>:</strong></span> <span class='ocrx_word' id='word_1_444' title='bbox 1702 1495 1747 1534; x_wconf 89' lang='lat' dir='ltr'>in</span> <span class='ocrx_word' id='word_1_445' title='bbox 1773 1507 1857 1547; x_wconf 84' lang='lat' dir='ltr'>quo</span> <span class='ocrx_word' id='word_1_446' title='bbox 1891 1495 2087 1546; x_wconf 89' lang='lat' dir='ltr'>signatur</span> <span class='ocrx_word' id='word_1_447' title='bbox 2118 1494 2370 1547; x_wconf 86' lang='lat' dir='ltr'>septiformis</span> 
     </span>
     <span class='ocr_line' id='line_1_66' title="bbox 1341 1564 2370 1618; baseline 0.003 -15"><span class='ocrx_word' id='word_1_448' title='bbox 1341 1564 1515 1617; x_wconf 86' lang='lat' dir='ltr'>spiritus</span> <span class='ocrx_word' id='word_1_449' title='bbox 1533 1564 1711 1605; x_wconf 87' lang='lat' dir='ltr'>donatus</span> <span class='ocrx_word' id='word_1_450' title='bbox 1730 1577 1879 1606; x_wconf 91' lang='lat' dir='ltr'>eorum</span> <span class='ocrx_word' id='word_1_451' title='bbox 1899 1566 2131 1606; x_wconf 87' lang='lat' dir='ltr'>ministerio</span> <span class='ocrx_word' id='word_1_452' title='bbox 2151 1566 2203 1606; x_wconf 89' lang='lat' dir='ltr'>ad</span> <span class='ocrx_word' id='word_1_453' title='bbox 2225 1566 2370 1618; x_wconf 88' lang='lat' dir='ltr'>imple-</span> 
     </span>
     <span class='ocr_line' id='line_1_67' title="bbox 1339 1634 2369 1687; baseline 0.001 -13"><span class='ocrx_word' id='word_1_454' title='bbox 1339 1634 1498 1675; x_wconf 90' lang='lat' dir='ltr'>tionem</span> <span class='ocrx_word' id='word_1_455' title='bbox 1530 1635 1742 1686; x_wconf 86' lang='lat' dir='ltr'>decalogi,</span> <span class='ocrx_word' id='word_1_456' title='bbox 1777 1638 1816 1675; x_wconf 92' lang='lat' dir='ltr'>et</span> <span class='ocrx_word' id='word_1_457' title='bbox 1845 1636 2025 1676; x_wconf 91' lang='lat' dir='ltr'>duorum</span> <span class='ocrx_word' id='word_1_458' title='bbox 2059 1638 2369 1687; x_wconf 68' lang='lat' dir='ltr'>praeceptorum</span> 
     </span>
     <span class='ocr_line' id='line_1_68' title="bbox 1341 1705 2368 1758; baseline 0.001 -13"><span class='ocrx_word' id='word_1_459' title='bbox 1341 1705 1580 1755; x_wconf 88' lang='lat' dir='ltr'>charitatis;</span> <span class='ocrx_word' id='word_1_460' title='bbox 1601 1705 1670 1746; x_wconf 90' lang='lat' dir='ltr'>vel</span> <span class='ocrx_word' id='word_1_461' title='bbox 1700 1706 1799 1758; x_wconf 87' lang='lat' dir='ltr'>quia</span> <span class='ocrx_word' id='word_1_462' title='bbox 1825 1706 2100 1758; x_wconf 85' lang='lat' dir='ltr'>septuaginta</span> <span class='ocrx_word' id='word_1_463' title='bbox 2124 1706 2208 1746; x_wconf 92' lang='lat' dir='ltr'>duo</span> <span class='ocrx_word' id='word_1_464' title='bbox 2237 1706 2368 1746; x_wconf 91' lang='lat' dir='ltr'>conti-</span> 
     </span>
     <span class='ocr_line' id='line_1_69' title="bbox 1340 1775 2370 1829; baseline 0.002 -14"><span class='ocrx_word' id='word_1_465' title='bbox 1340 1778 1441 1816; x_wconf 89' lang='lat' dir='ltr'>nent</span> <span class='ocrx_word' id='word_1_466' title='bbox 1459 1775 1585 1816; x_wconf 86' lang='lat' dir='ltr'>horas</span> <span class='ocrx_word' id='word_1_467' title='bbox 1605 1776 1736 1816; x_wconf 90' lang='lat' dir='ltr'>trium</span> <span class='ocrx_word' id='word_1_468' title='bbox 1756 1776 1921 1817; x_wconf 86' lang='lat' dir='ltr'>dierum</span> <span class='ocrx_word' id='word_1_469' title='bbox 1935 1808 1947 1826; x_wconf 94' lang='lat'>,</span> <span class='ocrx_word' id='word_1_470' title='bbox 1969 1777 2069 1829; x_wconf 88' lang='lat' dir='ltr'>quia</span> <span class='ocrx_word' id='word_1_471' title='bbox 2085 1776 2212 1817; x_wconf 87' lang='lat' dir='ltr'>fidem</span> <span class='ocrx_word' id='word_1_472' title='bbox 2233 1776 2370 1817; x_wconf 89' lang='lat' dir='ltr'>Trini-</span> 
     </span>
     <span class='ocr_line' id='line_1_70' title="bbox 1341 1847 2371 1900; baseline -0.001 -11"><span class='ocrx_word' id='word_1_473' title='bbox 1341 1847 1437 1890; x_wconf 88' lang='lat' dir='ltr'>tatis</span> <span class='ocrx_word' id='word_1_474' title='bbox 1471 1847 1703 1900; x_wconf 78' lang='lat' dir='ltr'>praedicare</span> <span class='ocrx_word' id='word_1_475' title='bbox 1733 1847 1967 1899; x_wconf 88' lang='lat' dir='ltr'>debebant,</span> <span class='ocrx_word' id='word_1_476' title='bbox 2002 1847 2110 1888; x_wconf 89' lang='lat' dir='ltr'>sicut</span> <span class='ocrx_word' id='word_1_477' title='bbox 2141 1847 2296 1888; x_wconf 88' lang='lat' dir='ltr'>dicitur</span> <span class='ocrx_word' id='word_1_478' title='bbox 2326 1847 2371 1888; x_wconf 91' lang='lat' dir='ltr'>in</span> 
     </span>
     <span class='ocr_line' id='line_1_71' title="bbox 1341 1918 2371 1969; baseline 0 -10"><span class='ocrx_word' id='word_1_479' title='bbox 1341 1918 1504 1969; x_wconf 58' lang='lat' dir='ltr'>(nossa,</span> <span class='ocrx_word' id='word_1_480' title='bbox 1528 1919 1762 1959; x_wconf 88' lang='lat' dir='ltr'>secundum</span> <span class='ocrx_word' id='word_1_481' title='bbox 1782 1918 2030 1960; x_wconf 87' lang='lat' dir='ltr'>triduanum</span> <span class='ocrx_word' id='word_1_482' title='bbox 2053 1919 2279 1959; x_wconf 89' lang='lat' dir='ltr'>circuitum</span> <span class='ocrx_word' id='word_1_483' title='bbox 2307 1931 2371 1959; x_wconf 91' lang='lat' dir='ltr'>so-</span> 
     </span>
     <span class='ocr_line' id='line_1_72' title="bbox 1340 1989 2367 2042; baseline 0.001 -13"><span class='ocrx_word' id='word_1_484' title='bbox 1340 1990 1391 2030; x_wconf 90' lang='lat' dir='ltr'>lis</span> <span class='ocrx_word' id='word_1_485' title='bbox 1411 1989 1583 2041; x_wconf 81' lang='lat' dir='ltr'>Christi,</span> <span class='ocrx_word' id='word_1_486' title='bbox 1607 1990 1761 2031; x_wconf 88' lang='lat' dir='ltr'>scilicet</span> <span class='ocrx_word' id='word_1_487' title='bbox 1781 1990 2107 2041; x_wconf 87' lang='lat' dir='ltr'>Incarnationis,</span> <span class='ocrx_word' id='word_1_488' title='bbox 2135 1989 2367 2042; x_wconf 85' lang='lat' dir='ltr'>Passionis,</span> 
     </span>
     <span class='ocr_line' id='line_1_73' title="bbox 1342 2061 1687 2102; baseline -0.003 0"><span class='ocrx_word' id='word_1_489' title='bbox 1342 2061 1687 2102; x_wconf 87' lang='lat' dir='ltr'>Resurrectionis.</span> 
     </span>
    </p>

    <p class='ocr_par' dir='ltr' id='par_1_5' title="bbox 1339 2132 2374 3244">
     <span class='ocr_line' id='line_1_74' title="bbox 1396 2132 2372 2186; baseline 0.001 -13"><span class='ocrx_word' id='word_1_490' title='bbox 1396 2132 1607 2183; x_wconf 88' lang='lat' dir='ltr'>Secundo,</span> <span class='ocrx_word' id='word_1_491' title='bbox 1631 2134 1838 2185; x_wconf 86' lang='lat' dir='ltr'>quantum</span> <span class='ocrx_word' id='word_1_492' title='bbox 1858 2132 1911 2172; x_wconf 91' lang='lat' dir='ltr'>ad</span> <span class='ocrx_word' id='word_1_493' title='bbox 1930 2132 2250 2184; x_wconf 89' lang='lat' dir='ltr'>designatorum</span> <span class='ocrx_word' id='word_1_494' title='bbox 2268 2144 2372 2186; x_wconf 81' lang='lat' dir='ltr'>prae-</span> 
     </span>
     <span class='ocr_line' id='line_1_75' title="bbox 1341 2202 2370 2254; baseline 0.001 -12"><span class='ocrx_word' id='word_1_495' title='bbox 1341 2202 1587 2242; x_wconf 89' lang='lat' dir='ltr'>missionem</span> <span class='ocrx_word' id='word_1_496' title='bbox 1620 2204 1716 2242; x_wconf 87' lang='lat' dir='ltr'>ante</span> <span class='ocrx_word' id='word_1_497' title='bbox 1748 2214 1875 2242; x_wconf 90' lang='lat' dir='ltr'>suum</span> <span class='ocrx_word' id='word_1_498' title='bbox 1905 2205 2202 2254; x_wconf 87' lang='lat' dir='ltr'>conspectum,</span> <span class='ocrx_word' id='word_1_499' title='bbox 2224 2203 2370 2243; x_wconf 82' lang='lat' dir='ltr'>subdi--</span> 
     </span>
     <span class='ocr_line' id='line_1_76' title="bbox 1341 2273 2368 2323; baseline 0.001 -10"><span class='ocrx_word' id='word_1_500' title='bbox 1341 2276 1411 2314; x_wconf 86' lang='lat' dir='ltr'>tur</span> <span class='ocrx_word' id='word_1_501' title='bbox 1434 2288 1441 2313; x_wconf 92' lang='lat'>:</span> <span class='ocrx_word' id='word_1_502' title='bbox 1466 2274 1519 2315; x_wconf 78' lang='grc' dir='ltr'>Ετ</span> <span class='ocrx_word' id='word_1_503' title='bbox 1537 2273 1658 2315; x_wconf 76' lang='lat' dir='ltr'>misit</span> <span class='ocrx_word' id='word_1_504' title='bbox 1677 2273 1771 2314; x_wconf 79' lang='lat' dir='ltr'>illos</span> <span class='ocrx_word' id='word_1_505' title='bbox 1792 2273 1911 2314; x_wconf 76' lang='lat' dir='ltr'>binos</span> <span class='ocrx_word' id='word_1_506' title='bbox 1933 2275 2031 2314; x_wconf 76' lang='lat' dir='ltr'>ante</span> <span class='ocrx_word' id='word_1_507' title='bbox 2056 2273 2208 2323; x_wconf 79' lang='lat' dir='ltr'>faciem</span> <span class='ocrx_word' id='word_1_508' title='bbox 2230 2283 2368 2315; x_wconf 79' lang='lat' dir='ltr'>suam.</span> 
     </span>
     <span class='ocr_line' id='line_1_77' title="bbox 1341 2343 2370 2396; baseline -0.003 -9"><span class='ocrx_word' id='word_1_509' title='bbox 1341 2344 1492 2394; x_wconf 68' lang='lat' dir='ltr'>Misit,</span> <span class='ocrx_word' id='word_1_510' title='bbox 1514 2343 1712 2395; x_wconf 85' lang='lat' dir='ltr'>inquam,</span> <span class='ocrx_word' id='word_1_511' title='bbox 1748 2343 1995 2383; x_wconf 85' lang='lat' dir='ltr'>auctoritate</span> <span class='ocrx_word' id='word_1_512' title='bbox 2029 2343 2174 2385; x_wconf 88' lang='lat' dir='ltr'>divina</span> <span class='ocrx_word' id='word_1_513' title='bbox 2196 2375 2207 2393; x_wconf 91' lang='lat'>,</span> <span class='ocrx_word' id='word_1_514' title='bbox 2240 2345 2370 2396; x_wconf 89' lang='lat' dir='ltr'>quia,</span> 
     </span>
     <span class='ocr_line' id='line_1_78' title="bbox 1342 2414 2373 2465; baseline 0 -10"><span class='ocrx_word' id='word_1_515' title='bbox 1342 2416 1450 2456; x_wconf 89' lang='lat' dir='ltr'>sicut</span> <span class='ocrx_word' id='word_1_516' title='bbox 1481 2415 1633 2455; x_wconf 88' lang='lat' dir='ltr'>dicitur</span> <span class='ocrx_word' id='word_1_517' title='bbox 1655 2415 1667 2436; x_wconf 82' lang='lat'><strong>⁶</strong></span> <span class='ocrx_word' id='word_1_518' title='bbox 1697 2427 1711 2455; x_wconf 83' lang='lat'>.·</span> <span class='ocrx_word' id='word_1_519' title='bbox 1735 2430 1753 2453; x_wconf 85' lang='lat'>(‹</span> <span class='ocrx_word' id='word_1_520' title='bbox 1782 2414 1898 2455; x_wconf 89' lang='lat' dir='ltr'>Sicut</span> <span class='ocrx_word' id='word_1_521' title='bbox 1921 2426 1987 2454; x_wconf 92' lang='lat' dir='ltr'>me</span> <span class='ocrx_word' id='word_1_522' title='bbox 2022 2414 2136 2454; x_wconf 91' lang='lat' dir='ltr'>misit</span> <span class='ocrx_word' id='word_1_523' title='bbox 2164 2414 2309 2465; x_wconf 84' lang='lat' dir='ltr'>Pater,</span> <span class='ocrx_word' id='word_1_524' title='bbox 2332 2417 2373 2455; x_wconf 90' lang='lat' dir='ltr'>et</span> 
     </span>
     <span class='ocr_line' id='line_1_79' title="bbox 1341 2485 2374 2539; baseline -0.002 -11"><span class='ocrx_word' id='word_1_525' title='bbox 1341 2499 1423 2539; x_wconf 88' lang='lat' dir='ltr'>ego</span> <span class='ocrx_word' id='word_1_526' title='bbox 1443 2486 1564 2528; x_wconf 88' lang='lat' dir='ltr'>mitto</span> <span class='ocrx_word' id='word_1_527' title='bbox 1591 2498 1716 2528; x_wconf 81' lang='lat' dir='ltr'>vos.»</span> <span class='ocrx_word' id='word_1_528' title='bbox 1742 2485 1866 2526; x_wconf 89' lang='lat' dir='ltr'>Binos</span> <span class='ocrx_word' id='word_1_529' title='bbox 1891 2488 2030 2526; x_wconf 80' lang='lat' dir='ltr'>autem</span> <span class='ocrx_word' id='word_1_530' title='bbox 2050 2485 2164 2525; x_wconf 87' lang='lat' dir='ltr'>misit</span> <span class='ocrx_word' id='word_1_531' title='bbox 2188 2485 2374 2526; x_wconf 88' lang='lat' dir='ltr'>adlitte-</span> 
     </span>
     <span class='ocr_line' id='line_1_80' title="bbox 1341 2555 2369 2609; baseline -0.003 -11"><span class='ocrx_word' id='word_1_532' title='bbox 1341 2570 1433 2598; x_wconf 85' lang='lat' dir='ltr'>ram</span> <span class='ocrx_word' id='word_1_533' title='bbox 1448 2590 1459 2609; x_wconf 85' lang='lat'>,</span> <span class='ocrx_word' id='word_1_534' title='bbox 1475 2560 1524 2598; x_wconf 91' lang='lat' dir='ltr'>ut</span> <span class='ocrx_word' id='word_1_535' title='bbox 1536 2569 1579 2598; x_wconf 90' lang='lat' dir='ltr'>se</span> <span class='ocrx_word' id='word_1_536' title='bbox 1598 2560 1749 2598; x_wconf 87' lang='lat' dir='ltr'>mutuo</span> <span class='ocrx_word' id='word_1_537' title='bbox 1766 2556 2023 2597; x_wconf 87' lang='lat' dir='ltr'>custodirent</span> <span class='ocrx_word' id='word_1_538' title='bbox 2042 2558 2082 2596; x_wconf 92' lang='lat' dir='ltr'>et</span> <span class='ocrx_word' id='word_1_539' title='bbox 2102 2555 2369 2608; x_wconf 68' lang='lat' dir='ltr'>adiuvarent,</span> 
     </span>
     <span class='ocr_line' id='line_1_81' title="bbox 1341 2626 2372 2668; baseline -0.002 0"><span class='ocrx_word' id='word_1_540' title='bbox 1341 2628 1574 2668; x_wconf 90' lang='lat' dir='ltr'>secundum</span> <span class='ocrx_word' id='word_1_541' title='bbox 1603 2627 1707 2668; x_wconf 90' lang='lat' dir='ltr'>illud</span> <span class='ocrx_word' id='word_1_542' title='bbox 1732 2629 1745 2650; x_wconf 78' lang='lat'>&#39;¹</span> <span class='ocrx_word' id='word_1_543' title='bbox 1783 2642 1791 2667; x_wconf 92' lang='lat'>:</span> <span class='ocrx_word' id='word_1_544' title='bbox 1830 2642 1848 2665; x_wconf 85' lang='lat'>«</span> <span class='ocrx_word' id='word_1_545' title='bbox 1876 2626 2025 2667; x_wconf 87' lang='lat' dir='ltr'>Melius</span> <span class='ocrx_word' id='word_1_546' title='bbox 2055 2628 2117 2666; x_wconf 91' lang='lat' dir='ltr'>est</span> <span class='ocrx_word' id='word_1_547' title='bbox 2145 2626 2251 2666; x_wconf 91' lang='lat' dir='ltr'>duos</span> <span class='ocrx_word' id='word_1_548' title='bbox 2282 2637 2372 2667; x_wconf 86' lang='lat' dir='ltr'>esse</span> 
     </span>
     <span class='ocr_line' id='line_1_82' title="bbox 1342 2696 2369 2751; baseline -0.004 -11"><span class='ocrx_word' id='word_1_549' title='bbox 1342 2699 1493 2749; x_wconf 90' lang='lat' dir='ltr'>simul,</span> <span class='ocrx_word' id='word_1_550' title='bbox 1516 2710 1646 2751; x_wconf 90' lang='lat' dir='ltr'>quam</span> <span class='ocrx_word' id='word_1_551' title='bbox 1678 2709 1813 2738; x_wconf 89' lang='lat' dir='ltr'>unum</span> <span class='ocrx_word' id='word_1_552' title='bbox 1838 2711 1846 2737; x_wconf 92' lang='lat'>:</span> <span class='ocrx_word' id='word_1_553' title='bbox 1877 2697 2035 2737; x_wconf 88' lang='lat' dir='ltr'>habent</span> <span class='ocrx_word' id='word_1_554' title='bbox 2065 2696 2179 2737; x_wconf 77' lang='lat' dir='ltr'>enim</span> <span class='ocrx_word' id='word_1_555' title='bbox 2207 2697 2369 2737; x_wconf 88' lang='lat' dir='ltr'>emolu-</span> 
     </span>
     <span class='ocr_line' id='line_1_83' title="bbox 1341 2766 2372 2811; baseline -0.004 0"><span class='ocrx_word' id='word_1_556' title='bbox 1341 2772 1534 2811; x_wconf 89' lang='lat' dir='ltr'>mentum</span> <span class='ocrx_word' id='word_1_557' title='bbox 1570 2769 1777 2810; x_wconf 89' lang='lat' dir='ltr'>societatis</span> <span class='ocrx_word' id='word_1_558' title='bbox 1815 2779 1921 2809; x_wconf 83' lang='lat' dir='ltr'>suae.</span> <span class='ocrx_word' id='word_1_559' title='bbox 1956 2782 1975 2804; x_wconf 87' lang='grc'>»</span> <span class='ocrx_word' id='word_1_560' title='bbox 2015 2766 2090 2809; x_wconf 84' lang='lat' dir='ltr'>Vel</span> <span class='ocrx_word' id='word_1_561' title='bbox 2139 2767 2372 2808; x_wconf 89' lang='lat' dir='ltr'>secundum</span> 
     </span>
     <span class='ocr_line' id='line_1_84' title="bbox 1341 2837 2368 2894; baseline -0.004 -13"><span class='ocrx_word' id='word_1_562' title='bbox 1341 2841 1601 2894; x_wconf 88' lang='lat' dir='ltr'>spiritualem</span> <span class='ocrx_word' id='word_1_563' title='bbox 1622 2838 1968 2890; x_wconf 86' lang='lat' dir='ltr'>intelligentiam,</span> <span class='ocrx_word' id='word_1_564' title='bbox 1996 2841 2043 2878; x_wconf 88' lang='lat' dir='ltr'>ut</span> <span class='ocrx_word' id='word_1_565' title='bbox 2075 2838 2174 2878; x_wconf 90' lang='lat' dir='ltr'>dicit</span> <span class='ocrx_word' id='word_1_566' title='bbox 2193 2837 2305 2878; x_wconf 88' lang='lat' dir='ltr'>Beda</span> <span class='ocrx_word' id='word_1_567' title='bbox 2325 2837 2339 2858; x_wconf 78' lang='lat'><strong>⁸</strong></span> <span class='ocrx_word' id='word_1_568' title='bbox 2357 2869 2368 2888; x_wconf 91' lang='lat'>,</span> 
     </span>
     <span class='ocr_line' id='line_1_85' title="bbox 1340 2908 2371 2965; baseline -0.005 -12"><span class='ocrx_word' id='word_1_569' title='bbox 1340 2924 1416 2965; x_wconf 86' lang='lat' dir='ltr'>per</span> <span class='ocrx_word' id='word_1_570' title='bbox 1444 2912 1525 2952; x_wconf 91' lang='lat' dir='ltr'>hoc</span> <span class='ocrx_word' id='word_1_571' title='bbox 1556 2910 1670 2963; x_wconf 87' lang='lat' dir='ltr'>quod</span> <span class='ocrx_word' id='word_1_572' title='bbox 1704 2909 1826 2950; x_wconf 89' lang='lat' dir='ltr'>binos</span> <span class='ocrx_word' id='word_1_573' title='bbox 1861 2908 2018 2959; x_wconf 85' lang='lat' dir='ltr'>mittit,</span> <span class='ocrx_word' id='word_1_574' title='bbox 2053 2908 2224 2958; x_wconf 87' lang='lat' dir='ltr'>innuit,</span> <span class='ocrx_word' id='word_1_575' title='bbox 2257 2908 2371 2960; x_wconf 91' lang='lat' dir='ltr'>quod</span> 
     </span>
     <span class='ocr_line' id='line_1_86' title="bbox 1339 2975 2371 3032; baseline -0.007 -11"><span class='ocrx_word' id='word_1_576' title='bbox 1339 2992 1465 3021; x_wconf 89' lang='lat' dir='ltr'>nemo</span> <span class='ocrx_word' id='word_1_577' title='bbox 1497 2977 1805 3032; x_wconf 81' lang='lat' dir='ltr'>praedicatioiiis</span> <span class='ocrx_word' id='word_1_578' title='bbox 1837 2976 2026 3017; x_wconf 85' lang='lat' dir='ltr'>officium</span> <span class='ocrx_word' id='word_1_579' title='bbox 2059 2975 2269 3027; x_wconf 87' lang='lat' dir='ltr'>suscipere</span> <span class='ocrx_word' id='word_1_580' title='bbox 2304 2975 2371 3015; x_wconf 90' lang='lat' dir='ltr'>de-</span> 
     </span>
     <span class='ocr_line' id='line_1_87' title="bbox 1340 3046 2365 3103; baseline -0.005 -11"><span class='ocrx_word' id='word_1_581' title='bbox 1340 3053 1429 3102; x_wconf 86' lang='lat' dir='ltr'>het,</span> <span class='ocrx_word' id='word_1_582' title='bbox 1451 3051 1526 3103; x_wconf 88' lang='lat' dir='ltr'>qui</span> <span class='ocrx_word' id='word_1_583' title='bbox 1544 3062 1648 3102; x_wconf 88' lang='lat' dir='ltr'>erga</span> <span class='ocrx_word' id='word_1_584' title='bbox 1667 3049 1797 3089; x_wconf 87' lang='lat' dir='ltr'>alium</span> <span class='ocrx_word' id='word_1_585' title='bbox 1830 3047 2079 3087; x_wconf 87' lang='lat' dir='ltr'>charitatem</span> <span class='ocrx_word' id='word_1_586' title='bbox 2110 3057 2198 3086; x_wconf 90' lang='lat' dir='ltr'>non</span> <span class='ocrx_word' id='word_1_587' title='bbox 2222 3046 2365 3087; x_wconf 75' lang='lat' dir='ltr'>habet,</span> 
     </span>
     <span class='ocr_line' id='line_1_88' title="bbox 1341 3116 2368 3174; baseline -0.006 -11"><span class='ocrx_word' id='word_1_588' title='bbox 1341 3123 1389 3162; x_wconf 95' lang='lat' dir='ltr'>In</span> <span class='ocrx_word' id='word_1_589' title='bbox 1409 3123 1473 3174; x_wconf 87' lang='lat' dir='ltr'>cuj</span> <span class='ocrx_word' id='word_1_590' title='bbox 1482 3133 1530 3162; x_wconf 89' lang='lat' dir='ltr'>us</span> <span class='ocrx_word' id='word_1_591' title='bbox 1550 3121 1609 3161; x_wconf 90' lang='lat' dir='ltr'>rei</span> <span class='ocrx_word' id='word_1_592' title='bbox 1630 3118 1965 3170; x_wconf 86' lang='lat' dir='ltr'>designationem</span> <span class='ocrx_word' id='word_1_593' title='bbox 1983 3116 2138 3156; x_wconf 87' lang='lat' dir='ltr'>dicitur</span> <span class='ocrx_word' id='word_1_594' title='bbox 2153 3116 2167 3137; x_wconf 82' lang='lat'>⁹</span> <span class='ocrx_word' id='word_1_595' title='bbox 2192 3130 2201 3156; x_wconf 75' lang='grc' dir='ltr'>ε</span> <span class='ocrx_word' id='word_1_596' title='bbox 2227 3131 2246 3155; x_wconf 83' lang='lat'>(‹</span> <span class='ocrx_word' id='word_1_597' title='bbox 2262 3116 2368 3157; x_wconf 90' lang='lat' dir='ltr'>Den-</span> 
     </span>
     <span class='ocr_line' id='line_1_89' title="bbox 1339 3188 2370 3244; baseline -0.006 -9"><span class='ocrx_word' id='word_1_598' title='bbox 1339 3197 1401 3235; x_wconf 87' lang='lat' dir='ltr'>tes</span> <span class='ocrx_word' id='word_1_599' title='bbox 1421 3193 1484 3234; x_wconf 87' lang='lat' dir='ltr'>tui</span> <span class='ocrx_word' id='word_1_600' title='bbox 1502 3226 1512 3244; x_wconf 85' lang='lat'>,</span> <span class='ocrx_word' id='word_1_601' title='bbox 1546 3207 1565 3230; x_wconf 81' lang='lat'>›&gt;</span> <span class='ocrx_word' id='word_1_602' title='bbox 1601 3192 1644 3233; x_wconf 89' lang='lat' dir='ltr'>id</span> <span class='ocrx_word' id='word_1_603' title='bbox 1674 3193 1737 3232; x_wconf 90' lang='lat' dir='ltr'>est</span> <span class='ocrx_word' id='word_1_604' title='bbox 1758 3188 2075 3243; x_wconf 82' lang='lat' dir='ltr'>praedicatoreS,</span> <span class='ocrx_word' id='word_1_605' title='bbox 2098 3199 2286 3240; x_wconf 89' lang='lat' dir='ltr'>quorum</span> <span class='ocrx_word' id='word_1_606' title='bbox 2307 3190 2370 3229; x_wconf 88' lang='lat' dir='ltr'>est</span> 
     </span>
    </p>
   </div>
   <div class='ocr_carea' id='block_1_5' title="bbox 1340 3258 2368 3313">
    <p class='ocr_par' dir='ltr' id='par_1_6' title="bbox 1340 3258 2368 3313">
     <span class='ocr_line' id='line_1_90' title="bbox 1340 3258 2368 3313; baseline -0.007 -7"><span class='ocrx_word' id='word_1_607' title='bbox 1340 3265 1560 3306; x_wconf 85' lang='lat' dir='ltr'>masticare</span> <span class='ocrx_word' id='word_1_608' title='bbox 1589 3263 1732 3303; x_wconf 88' lang='lat' dir='ltr'>cibum</span> <span class='ocrx_word' id='word_1_609' title='bbox 1767 3258 1983 3313; x_wconf 87' lang='lat' dir='ltr'>parvulis,</span> <span class='ocrx_word' id='word_1_610' title='bbox 2016 3273 2035 3296; x_wconf 88' lang='lat'>«</span> <span class='ocrx_word' id='word_1_611' title='bbox 2066 3258 2175 3298; x_wconf 90' lang='lat' dir='ltr'>sicut</span> <span class='ocrx_word' id='word_1_612' title='bbox 2209 3270 2368 3311; x_wconf 86' lang='lat' dir='ltr'>greges</span> 
     </span>
    </p>
   </div>
   <div class='ocr_carea' id='block_1_6' title="bbox 1338 3369 2363 3463">
    <p class='ocr_par' dir='ltr' id='par_1_7' title="bbox 1338 3369 2363 3463">
     <span class='ocr_line' id='line_1_91' title="bbox 1338 3369 2363 3418; baseline -0.008 -8"><span class='ocrx_word' id='word_1_613' title='bbox 1338 3386 1396 3418; x_wconf 80' lang='lat' dir='ltr'>xx,</span> <span class='ocrx_word' id='word_1_614' title='bbox 1416 3380 1468 3410; x_wconf 77' lang='lat'>21.</span> <span class='ocrx_word' id='word_1_615' title='bbox 1488 3394 1529 3399; x_wconf 96' lang='lat'><strong>—</strong></span> <span class='ocrx_word' id='word_1_616' title='bbox 1548 3377 1557 3395; x_wconf 89' lang='lat'>⁷</span> <span class='ocrx_word' id='word_1_617' title='bbox 1578 3374 1700 3412; x_wconf 66' lang='lat' dir='ltr'>Eccle„</span> <span class='ocrx_word' id='word_1_618' title='bbox 1721 3380 1766 3411; x_wconf 86' lang='lat' dir='ltr'>iv,</span> <span class='ocrx_word' id='word_1_619' title='bbox 1790 3373 1822 3403; x_wconf 78' lang='grc'>9.</span> <span class='ocrx_word' id='word_1_620' title='bbox 1841 3388 1882 3395; x_wconf 96' lang='grc'>-</span> <span class='ocrx_word' id='word_1_621' title='bbox 1906 3372 1917 3388; x_wconf 64' lang='lat'>⁸</span> <span class='ocrx_word' id='word_1_622' title='bbox 1938 3370 2033 3410; x_wconf 60' lang='lat' dir='ltr'>Beck,</span> <span class='ocrx_word' id='word_1_623' title='bbox 2052 3369 2110 3401; x_wconf 88' lang='lat' dir='ltr'>lib.</span> <span class='ocrx_word' id='word_1_624' title='bbox 2139 3370 2200 3410; x_wconf 86' lang='lat'>111,</span> <span class='ocrx_word' id='word_1_625' title='bbox 2224 3379 2254 3401; x_wconf 85' lang='lat' dir='ltr'>c.</span> <span class='ocrx_word' id='word_1_626' title='bbox 2276 3378 2363 3410; x_wconf 74' lang='lat' dir='ltr'>xm,</span> 
     </span>
     <span class='ocr_line' id='line_1_92' title="bbox 1340 3418 1930 3463; baseline -0.012 -8"><span class='ocrx_word' id='word_1_627' title='bbox 1340 3426 1374 3455; x_wconf 80' lang='lat' dir='ltr'>in</span> <span class='ocrx_word' id='word_1_628' title='bbox 1395 3424 1485 3463; x_wconf 61' lang='lat' dir='ltr'>Luc„</span> <span class='ocrx_word' id='word_1_629' title='bbox 1509 3432 1536 3454; x_wconf 82' lang='lat' dir='ltr'>o.</span> <span class='ocrx_word' id='word_1_630' title='bbox 1559 3431 1593 3454; x_wconf 79' lang='lat' dir='ltr'>x.</span> <span class='ocrx_word' id='word_1_631' title='bbox 1613 3438 1653 3444; x_wconf 96' lang='lat'><strong>—</strong></span> <span class='ocrx_word' id='word_1_632' title='bbox 1671 3421 1685 3442; x_wconf 78' lang='grc'>9</span> <span class='ocrx_word' id='word_1_633' title='bbox 1701 3419 1812 3457; x_wconf 59' lang='lat' dir='ltr'>Cant„</span> <span class='ocrx_word' id='word_1_634' title='bbox 1832 3425 1880 3458; x_wconf 78' lang='grc' dir='ltr'>Ιν,</span> <span class='ocrx_word' id='word_1_635' title='bbox 1900 3418 1930 3449; x_wconf 88' lang='grc'>8.</span> 
     </span>
    </p>
   </div>
   <div class='ocr_carea' id='block_1_7' title="bbox 1382 3485 2363 3533">
    <p class='ocr_par' dir='ltr' id='par_1_8' title="bbox 1382 3485 2363 3533">
     <span class='ocr_line' id='line_1_93' title="bbox 1382 3485 2363 3533; baseline -0.007 -9"><span class='ocrx_word' id='word_1_636' title='bbox 1382 3492 1426 3533; x_wconf 83' lang='lat' dir='ltr'>(a)</span> <span class='ocrx_word' id='word_1_637' title='bbox 1453 3491 1532 3523; x_wconf 83' lang='lat' dir='ltr'>Coet.</span> <span class='ocrx_word' id='word_1_638' title='bbox 1551 3489 1637 3523; x_wconf 72' lang='lat' dir='ltr'>edz’t..</span> <span class='ocrx_word' id='word_1_639' title='bbox 1660 3488 1724 3521; x_wconf 82' lang='lat' dir='ltr'>die.</span> <span class='ocrx_word' id='word_1_640' title='bbox 1747 3504 1785 3511; x_wconf 89' lang='lat'><em>-</em></span> <span class='ocrx_word' id='word_1_641' title='bbox 1808 3486 1849 3527; x_wconf 80' lang='lat' dir='ltr'>(b)</span> <span class='ocrx_word' id='word_1_642' title='bbox 1869 3486 1951 3518; x_wconf 80' lang='lat' dir='ltr'>Item</span> <span class='ocrx_word' id='word_1_643' title='bbox 1976 3485 2073 3520; x_wconf 86' lang='lat' dir='ltr'>duos.</span> <span class='ocrx_word' id='word_1_644' title='bbox 2094 3503 2134 3511; x_wconf 91' lang='lat'>—</span> <span class='ocrx_word' id='word_1_645' title='bbox 2155 3485 2194 3527; x_wconf 90' lang='lat' dir='ltr'>(c)</span> <span class='ocrx_word' id='word_1_646' title='bbox 2216 3485 2298 3518; x_wconf 84' lang='lat' dir='ltr'>Item</span> <span class='ocrx_word' id='word_1_647' title='bbox 2316 3485 2363 3518; x_wconf 86' lang='lat' dir='ltr'>iu.</span> 
     </span>
    </p>
   </div>
   <div class='ocr_carea' id='block_1_8' title="bbox 2622 3433 2634 3833">
    <p class='ocr_par' dir='ltr' id='par_1_9' title="bbox 2622 3433 2634 3833">
     <span class='ocr_line' id='line_1_94' title="bbox 2622 3433 2634 3833; textangle 90"><span class='ocrx_word' id='word_1_648' title='bbox 2622 3433 2634 3833; x_wconf 33' lang='lat' dir='ltr'>-..nr—mmm..-</span> 
     </span>
    </p>
   </div>
  </div>
 </body>
</html>
