2634 3853
108 857 158 884 Dii
167 856 229 883 isio.

245 259 322 298 4028

245 357 435 395 sorores3
466 359 485 384 ›>
510 345 762 398 adjungitur
785 357 795 385 t
822 357 841 382 (ι
876 342 966 384 Non
991 343 1128 394 potest
1153 353 1274 383 meus

247 429 337 458 esse
357 416 600 469 discipulus.
622 430 640 453 n

298 490 363 527 22.
387 489 565 528 Factum
591 489 650 527 est
678 486 817 525 autem
836 483 883 523 in
909 492 997 523 mla
1019 481 1207 532 dierum,
1237 488 1275 525 ec

247 561 338 612 ipse
359 557 565 605 ascendit,
588 559 665 596 etc.
689 554 785 594 Post
806 553 1124 594 instructionem
1148 566 1275 606 para-

246 629 425 669 bolicam
445 629 485 667 in
507 625 678 667 occultis
704 624 932 676 mysteriis,
953 626 993 664 et
1015 624 1273 665 informatio-

246 714 344 741 nem
363 698 633 752 apostolicam
663 696 708 736 in
734 695 888 748 apertis
916 695 1116 748 eloquiis,
1138 696 1278 737 subdit

249 772 316 811 hic
347 768 620 820 Evangelista
653 779 772 808 more
804 778 880 808 suo
912 767 1276 808 confirmationem

251 841 536 883 authenticam
566 839 610 879 in
639 838 848 891 expressis
879 838 1109 878 miraculis.
1138 838 1277 880 lutro-

251 914 464 954 ducuntur
484 913 627 951 autem
653 909 695 949 in
726 910 806 950 hac
824 911 941 962 parte
961 909 1041 949 tria
1060 909 1182 961 signa
1201 910 1277 950 mi-

251 984 510 1034 raculorum,
523 983 626 1024 utin
642 994 714 1023 ore
728 982 858 1022 trium
872 982 1041 1022 testium
1062 984 1140 1022 stet
1154 994 1278 1023 omne

251 1058 452 1107 verbum,
474 1059 515 1097 et
533 1059 580 1096 ut
600 1054 848 1096 ostendatur
868 1053 1056 1094 Christus
1076 1052 1278 1093 Dominus

251 1129 565 1170 universorum.
590 1126 783 1167 Primum
800 1127 861 1164 est
881 1124 926 1164 in
947 1123 1159 1164 sedatione
1178 1126 1280 1164 tem-

251 1200 442 1253 pestatis,
476 1210 527 1238 ex
557 1209 641 1250 quo
660 1196 895 1238 ostenditur
922 1195 1125 1237 Dominus
1152 1208 1280 1249 super

251 1274 489 1313 creaturam
510 1268 796 1322 corporalem;
817 1267 1052 1308 secundum
1069 1268 1190 1308 estin
1211 1279 1281 1308 ex-

251 1342 443 1395 pulsione
461 1340 733 1381 daemoniacae
753 1338 950 1390 legionis,
967 1350 1020 1379 ex
1040 1351 1124 1391 quo
1144 1342 1280 1380 osten-

251 1414 363 1454 ditur
377 1412 580 1453 Dominus
594 1423 720 1464 super
735 1410 1012 1463 spiritualem,
1033 1410 1090 1451 ibi
1105 1412 1166 1461 (v.
1185 1410 1277 1463 26):

251 1485 306 1527 Ec
329 1484 642 1536 naviqaverzmt
661 1481 720 1524 ad
738 1483 967 1534 regionem,
989 1484 1084 1532 etc„
1109 1482 1280 1523 tertium

252 1558 315 1596 est
343 1556 387 1595 in
413 1555 674 1595 restitutione
692 1553 793 1594 vitae
814 1555 854 1593 et
873 1552 1085 1603 sanitatis,
1113 1565 1166 1593 ex
1195 1566 1280 1606 quo

253 1628 487 1669 ostenditur
502 1626 707 1666 Dominus
718 1637 844 1678 super
858 1624 1088 1678 composita
1103 1637 1155 1665 ex
1169 1628 1280 1666 utra-

252 1711 348 1753 que,
370 1699 429 1738 ibi
453 1698 507 1750 (v.
522 1699 607 1749 402³:
630 1699 811 1739 Factum
827 1699 1053 1745 esta‘ulem,
1071 1698 1148 1735 ete.
1167 1695 1281 1736 Circa

252 1771 440 1823 primum
465 1768 659 1809 miraculi
687 1780 824 1819 genus
839 1799 848 1817 ‚
883 1766 995 1820 quod
1015 1769 1077 1806 est
1097 1767 1140 1806 in
1160 1767 1280 1807 seda-

252 1842 363 1882 tione
385 1840 658 1893 tempestatis,
680 1841 864 1892 quatuor
880 1838 1210 1879 introducuntur
1229 1839 1281 1879 ab

252 1912 524 1964 Evangelista
556 1911 607 1951 ad
642 1912 734 1963 ejus
763 1909 1088 1963 explicationem
1120 1909 1281 1962 perfec-

254 1988 361 2025 tam:
385 1983 573 2036 primum
596 1986 656 2023 est
675 1981 835 2023 occasio
853 1982 1094 2034 praecedens
1107 1996 1116 2031 ;
1136 1993 1283 2021 secun-

254 2056 383 2105 dum,
418 2054 709 2107 opportunitas
738 2053 992 2104 imminens3
1021 2054 1196 2093 tertium
1222 2055 1282 2094 est

254 2129 435 2180 potest-as
455 2126 664 2175 efficiens;
697 2128 897 2178 quartum
921 2127 983 2165 est
1005 2124 1163 2165 utilitas
1183 2136 1282 2164 con-

255 2209 452 2250 sequens.
468 2197 635 2238 Occasio
645 2196 886 2249 praecedens
899 2195 957 2236 fui
967 2199 977 2235 t
988 2195 1189 2236 transitus
1201 2207 1285 2235 ma-

255 2269 335 2319 ris3
373 2267 666 2321 opportunitas
693 2268 937 2318 imminens,
974 2267 1156 2319 impetus
1176 2269 1285 2307 tem—

254 2340 446 2393 pestatis;
468 2341 649 2392 potestas
669 2338 1015 2387 efficienS,virtus
1026 2337 1259 2379 divinitatis
1271 2353 1280 2388 ;

254 2410 411 2451 utilitas
449 2421 709 2462 consequens
723 2440 735 2459 ,
775 2411 837 2449 est
883 2409 1092 2460 profectus
1128 2412 1285 2449 nostrae

254 2481 522 2522 credulitatis
536 2480 680 2521 Primo
690 2492 793 2532 ergo
803 2479 1083 2520 introducitur
1091 2479 1144 2520 ab
1154 2479 1286 2520 Evan-

253 2552 406 2604 gelista
440 2551 644 2592 transitus
677 2551 807 2592 maris
838 2564 848 2601 3
885 2551 1070 2592 secundo
1103 2551 1286 2604 impetus

256 2623 531 2677 tempestatis,
568 2623 625 2663 ibi
654 2625 719 2674 (v.
745 2623 817 2676 23)
848 2636 858 2664 :
895 2623 949 2665 Εῑ
982 2623 1288 2676 naviqame'bus

256 2696 360 2746 illis,
377 2698 478 2745 etc.;
502 2695 624 2735 tertio
645 2694 782 2736 virtus
792 2694 1037 2743 divinitatis,
1051 2694 1111 2734 ibi
1128 2705 1183 2745 (v.
1203 2695 1285 2747 24):

265 2769 321 2810 Λι
353 2768 423 2809 ille
460 2778 653 2820 stupens,
675 2770 749 2807 etc.
764 2780 781 2819 ;
806 2769 957 2819 quarto
975 2767 1291 2818 prosectusnos-

258 2840 335 2878 trae
353 2837 622 2888 credulitatis,
640 2837 697 2878 ibi
713 2839 767 2889 (v,
783 2840 848 2888 25)
863 2852 871 2877 :
887 2838 1166 2880 Dtoeicautem
1179 2838 1290 2880 iltis.-

267 2909 343 2951 Ubt'
363 2913 439 2960 est,
465 2911 542 2949 etc.
567 2909 682 2950 Circa
704 2909 906 2962 primurn,
922 2910 1156 2950 notandum
1177 2911 1291 2962 quod

259 2981 344 3021 duo
364 2980 591 3020 introducit
611 2980 884 3032 Evangelista
903 2994 911 3021 :
935 2981 1122 3033 primum
1143 2984 1206 3022 est
1224 2994 1289 3022 as-

259 3064 411 3093 census
424 3051 633 3093 naviculae
652 3066 661 3102 3
680 3052 914 3093 secundum
925 3055 987 3093 est
1000 3053 1201 3094 transitus
1215 3057 1293 3094 sta-

259 3124 348 3176 gni.
363 3123 502 3163 Primo
518 3135 635 3175 ergo,
649 3126 854 3176 quantum
866 3124 917 3164 ad
929 3125 1213 3165 ascensionem
1224 3137 1294 3165 na-

259 3195 426 3245 viculae,
443 3194 615 3235 dicitur:
632 3195 806 3236 Factum
817 3199 876 3237 est
889 3200 1028 3239 autem
1043 3197 1092 3238 in
1106 3207 1194 3238 una
1207 3196 1296 3239 die-

259 3279 355 3310 rum
371 3281 386 3308 .·
407 3270 444 3309 et
463 3268 554 3319 ipse
577 3266 770 3308 ascendit
787 3268 834 3309 in
856 3268 1118 3319 naviculum,
1141 3273 1178 3311 el
1198 3268 1292 3311 dis-

264 3338 398 3390 cipuli
427 3337 540 3390 effus,
563 3340 611 3378 ut
639 3337 797 3378 scilieet
825 3351 899 3391 per
924 3341 1016 3392 ejus
1042 3340 1293 3393 obsequium

265 3410 508 3461 veheretur,
526 3411 652 3463 juxta
671 3408 776 3451 illud
790 3410 824 3451 ¹:
847 3425 866 3448 c<
880 3410 1050 3464 Exiguo
1075 3411 1194 3465 ligno
1212 3425 1296 3455 cre-

308 3517 317 3538 ¹
340 3516 433 3557 Sap„
452 3524 523 3556 xlv,
545 3518 576 3547 5.
601 3534 632 3539 -—
653 3517 668 3538 2
687 3516 802 3558 Helua,
823 3525 860 3556 11,
881 3518 932 3548 17.
950 3535 987 3540 —
1008 3518 1019 3536 ³
1042 3517 1179 3559 Philip..
1206 3521 1296 3559 11‚7.

263 3582 302 3587 --
325 3565 336 3585 ¹·
353 3565 393 3597 lv
417 3565 507 3605 Κεφ,
531 3572 570 3605 11,
593 3568 624 3597 2.
647 3582 684 3588 -—
704 3566 718 3587 ⁵
737 3563 810 3604 Job,
831 3572 934 3606 xxiii,
958 3568 1008 3598 21.
1029 3583 1070 3589 -
1091 3569 1101 3585 ⁰
1125 3569 1221 3608 sup„
1246 3570 1294 3600 23.

982 251 1265 293 EVANGELH
1296 234 1481 295 SANcri
1512 254 1661 297 LucAE

1351 343 1457 384 dunt
1476 343 1670 384 homines
1698 342 1860 382 animas
1887 354 1999 384 suas.
2015 359 2034 382 »
2061 344 2111 386 Et
2139 348 2239 388 nota
2264 348 2378 401 quod

1351 414 1539 456 Christus
1565 414 1750 456 ascendit
1779 425 1876 453 cum
1900 414 2113 468 discipulis
2137 418 2181 459 in
2201 420 2378 462 navicu-

1350 485 1435 525 lam
1450 517 1461 536 ,
1485 488 1534 526 ut
1552 485 1746 526 ostendat
1766 495 1808 524 se
1830 484 1889 523 eis
1918 496 2006 525 esse
2033 487 2213 530 similem
2236 491 2280 531 in
2299 504 2375 532 na-

1351 557 1448 596 tura
1470 559 1510 596 et
1530 555 1782 607 indigentia,
1810 555 2042 596 secundum
2071 558 2174 599 illud
2192 561 2206 582 ⁹·
2226 575 2234 600 :
2265 576 2283 599 α
2302 561 2378 603 De-

1351 626 1442 666 buit
1469 639 1544 680 per
1577 627 1718 667 onmia
1753 627 1956 666 fratribus
1984 627 2174 670 similari.
2205 643 2223 666 ))
2254 631 2303 672 Et
2329 634 2380 673 ad

1352 697 1694 750 Philippenses&
1715 713 1733 735 «
1748 697 1795 737 ln
1815 697 2136 739 similitudinem
2157 699 2381 742 hominum

1352 769 1497 820 faetus,
1520 772 1561 810 et
1579 769 1728 810 habitu
1751 760 1948 809 inventus
1974 772 2023 810 ut
2044 770 2187 812 homo.
2210 786 2228 809 n
2255 771 2383 813 131εοί·-

1353 841 1439 893 puli
1458 842 1738 882 ascenderunt
1759 853 1857 881 eum
1875 841 2054 893 Christo,
2076 844 2125 883 ut
2140 845 2384 886 ostendatur

1353 914 1548 967 perfectio
1575 913 1819 962 comitatus,
1848 913 1948 966 quia
1976 926 2201 967 nunquam
2227 916 2385 958 desere-

1353 985 1455 1025 bant
1474 985 1746 1036 Magistrum,
1769 984 1876 1025 sicut
1890 984 2067 1025 Etisaeus
2083 986 2288 1038 magistro
2307 1000 2383 1029 suo

1354 1055 1456 1096 Eliae
1476 1055 1628 1096 dixit-'02
1649 1071 1668 1093 «
1687 1054 1801 1096 Vivit
1819 1055 2035 1106 Dominus,
2060 1059 2100 1096 et
2119 1057 2226 1098 vivit
2243 1059 2385 1099 anima

1354 1128 1448 1176 tua,
1478 1126 1578 1179 quia
1608 1138 1695 1166 non
1727 1125 2021 1179 derelinquam
2055 1129 2107 1167 te.
2139 1142 2157 1165 n
2195 1128 2314 1169 Unde
2341 1130 2387 1170 in

1354 1210 1535 1251 persona
1555 1196 1721 1247 talium,
1744 1196 1906 1237 dicebat
1916 1197 1992 1238 Job
2019 1198 2276 1250 ⁵:«Vestigia
2295 1201 2388 1252 ejus

1356 1271 1524 1310 secutus
1551 1271 1613 1309 est
1640 1280 1713 1321 pes
1736 1280 1879 1318 meus;
1910 1269 2023 1311 viam
2045 1271 2136 1322 ejus
2157 1271 2385 1322 custodivi,

1355 1341 1396 1380 et
1415 1351 1500 1380 non
1520 1339 1727 1381 declinavi
1749 1351 1802 1380 ex
1823 1351 1921 1380 ea.»
1947 1339 2039 1381 Non
2060 1344 2182 1382 erant
2203 1342 2253 1382 de
2274 1342 2356 1382 illis
2374 1343 2388 1364 ⁰

1363 1426 1381 1449 «
1412 1411 1485 1462 qui
1519 1411 1571 1451 ad
1608 1412 1777 1464 tempus
1809 1412 2008 1462 credunt,
2043 1415 2083 1453 et
2120 1413 2162 1453 in
2199 1415 2388 1466 tempore

1356 1481 1596 1522 tentationis
1624 1482 1848 1533 recedunt,
1875 1496 1893 1520 ›)
1919 1485 1959 1522 et
1992 1483 2086 1524 ideo
2115 1484 2167 1524 ad
2199 1484 2388 1525 veritatis

1356 1553 1604 1606 sapientiam
1624 1566 1846 1606 nunquam
1867 1554 2100 1606 attingunt.

1410 1624 1604 1664 Secundo
1624 1636 1740 1675 vero,
1763 1627 1969 1676 quantum
1993 1626 2046 1665 ad
2066 1626 2291 1666 transitum
2313 1629 2391 1667 sta-

1357 1697 1447 1748 gni,
1471 1697 1633 1736 subdit:
1660 1698 1720 1737 Et
1741 1698 1804 1739 (ιῖι
1825 1697 2026 1739 achilles:
2052 1698 2391 1750 Trcmsfretemus

1357 1771 1477 1810 trans
1507 1771 1720 1820 staqnum.
1745 1769 1797 1811 Et
1826 1769 2131 1820 ascenderunt,
2161 1770 2316 1811 scilicet
2344 1774 2391 1812 ut

1356 1840 1699 1891 transfretarent,
1733 1843 1774 1881 et
1812 1840 1922 1882 ultra
1953 1841 2111 1882 fretum
2150 1841 2238 1883 sive
2272 1854 2390 1883 mare

1356 1910 1468 1951 irent
1481 1925 1490 1961 3
1516 1912 1616 1964 quia
1636 1923 1746 1964 aqua
1768 1911 1853 1963 illa,
1880 1912 1987 1953 sicut
2006 1913 2200 1953 habitum
2222 1915 2284 1953 est
2301 1914 2332 1963 ⁷,
2351 1914 2393 1954 et:

1357 1995 1474 2023 mare
1493 1985 1533 2023 et
1556 1985 1759 2035 stagnum
1787 1983 2090 2037 appellabatur.
2122 1984 2218 2025 Ideo
2248 1987 2390 2025 autem

1358 2054 1491 2095 voluit
1512 2054 1715 2095 Dominus
1738 2055 1851 2107 quod
1871 2055 2063 2108 discipuli
2085 2057 2177 2108 ejus
2194 2056 2391 2097 transfre-

1357 2128 1494 2166 tarent
1513 2138 1608 2166 cum
1630 2137 1701 2176 eo,
1721 2128 1770 2166 ut
1790 2126 1994 2166 miracula
2022 2128 2116 2180 eJ‘us
2136 2127 2195 2167 eis
2215 2140 2392 2180 appare-

1357 2198 1453 2236 rent
1467 2197 1479 2217 ³
1497 2208 1506 2236 z
1525 2212 1543 2235 c(
1564 2196 1641 2245 Qui
1663 2196 1922 2237 descendunt
1940 2209 2057 2237 mare
2078 2198 2123 2236 in
2143 2198 2323 2238 navibus
2338 2213 2347 2247 ;
2365 2213 2383 2236 ι)

1358 2269 1399 2308 et
1422 2267 1637 2320 sequitur:
1670 2266 1794 2319 «Ipsi
1821 2266 2018 2307 viderunt
2047 2279 2175 2319 opera
2202 2267 2389 2318 Domini,

1359 2341 1400 2379 et
1420 2338 1630 2378 mirabilia
1649 2338 1740 2390 ejus
1761 2337 1806 2377 in
1825 2337 2049 2389 profundo.
2074 2351 2092 2374 ›)
2109 2336 2183 2378 Vel
2202 2337 2295 2378 ideo
2314 2350 2390 2379 vo-

1359 2410 1438 2450 luit
1474 2411 1523 2450 ut
1555 2421 1698 2449 secum
1733 2408 2029 2459 ascenderent,
2071 2411 2118 2448 ut
2157 2409 2394 2450 ostenderet

1360 2480 1473 2533 quod
1502 2492 1589 2520 non
1617 2481 1794 2532 possunt
1812 2478 2036 2531 pervenire
2055 2479 2108 2519 ad
2135 2482 2307 2532 portum
2327 2492 2392 2520 sa-

1360 2552 1478 2603 lutis,
1510 2551 1591 2591 nisi
1611 2563 1687 2604 per
1711 2562 1829 2591 mare
1852 2550 2135 2591 tribulationis
2160 2551 2392 2603 praesentis.

1361 2623 1479 2665 Unde
1510 2622 1688 2675 Sapiens
1714 2626 1756 2662 ⁹:
1786 2636 1804 2659 (ι
1830 2621 2111 2662 Transeuntes
2142 2634 2284 2672 mare,
2320 2635 2396 2675 per

1361 2698 1496 2736 ratem
1522 2694 1686 2735 liberati
1715 2697 1828 2734 sunt.
1851 2708 1870 2731 ))
1902 2694 2094 2736 Psalmtcs
2114 2698 2155 2734 ⁰:
2185 2709 2204 2731 ((
2223 2693 2255 2734 T
2259 2695 2392 2735 ransi-

1361 2767 1503 2809 vimus
1523 2778 1598 2818 per
1617 2765 1767 2817 ignem
1787 2767 1827 2805 et
1848 2777 2027 2818 aquam3
2052 2768 2091 2806 et
2115 2765 2298 2806 eduxisti
2318 2777 2396 2806 nos

1363 2840 1407 2880 in
1429 2838 1701 2890 refrigerium
1721 2851 1730 2878 t
1753 2852 1772 2875 1)
1798 2838 1917 2890 quia,
1941 2838 2175 2879 secundum
2201 2839 2314 2890 quod
2334 2839 2397 2878 di-

1364 2910 1500 2950 citur¹
1526 2923 1534 2948 :
1566 2924 1585 2946 «
1619 2907 1698 2948 Per
1725 2908 1880 2948 multas
1912 2908 2203 2949 tribulationes
2234 2910 2398 2960 oportet

1363 2992 1440 3021 nos
1459 2980 1619 3020 intrare
1638 2979 1683 3019 in
1702 2991 1890 3031 regnum
1917 2979 2001 3019 Dei.
2024 2993 2043 3016 ›>

1419 3054 1485 3093 23.
1504 3052 1558 3095 Et
1579 3051 1886 3104 naviqantibus
1902 3050 2007 3101 illis,
2022 3051 2098 3091 ete.
2117 3049 2193 3090 Hic
2213 3050 2395 3092 secundo

1367 3122 1621 3163 describitur
1643 3123 1826 3175 impetus
1843 3120 2102 3173 tempestatis
2122 3133 2222 3161 eum
2240 3121 2399 3174 impor-

1366 3193 1544 3234 tunitate
1564 3192 1757 3245 periculi,
1781 3194 1822 3232 et
1841 3203 1939 3231 cum
1958 3191 2268 3243 opportunitate
2287 3193 2399 3233 refu-

1368 3266 1444 3318 gii.
1464 3265 1621 3316 Primo,
1644 3267 1852 3318 quantum
1872 3264 1924 3304 ad
1944 3263 2313 3317 importunitatem
2332 3278 2401 3318 pe-

1368 3337 1492 3378 riculi
1513 3335 1792 3388 emergentis,
1824 3335 1985 3377 Christo
2011 3335 2270 3387 dormiente,
2298 3336 2401 3377 dici-

1368 3412 1469 3451 tur:
1500 3409 1555 3451 Ec
1580 3407 1889 3461 naviqantibus
1914 3407 2027 3458 illis,
2056 3407 2326 3451 obdormivit.
2350 3408 2403 3450 Et

1370 3535 1410 3541 —
1431 3519 1440 3536 ⁷
1464 3518 1561 3557 Sup.,
1580 3516 1620 3556 p.
1647 3516 1722 3554 328,
1748 3514 1813 3546 col.
1843 3516 1874 3545 2.
1894 3531 1935 3536 —-
1961 3513 2085 3547 ⁸1’sal.
2113 3523 2188 3553 CVI,
2208 3517 2266 3556 23,
2288 3517 2336 3548 24.
2363 3534 2404 3539 —

1373 3567 1386 3585 θ
1408 3565 1502 3605 Sap„
1517 3570 1590 3604 xlv,
1611 3564 1643 3594 5.
1663 3579 1702 3586 --
1722 3562 1750 3585 ¹⁰
1765 3561 1857 3594 Psal.
1878 3570 1955 3602 LXV,
1979 3564 2027 3594 12.
2051 3579 2093 3586 —-
2114 3563 2135 3584 ¹¹
2155 3562 2241 3603 Act„
2261 3570 2331 3604 mv,
2352 3565 2402 3595 21.
