2634 3853
929 169 1200 213 EXPOSITlO
1230 169 1283 212 IN
1312 170 1425 211 CAP.
1456 169 1561 210 XIII.

187 264 269 304 1100
284 264 395 316 quod
425 263 513 303 ibat
536 263 576 303 et
604 261 820 309 circuibat,
843 261 956 313 patet
982 260 1094 312 quod
1118 259 1207 299 sine

189 334 416 375 cessatione
451 334 679 375 laborabat.
721 332 837 373 Unde
877 333 1038 384 poterat
1074 331 1210 371 dicere

190 405 292 445 illud
311 405 473 447 Psalmi
493 406 503 426 ¹
528 420 536 445 :
566 421 585 444 c<
606 405 769 457 Pauper
789 414 884 443 sum
906 414 1003 453 ego,
1028 403 1069 441 et
1086 401 1132 440 in
1149 401 1211 440 la·-

191 474 365 515 boribus
400 488 424 515 a
450 476 675 527 juventute
707 485 857 513 mea.»
891 471 941 512 Ε1
971 472 1212 524 exemplum

192 544 284 584 aliis
319 545 442 585 dabat
479 546 530 586 ad
565 544 844 585 laborandum
871 544 884 563 2
914 556 923 584 :
957 557 976 580 ((
1006 542 1209 590 Discurre,

191 615 357 666 festina,
379 616 531 656 suscita
549 615 735 656 amicum
755 617 893 654 tuum.
914 627 932 650 ›)
965 612 1012 652 In
1031 613 1110 652 1100
1135 624 1212 651 011-

192 687 279 726 tem
313 687 427 738 quod
459 687 503 726 in
533 676 778 727 'Jerusalem
808 685 921 734 ibat,
951 685 1063 735 patet
1103 682 1216 734 quod

193 756 244 797 ad
264 757 500 809 passionem
520 757 730 797 currebat.
747 754 865 796 Unde
884 755 929 793 in
947 753 1144 795 Macchoeo
1166 755 1179 776 ³
1204 764 1212 790 :

199 841 218 864 (ι
241 826 346 868 Εο00
373 827 637 868 ascendimus
665 825 1015 877 Hierosolymam,
1039 826 1080 864 et
1106 823 1218 863 filius

193 896 377 936 hominis
401 897 589 937 tradetur
608 895 869 948 principibus
894 893 1157 934 sacerdotum
1179 895 1219 933 et

195 965 355 1014 scribis,
384 968 424 1006 et
449 965 790 1006 condemnabunt
821 976 919 1005 eum
947 965 1137 1004 morte.»
1169 962 1221 1003 Et

194 1036 349 1083 inyhoc
379 1036 623 1088 exemplum
654 1035 746 1076 aliis
777 1035 900 1076 dabat
927 1034 978 1074 ad
1007 1034 1219 1075 sustinen-

197 1106 315 1156 dum,
335 1107 435 1158 quia
466 1106 523 1146 ait
548 1105 695 1146 Petrus
725 1106 738 1126 '⁹
771 1118 780 1144 ε
818 1119 836 1143 «
862 1105 1050 1145 Christus
1074 1115 1222 1157 passus

197 1178 260 1217 est
284 1189 361 1229 pro
387 1177 522 1227 nobis,
544 1177 665 1218 vobis
693 1176 935 1229 relinquens
961 1176 1220 1227 exemplum,

197 1249 244 1287 ut
257 1248 497 1300 sequamini
512 1248 693 1298 vestigia
709 1248 745 1298 ej
752 1257 814 1287 us.
830 1261 848 1283 »
866 1245 984 1287 Unde
997 1247 1017 1287 J
1021 1247 1174 1287 acobus
1187 1250 1221 1284 5:

206 1332 224 1356 (1
246 1317 501 1371 Exemplum
531 1317 718 1369 accipite,
748 1317 910 1367 fratres,
938 1317 1077 1357 exitus
1105 1317 1221 1367 mali,

201 1390 241 1428 et
276 1387 626 1439 longanimitatis,
659 1389 700 1427 et
734 1386 904 1436 laboris,
942 1389 982 1426 et
1013 1387 1225 1438 patientiae

199 1470 275 1510 per
313 1458 554 1510 prophetas,
588 1456 663 1509 qui
696 1456 824 1497 locuti
856 1459 953 1496 sunt
981 1457 1025 1496 in
1056 1458 1227 1498 nomine

201 1527 368 1568 Domini
407 1539 418 1567 τ
451 1539 544 1568 0000
576 1526 864 1567 beatificamus
895 1538 966 1566 eos
997 1527 1071 1579 qui
1100 1527 1225 1567 susti-

200 1598 404 1637 nuerunt.
427 1596 724 1637 Sufferentiam
737 1596 813 1637 Job
832 1596 1019 1647 audistis,
1041 1599 1081 1636 et
1099 1598 1228 1637 finem

202 1666 368 1708 Domini
386 1667 562 1709 vidistis.
584 1681 603 1704 »
628 1667 692 1708 Ex
711 1667 791 1707 hoc
809 1679 912 1719 ergo
932 1667 1126 1720 exemplo
1146 1667 1225 1708 Do-

202 1736 322 1787 mini,
353 1737 427 1790 qui
459 1739 624 1778 tantum
655 1737 860 1788 laborem,
890 1739 930 1778 et
955 1738 999 1777 in
1024 1738 1108 1777 fine
1132 1750 1227 1789 pas-

202 1806 364 1847 sionem
395 1807 611 1858 sustinuit,
630 1809 803 1859 apparet
826 1808 939 1860 quod
965 1807 1146 1847 difficilis
1178 1807 1230 1848 sit

203 1876 340 1918 aditus
356 1877 463 1917 coeli.
481 1876 598 1917 Unde
616 1877 724 1916 infra
739 1878 778 1917 ⁶:
801 1892 820 1916 (ι
838 1877 986 1918 Nonne
1003 1878 1096 1917 11000
1113 1889 1233 1929 opor-

206 1946 285 1986 tuit
305 1947 392 1999 pati
413 1947 637 1998 Christum,
661 1947 776 1987 etita
803 1947 960 1988 intrare
978 1948 1023 1988 in
1049 1947 1230 1999 gloriam

204 2020 355 2057 suam?
376 2031 395 2055 ›>
421 2017 471 2058 Et
488 2018 587 2058 hinc
606 2020 667 2058 est
686 2018 800 2070 quod
821 2020 984 2071 oportet
1006 2030 1080 2070 per
1102 2019 1231 2059 tribu-

203 2085 379 2128 lationes
404 2089 558 2129 intrare
587 2088 633 2128 in
664 2088 817 2128 coelum
843 2089 856 2110 ⁷
888 2103 897 2128 :
927 2103 946 2127 <‹
975 2088 1055 2129 Per
1076 2088 1232 2128 multas

204 2157 494 2200 tribulationes
513 2160 677 2211 oportet
695 2170 772 2199 nos
797 2159 955 2199 intrare
981 2159 1025 2198 in
1046 2170 1232 2210 regnum

206 2226 292 2268 Dei.
314 2242 334 2265 ))

174 2349 178 2351 λ
258 2297 311 2338 Ε1
329 2300 429 2340 nota
445 2299 558 2351 quod
579 2300 624 2339 in
642 2299 709 2339 1115
732 2299 873 2340 verbis
891 2299 970 2339 tria
992 2299 1112 2339 nobis
1130 2299 1234 2338 insi-

206 2371 395 2410 nuantur
413 2370 605 2422 exempla
624 2370 804 2421 Domini,
825 2382 900 2423 per
919 2381 1016 2422 quae
1041 2369 1233 2422 pervenit

207 2436 301 2489 quis
322 2437 375 2478 ad
394 2437 576 2490 gloriam
592 2439 788 2491 paradisi,
808 2439 963 2479 scilicet
982 2440 1088 2480 actio
1105 2440 1229 2489 bona,

207 2508 448 2560 praedicatio
472 2520 586 2558 vera,
607 2511 648 2549 et
673 2509 968 2561 contemplatio
987 2509 1231 2562 tranquilla.

208 2579 402 2632 Operatio
431 2580 673 2621 insinuatur
697 2581 743 2621 in
764 2582 844 2622 hoc
869 2594 878 2620 :
910 2581 1006 2624 [bat
1026 2592 1100 2633 per
1128 2582 1234 2624 civi-

208 2653 314 2693 tates
332 2655 370 2693 ec
387 2651 559 2693 castella
564 2663 581 2703 ,·
599 2652 839 2703 praedieatio
854 2652 900 2692 in
921 2652 1027 2692 hoc:
1053 2652 1146 2694 Ibat
1165 2652 1234 2694 do-

208 2731 322 2771 cen83
346 2721 640 2774 contemplatio
656 2721 702 2762 in
720 2722 799 2762 hoc
822 2736 831 2762 ;
854 2723 960 2765 Erat
973 2722 1054 2764 iter
1074 2722 1234 2773 faciens

209 2792 258 2834 in
296 2792 583 2844 Hierusalem,
620 2804 718 2845 quae
756 2795 818 2833 est
857 2793 964 2834 visio
1001 2793 1114 2846 pacis
1159 2806 1234 2846 per

210 2863 471 2915 anagogiam
501 2863 514 2884 ⁸
550 2878 559 2904 :
600 2863 913 2914 «Hierusalem,
935 2876 1031 2917 quae
1049 2864 1235 2905 aedifica-

212 2938 280 2973 tur
303 2936 352 2974 ut
369 2934 531 2985 civitas,
555 2947 574 2971 ›)
600 2935 677 2974 etc.
701 2933 900 2986 Sequitur
923 2946 932 2972 :
962 2949 981 2972 «
1001 2934 1102 2975 Illuc
1121 2935 1235 2976 enim

211 3004 489 3045 ascenderunt
517 3004 676 3054 trihus,
716 3003 854 3045 tribus
894 3004 1082 3055 Domini,
1109 3019 1128 3042 ι)
1155 3008 1232 3045 010.

212 3073 409 3114 Ρ11101110
444 3074 599 3115 horum
646 3076 803 3127 spectat
847 3074 900 3115 ad
945 3074 1232 3127 prudentiam3

213 3143 461 3194 secundum,
491 3145 544 3185 ad
574 3144 916 3195 intelligentiam3
953 3145 1125 3186 tertium
1157 3157 1235 3186 011-

212 3214 314 3264 1010,
342 3212 395 3254 ad
424 3213 684 3266 sapientiam.
716 3213 791 3255 Vel
821 3214 1007 3266 primum
1035 3215 1087 3256 ad
1114 3215 1236 3256 boni-

256 3296 267 3317 1
288 3294 378 3326 Psal.
399 3302 558 3336 Lxxxvn,
582 3298 633 3327 16.
656 3313 696 3319 -
717 3297 730 3317 2
748 3296 860 3336 Prov„
881 3304 933 3335 v1,
956 3297 986 3327 3.
1011 3313 1050 3319 —
1068 3296 1081 3317 3
1100 3296 1237 3336 Mami„

215 3349 279 3380 xx,
303 3342 352 3373 18.
369 3358 410 3364 —
435 3341 449 3363 ’θ
472 3342 484 3372 1
507 3342 618 3381 Petr„
643 3350 686 3383 11,
716 3344 767 3374 21.
798 3360 839 3365 —-
865 3343 878 3364 ὅ
904 3344 986 3383 Jac.,
1011 3350 1043 3382 v,
1070 3345 1176 3375 10-11.
1198 3362 1238 3368 —

217 3389 228 3406 ⁶
254 3388 336 3428 inf„
356 3395 451 3427 xxm,
472 3389 523 3420 26.
543 3406 583 3410 —
602 3389 611 3407 ⁷
630 3389 720 3428 Act„
744 3397 821 3429 xm,
841 3391 891 3421 21.
917 3405 958 3412 —-
985 3388 999 3410 ⁸
1019 3389 1111 3421 Psal.
1137 3398 1237 3431 cxxi,

218 3435 249 3475 3,
270 3436 300 3466 4.
323 3452 358 3457 —
386 3435 398 3453 ⁹
422 3434 513 3467 Psal.
535 3443 661 3475 cxvm,
687 3437 740 3468 66.
759 3453 800 3459 —
823 3437 848 3457 ¹⁰
873 3436 1010 3474 Matth„
1032 3444 1096 3477 xx,
1120 3438 1170 3468 16.
1197 3455 1237 3461 —

397 3503 497 3534 ΤΟΜ.
526 3504 570 3535 Χ.

2225 179 2300 216 593

1282 260 1423 309 101001,
1446 258 1677 299 secundum
1698 258 1750 298 ad
1771 258 2044 312 d1sciplinam,
2060 263 2233 303 tertium
2250 263 2301 303 ad

1284 328 1499 368 scientiam
1518 333 1531 353 ⁹
1561 343 1570 368 :
1605 343 1623 367 c(
1647 328 1879 370 Bonitatem
1905 332 1945 370 01
1973 331 2232 384 disciplinam
2263 335 2304 373 et

1283 398 1496 439 scientiam
1516 400 1616 440 doce
1634 411 1716 439 me.
1734 413 1753 436 ›>

1339 468 1552 519 Secundo,
1592 472 1799 522 quantum
1838 471 1891 511 ad
1923 471 2222 512 documentum
2261 473 2307 513 in

1286 538 1431 588 verbo,
1453 539 1497 579 in
1515 551 1598 591 quo
1618 541 1874 591 respondens
1894 542 1946 582 ad
1966 544 2243 595 quaestionem
2258 544 2308 583 de

1287 606 1494 657 paucitate
1520 606 1834 660 salvandorum,
1858 610 1998 650 subdit
2021 611 2075 662 (v.
2099 612 2162 663 ⁶23)
2199 625 2208 650 ε
2233 612 2310 653 Ait

1289 679 1431 718 autem
1459 675 1528 718 illi
1547 677 1723 728 quidam
1748 690 1761 718 .·
1786 679 1977 731 Domine,
1999 681 2039 722 sz‘
2058 682 2193 733 pauci
2212 685 2312 724 sum

1289 748 1364 798 quz'
1399 747 1654 790 salvantur?
1683 748 1769 789 Hoc
1799 751 1950 802 quaerit
1980 751 2069 803 iste,
2095 753 2194 804 quia
2226 764 2313 793 non

1291 818 1480 858 audierat
1498 819 1687 860 divinam
1702 822 1964 872 sententiam,
1986 835 2070 875 qua
2084 823 2234 864 dicitur
2250 824 2278 845 ¹⁰
2300 838 2310 864 ι

1297 889 1454 929 «Multi
1483 892 1581 930 sunt
1606 891 1758 941 vocati,
1781 893 1903 944 pauci
1921 905 2023 934 vero
2047 894 2184 944 010011;
2217 909 2236 932 »
2271 894 2316 934 10

1293 961 1415 1011 quus
1434 961 1578 1011 figura
1596 960 1748 1001 dicitur
1768 962 1794 983 ¹¹
1816 974 1856 1002 z«
1875 962 1948 1004 Vae
1967 963 2089 1013 mihi,
2111 964 2210 1016 quia
2228 965 2317 1006 fac-

1292 1033 1361 1071 tus
1391 1043 1486 1072 sum
1508 1031 1616 1072 sicut
1635 1032 1707 1084 qui
1728 1032 1889 1084 colligit
1908 1033 1953 1073 in
1970 1036 2176 1075 autumno
2197 1047 2318 1075 race-

1294 1114 1386 1142 mos
1404 1102 1643 1144 vindemiae.
1665 1116 1684 1140 ))
1707 1102 1781 1144 Vel
1800 1103 1892 1143 ideo
1915 1104 2025 1144 hanc
2041 1105 2319 1157 quaestionem

1295 1173 1520 1222 faciebant,
1570 1175 1618 1213 ut
1665 1173 1924 1214 occasionem
1979 1175 2096 1216 daret
2147 1176 2321 1217 docendi

1296 1244 1441 1293 verbo,
1460 1243 1573 1295 quod
1592 1243 1833 1284 ostendebat
1853 1245 2060 1297 exemplo.
2083 1245 2200 1286 Unde
2221 1247 2322 1287 sub-

1300 1314 1359 1355 dit
1381 1329 1389 1354 :
1412 1315 1505 1366 Ipse
1524 1317 1663 1356 autem
1683 1314 1804 1357 discit
1833 1314 1890 1356 ad
1908 1315 2001 1357 illos
2024 1316 2079 1367 (v.
2101 1317 2163 1368 24)
2189 1329 2202 1357 :
2224 1317 2323 1359 Con-

1302 1383 1459 1426 tendite
1517 1386 1677 1427 intrare
1733 1396 1807 1437 per
1861 1390 2087 1438 anqustam
2142 1389 2321 1438 porcam.

1301 1455 1329 1476 ¹²
1346 1454 1514 1503 «Quam
1534 1456 1718 1506 angusta
1733 1457 1853 1507 porta
1868 1458 1909 1496 et
1920 1458 2034 1496 arcta
2049 1456 2120 1498 via
2137 1459 2212 1507 est,
2228 1468 2324 1509 quae

1301 1525 1414 1566 ducit
1433 1525 1485 1565 ad
1507 1526 1652 1575 vitam,
1675 1528 1716 1565 et
1744 1526 1868 1578 pauci
1893 1528 1991 1566 sunt
2011 1526 2084 1578 qui
2102 1527 2327 1569 inveniunt

1302 1600 1414 1635 eain!
1432 1610 1451 1632 »
1477 1595 1603 1635 Ρο110
1621 1595 1701 1635 1510
1715 1598 1777 1636 051
1798 1596 1999 1646 Christus,
2022 1597 2257 1637 secundum
2274 1597 2325 1637 il-

1302 1665 1374 1705 lud
1394 1666 1572 1707 Ioannis
1592 1666 1621 1687 ¹³
1646 1680 1654 1705 ;
1683 1666 1814 1717 «Ego
1839 1678 1935 1707 sum
1955 1666 2123 1707 ostium.
2148 1682 2167 1704 ›>
2199 1666 2325 1707 Simi-

1302 1734 1398 1774 liter
1414 1735 1501 1786 ipse
1519 1737 1581 1775 est
1599 1735 1669 1777 via
1690 1736 1716 1759 ¹¹⁰
1738 1749 1746 1774 ε
1773 1751 1792 1774 c<
1813 1735 1905 1787 Ego
1924 1747 2019 1776 sum
2043 1736 2127 1787 via,
2149 1739 2189 1777 et
2213 1735 2324 1778 veri-

1303 1807 1365 1844 tas
1387 1807 1427 1845 et
1451 1805 1557 1854 vita3
1586 1817 1711 1846 nemo
1741 1806 1857 1860 venit
1878 1807 1930 1847 ad
1951 1806 2130 1858 Patrem,
2152 1807 2232 1846 nisi
2252 1819 2328 1859 per

1305 1887 1386 1916 me.
1409 1890 1428 1913 ))
1464 1876 1562 1917 Ηο00
1586 1876 1656 1918 via
1684 1879 1797 1917 arcta
1816 1880 1891 1928 est,
1913 1880 1953 1918 et
1979 1880 2098 1930 porta
2126 1880 2325 1930 angusta,

1306 1959 1390 1988 non
1404 1951 1572 2000 propter
1584 1948 1833 2000 parvitatem
1848 1949 2060 2001 potentiae,
2075 1949 2146 1989 sed
2159 1952 2328 2001 propter

1307 2018 1600 2068 arctitudinem
1624 2019 1841 2059 modestiae
1872 2019 1939 2071 (a),
1966 2021 2006 2059 et
2036 2019 2330 2060 rectitudinem

1302 2088 1493 2139 Justitiae.
1534 2088 1651 2128 Unde
1689 2089 2011 2141 Chrysostomus
2046 2090 2074 2114 ¹5
2108 2104 2116 2128 :
2161 2104 2180 2127 α
2206 2088 2330 2129 Ρο110

1306 2161 1418 2198 01010
1442 2160 1504 2198 051
1531 2157 1732 2209 Christus,
1755 2170 1841 2198 non
1868 2158 2082 2210 potestatis
2105 2158 2327 2210 parvitate,

1306 2229 1377 2269 sed
1396 2228 1645 2269 humilitatis
1663 2227 1874 2268 ratione.»
1901 2228 2088 2269 Christus
2107 2228 2200 2268 illos
2220 2228 2266 2268 in
2287 2240 2331 2268 se

1306 2310 1392 2338 non
1410 2297 1572 2350 recipit,
1594 2297 1674 2338 nisi
1693 2297 1767 2349 qui
1791 2309 1834 2337 50
1853 2299 2063 2338 exuerunt
2085 2310 2111 2339 a
2135 2299 2327 2350 peccatis,

1307 2371 1348 2408 et
1367 2369 1651 2420 deposuerunt
1664 2370 1846 2408 vonmem
1866 2368 2073 2408 sarcinam
2094 2368 2257 2409 mundi.
2278 2368 2331 2409 Et

1307 2441 1527 2491 propterea
1542 2438 1587 2478 in
1606 2437 1807 2480 Matthoeo
1825 2438 1872 2490 (b)
1891 2438 1994 2478 01116
2016 2450 2056 2478 :a
2069 2437 2250 2479 Facilius
2269 2441 2331 2479 est

1308 2509 1517 2550 camelum
1548 2521 1621 2562 per
1648 2509 1837 2550 foramen
1861 2520 1962 2550 acus
1981 2509 2175 2561 transire,
2199 2521 2328 2562 quam

1306 2580 1479 2622 divitem
1524 2580 1681 2620 intrare
1721 2579 1765 2618 in
1814 2591 2000 2631 regnum
2044 2579 2262 2621 coelorum.
2305 2593 2324 2617 »

1308 2651 1404 2692 Ideo
1433 2662 1538 2703 ergo
1569 2653 1690 2703 porta
1716 2649 1810 2691 coeli
1835 2651 1988 2691 dicitur
2013 2653 2207 2703 angusta,
2229 2651 2331 2703 quia

1308 2721 1389 2761 nisi
1405 2721 1499 2773 quis
1518 2733 1562 2761 se
1586 2721 1753 2772 redigat
1779 2720 1831 2761 ad
1855 2721 2108 2773 parvitatem
2132 2723 2328 2762 01011510-

1308 2792 1494 2840 ritatem,
1524 2803 1611 2832 non
1641 2792 1775 2843 potest
1799 2790 1970 2831 intrare.
2001 2790 2052 2831 Et
2079 2791 2181 2843 quia
2208 2791 2331 2844 pauci

1309 2864 1405 2902 sunt
1428 2861 1545 2912 10105,
1578 2861 1671 2902 ideo
1704 2861 1844 2901 subdit
1875 2875 1884 2902 ε
1925 2862 2034 2908 Quia
2060 2862 2202 2913 multi,
2235 2862 2330 2904 dico

1308 2933 1440 2982 vobis,
1457 2935 1645 2984 quaerent
1663 2932 1840 2982 intrare,
1874 2931 2015 2972 Glossa
2035 2932 2063 2954 1⁷
2091 2947 2100 2972 :
2138 2931 2330 2972 «Salutis

1310 3005 1349 3043 et
1368 3003 1645 3055 praemiorum
1665 3014 1809 3042 amore
1834 3002 2049 3055 provocati
2072 3016 2082 3043 :
2105 3016 2124 3040 ›>
2160 3003 2221 3044 Ec
2245 3012 2331 3044 mm

1307 3076 1518 3126 poterunt,
1547 3072 1708 3113 itineris
1737 3072 1960 3125 asperitate
1988 3073 2210 3126 perterriti,
2233 3073 2332 3125 quia

1310 3156 1399 3185 non
1435 3146 1636 3197 quaerunt
1668 3143 1886 3186 voluntate
1914 3145 2084 3196 integra
2117 3146 2157 3184 et
2192 3144 2330 3196 plena.

1312 3242 1336 3262 1¹
1356 3241 1470 3279 Mz‘clz„
1489 3249 1552 3280 vn,
1575 3244 1604 3272 1.
1620 3259 1660 3263 —
1678 3242 1703 3262 1²
1722 3241 1857 3281 Mattlz„
1877 3249 1938 3281 vn,
1957 3242 2007 3272 14.
2024 3258 2059 3262 -
2083 3241 2105 3259 ¹³
2122 3241 2228 3279 Jocm„
2245 3249 2281 3281 X,
2300 3243 2330 3273 9.

1312 3305 1352 3311 —
1375 3288 1399 3308 ²¹·
1421 3287 1518 3327 1bid.‚
1540 3295 1611 3327 le,
1632 3289 1663 3318 6.
1680 3305 1720 3310 -
1740 3288 1766 3309 15
1787 3289 1858 3319 lmo
1879 3290 1995 3319 auctor
2015 3288 2115 3327 Oper.
2144 3287 2277 3327 imperf.
2299 3289 2333 3319 in

1312 3334 1450 3372 Matth„
1473 3342 1533 3374 vn,
1555 3336 1606 3375 14,
1621 3333 1716 3365 hom.
1733 3341 1831 3366 xvln.
1855 3352 1891 3357 —
1911 3335 1939 3355 1⁰
1967 3334 2100 3374 Mattlz„
2125 3341 2205 3373 xm,
2225 3336 2275 3366 24.
2294 3350 2334 3359 —-

1312 3382 1337 3403 ¹⁷
1357 3382 1452 3422 Bed„
1475 3382 1510 3413 in
1530 3382 1620 3422 Luc.,
1639 3381 1698 3412 lib.
1719 3383 1777 3422 lv,
1799 3392 1831 3414 0.
1852 3389 1933 3414 LVII.

1356 3437 1401 3478 (α)
1421 3437 1496 3477 Leq.
1513 3437 1688 3469 molestiae.
1703 3454 1744 3460 -
1766 3437 1810 3477 (b)
1831 3438 1909 3470 Goet.
1930 3437 2011 3468 edit.
2033 3438 2221 3470 Matthaeus.

2125 3498 2176 3536 38
