2634 3853
292 42 371 86 250

347 132 411 170 7⁶2.
451 130 520 172 Ad
553 131 798 182 faciendam
834 131 1199 179 misericordiam,
1239 133 1317 172 etc.

292 200 393 242 Haec
421 204 482 242 est
514 203 635 242 tertia
668 214 764 255 pars
793 203 1033 256 principalis
1064 203 1240 254 cantici,
1275 203 1319 243 in

292 284 377 325 qua
397 272 556 324 gratias
573 273 662 324 agit
685 284 760 325 pro
779 276 921 313 nostra
940 272 1205 324 reparatione
1219 304 1231 323 ,
1254 284 1319 313 se-

291 343 477 384 cundum
498 343 611 396 quod
632 343 821 395 patribus
846 343 1055 395 promissa
1074 346 1136 384 est
1156 343 1235 384 sub
1253 344 1320 395 ju-

290 414 536 467 rejurando.
562 413 612 454 Et
634 414 678 453 in
704 414 781 453 hac
801 417 918 466 parte
937 414 1075 466 primo
1095 414 1318 467 praemittit

291 484 544 538 principium
575 485 626 524 ad
653 483 986 536 promittendum
1020 496 1218 535 movens3
1253 496 1317 525 se—

291 555 451 606 cundo,
485 556 781 607 juramentum
815 555 1051 606 stabiliens3
1088 559 1129 597 et
1169 557 1316 608 tertio,

290 625 525 667 remedium
545 626 823 679 subsequens

344 696 606 750 Principium
625 700 769 738 autem
795 710 974 740 movens
995 699 1046 740 ad
1069 701 1319 752 promitten-

291 768 418 818 dum,
440 768 519 809 fuit
547 768 691 809 divina
717 770 1024 820 misericordia,
1059 783 1112 811 ex
1143 783 1228 824 qua
1250 783 1318 811 or-

291 842 386 881 tum
402 839 550 880 habuit
562 840 854 881 testimonium
868 844 1037 894 patrum
1051 856 1059 891 ;
1080 843 1121 881 et
1134 841 1215 882 1100
1231 844 1319 883 tan-

292 911 370 962 git,
387 922 483 951 cum
498 911 619 952 dicit:
636 911 704 952 Ad
725 912 969 962 faciendam
985 912 1319 955 misericordiam

289 993 383 1024 cum
398 982 596 1034 patribus
623 983 795 1025 nostris.
832 983 881 1023 Et
901 983 1023 1024 debet
1048 984 1193 1025 iterari
1220 997 1318 1026 ver-

287 1055 391 1095 bum
426 1055 543 1107 prius
575 1054 784 1107 positum,
823 1055 979 1096 scilicet
1017 1057 1319 1098 benedictionis

286 1128 327 1167 et
351 1126 573 1167 erectionis
597 1140 604 1166 :
624 1126 910 1167 «Benedictus
928 1127 1062 1179 Deus,
1086 1128 1159 1181 qui
1186 1129 1320 1169 erexit

285 1208 419 1237 cornu
452 1196 621 1246 salutiS,
655 1199 704 1237 ut
728 1197 883 1238 faceret
911 1199 1260 1241 misericordiam.
1293 1215 1312 1238 ))

285 1270 295 1291 ¹
323 1283 342 1307 (ι
361 1268 534 1309 Paelens
553 1269 886 1311 misericordiam
908 1271 951 1311 in
974 1271 1109 1312 millia
1138 1272 1219 1323 his,
1244 1273 1318 1326 qui

285 1341 472 1392 diligunt
493 1352 560 1381 me
574 1372 584 1390 ,
609 1343 650 1381 et
669 1341 911 1382 custodiunt
928 1345 1138 1396 praecepta
1160 1355 1268 1385 mea.
1297 1360 1316 1383 ›)

285 1411 336 1452 Et
357 1411 502 1454 Tobz’as
517 1416 531 1437 ²
552 1426 560 1452 t
590 1427 609 1450 (ι
625 1412 899 1454 Benedictum
918 1416 981 1455 est
994 1426 1151 1455 nomen
1169 1417 1309 1467 tuum,

286 1482 395 1523 Deus
423 1486 592 1535 patrum
624 1487 868 1525 nostrorum
900 1499 909 1525 :
945 1486 1019 1538 qui
1051 1498 1148 1527 cum
1182 1487 1315 1546 iratus

283 1553 435 1604 fueris,
469 1554 802 1595 misericordiam
828 1555 929 1596 facis
957 1557 1029 1610 (a),
1069 1560 1110 1597 et
1136 1557 1183 1598 in
1208 1561 1313 1599 tem-

283 1637 384 1679 pore
404 1625 708 1677 tribulationis,
741 1630 908 1679 peccata
931 1627 1106 1669 dimittis
1127 1629 1194 1670 his
1209 1662 1218 1679 ,
1241 1631 1315 1683 qui

281 1699 322 1738 te
350 1697 562 1739 invocant.
597 1711 616 1734 »
651 1696 702 1738 Et
730 1697 838 1739 libro
861 1699 1021 1752 Requm
1042 1701 1055 1722 ³
1077 1715 1085 1740 :
1112 1716 1130 1740 t(
1152 1701 1317 1754 Magni-

281 1769 412 1809 ficans
431 1768 586 1808 salutes
605 1769 717 1821 regis
732 1769 797 1810 sui
813 1801 823 1820 ,
846 1773 886 1810 et
904 1770 1063 1812 faciens
1078 1773 1316 1814 misericor-

283 1839 395 1880 diam
417 1839 580 1880 Ghristo
611 1851 689 1880 suo
710 1840 865 1892 David,
901 1843 942 1882 et
965 1842 1117 1883 semini
1150 1845 1242 1897 ejus
1272 1845 1316 1885 in

283 1912 605 1964 sempiternum.
627 1926 646 1950 n
673 1911 725 1952 Et
742 1912 836 1953 fecit
857 1913 1192 1956 misericordiam
1215 1928 1312 1968 pro-

283 1981 511 2032 mittendo,
531 1983 642 2035 quod
671 1983 768 2024 fecit
794 1984 984 2025 debitum
1014 1998 1090 2038 per
1115 1989 1286 2039 pactum
1301 2004 1310 2039 ;

281 2053 376 2094 ideo
409 2054 549 2095 subdit
583 2069 592 2094 :
624 2054 679 2097 Ετ
706 2057 933 2097 memorari
968 2059 1212 2101 testamenti
1242 2059 1316 2100 sui

281 2126 438 2168 sancti.
452 2126 465 2147 ¹*
487 2141 506 2165 <‹
522 2126 684 2167 Memor
696 2127 776 2167 fuit
789 2128 832 2167 in
851 2128 1058 2169 saeculum
1076 2131 1314 2171 testamenti

281 2196 370 2248 sui,
393 2197 513 2237 verbi
533 2198 646 2250 quod
676 2199 894 2240 mandavit
921 2199 966 2239 in
985 2200 1102 2241 mille
1132 2186 1314 2252 genera-

281 2268 437 2320 1101105,
465 2269 579 2322 quod
599 2270 804 2323 disposuit
819 2271 871 2311 ad
886 2270 1126 2323 Abraham,
1147 2274 1187 2313 et
1198 2274 1316 2325 jura-

280 2341 413 2381 menti
434 2341 500 2382 sui
531 2342 584 2382 ad
616 2341 744 2383 Isaac.
778 2357 797 2380 >³
824 2341 875 2383 Et
894 2345 1018 2394 nota,
1044 2343 1157 2396 quod
1190 2347 1314 2385 vetus

280 2414 580 2454 testamentum
595 2414 674 2454 suit
690 2416 883 2454 sanctum
899 2426 975 2467 per
988 2414 1310 2466 figurationem,

281 2495 445 2525 novum
464 2497 566 2525 vero
589 2497 665 2538 per
696 2486 1001 2526 continentiam
1030 2488 1071 2525 et
1101 2486 1311 2538 impletio-

283 2567 404 2605 nem;
425 2556 538 2596 unde
560 2561 754 2597 sanctum
772 2559 1073 2598 testamentum
1097 2561 1219 2599 vocat
1235 2559 1315 2598 tes-

282 2629 519 2667 tamentum
538 2639 721 2678 novum,
760 2628 874 2681 quod
906 2628 1183 2671 sanctificavit
1214 2641 1311 2669 san-

283 2699 414 2751 guine
436 2710 514 2739 5110
534 2703 547 2724 ⁵
569 2713 577 2739 :
609 2714 627 2737 «
647 2699 709 2740 Tu
731 2711 902 2752 quoque
927 2700 971 2740 in
998 2699 1205 2751 sanguine
1225 2702 1314 2741 tes-

284 2770 461 2810 tamenti
487 2771 551 2811 tui
570 2771 745 2811 emisisti
765 2771 927 2812 vinctos
947 2771 997 2811 de
1016 2771 1131 2823 lacu,
1157 2772 1201 2812 111
1229 2784 1316 2825 quo

285 2853 371 2882 non
392 2844 452 2882 est
471 2855 594 2895 aqua.
617 2857 636 2880 »
662 2842 712 2883 Et
731 2842 790 2885 ad
809 2842 1002 2885 Hebroeos
1022 2842 1035 2865 ‘³
1056 2856 1070 2882 .·
1095 2858 1113 2882 c(
1134 2843 1177 2884 Si
1200 2844 1315 2885 enim

286 2913 468 2965 sanguis
487 2913 705 2954 hircorum
725 2916 765 2955 et
784 2917 1033 2965 taurorum,
1058 2917 1099 2956 et
1125 2915 1231 2956 cinis
1250 2916 1316 2957 vi-

286 2985 387 3027 tulae
436 2997 647 3039 aspersuS,
692 2987 935 3039 inquinatos
983 2987 1215 3029 sanctificat
1263 2989 1315 3029 ad

287 3057 631 3098 emundationem
660 3058 798 3098 carnis
824 3073 832 3099 :
856 3061 1018 3111 quanto
1049 3060 1188 3112 magis
1217 3072 1316 3101 san-

287 3129 386 3182 guis
400 3127 564 3180 Christi,
578 3129 651 3181 qui
664 3140 735 3181 per
747 3128 950 3182 Spiritum
961 3133 1152 3171 sanctum
1167 3134 1317 3173 semet-

331 3264 337 3281 ¹
365 3260 488 3300 Eaeod.‚
516 3269 582 3302 xx,
607 3263 637 3293 6.
667 3278 708 3285 --
732 3261 746 3283 2
776 3261 865 3302 Tob„
897 3269 958 3301 111,
985 3263 1035 3293 13.
1062 3277 1102 3285 -
1124 3262 1135 3281 ³
1168 3263 1195 3294 ll
1225 3263 1315 3306 Κεφ,

287 3317 381 3350 xxii,
401 3311 453 3341 51.
475 3325 516 3333 --
543 3310 553 3327 ⁴
577 3308 666 3342 Psal.
690 3317 757 3349 ew,
777 3310 815 3349 8,
837 3310 867 3341 9.
888 3325 928 3332 -
951 3308 965 3330 ⁸
988 3308 1102 3349 Zac-h„
1128 3317 1186 3349 lx,
1208 3313 1259 3342 11.
1277 3328 1316 3335 -

288 3356 300 3375 ⁶
318 3356 432 3396 Helm,
451 3364 500 3398 lx,
523 3357 635 3389 13-15.
654 3374 695 3381 —
715 3357 725 3375 ⁷
742 3355 856 3397 Helm,
880 3363 954 3395 vin,
971 3357 1002 3387 8.
1020 3373 1059 3379 —
1079 3356 1090 3374 ⁸
1108 3357 1201 3396 Gen„
1227 3366 1301 3390 xxn

1017 40 1298 84 EVANGELH
1329 41 1515 86 SANCTI
1543 45 1692 88 LUCAE

1392 132 1533 186 ipsum
1565 135 1719 177 obtulit
1745 136 2068 180 immaculatum
2087 139 2195 190 Deo,
2219 140 2422 182 emunda-

1392 203 1453 245 bit
1471 206 1769 247 conscientiam
1797 208 1987 248 nostram
2014 210 2067 250 ab
2087 210 2285 263 operibus
2304 223 2419 252 mor-

1392 275 1496 326 tuis,
1521 276 1573 317 ad
1600 277 1871 318 serviendum
1907 278 1990 319 Deo
2020 280 2214 322 viventi?
2247 282 2299 323 Et
2327 282 2421 324 ideo

1392 347 1492 387 novi
1512 348 1748 388 testamenti
1768 347 1973 389 mediator
1995 352 2081 400 est,
2099 353 2169 403 ut,
2193 356 2327 394 morte
2353 354 2419 394 in-

1392 417 1628 459 tercedente
1642 450 1654 469 ,
1672 419 1717 458 in
1740 419 2073 472 redemptionem
2093 433 2242 462 earum
2261 434 2422 475 praeva-

1392 487 1647 530 ricationum
1662 502 1759 543 quae
1773 493 1894 531 erant
1909 491 1987 531 sub
2005 491 2138 544 priori
2154 494 2419 544 testamento,

1392 561 1765 612 repromissionem
1793 561 2016 614 accipiant,
2048 563 2123 615 qui
2144 564 2280 604 vocati
2301 567 2419 616 sunt,

1392 633 1564 673 aeternae
1585 633 1859 674 haereditatis.
1884 648 1902 671 »
1928 632 1978 674 Et
1997 633 2079 674 hoc
2098 636 2177 684 est,
2196 635 2307 687 quod
2327 638 2425 677 ante

1391 703 1662 756 promiserat,
1685 703 1792 744 sicut
1813 704 1968 744 dicitur
1987 704 2000 726 ⁷
2025 719 2033 745 :
2059 719 2079 743 «
2112 705 2424 747 Consummabo

1393 786 1521 827 super
1541 775 1718 816 domum
1740 775 1863 816 Israel
1876 808 1890 826 ,
1912 777 1953 816 et
1972 788 2099 829 super
2119 776 2295 817 domum
2315 777 2337 818 J
2342 777 2425 818 uda

1391 848 1695 887 testamentum
1716 858 1894 888 novum.
1920 861 1939 884 »

1446 917 1640 957 Secundo
1679 916 1821 957 subdit
1853 919 2150 970 juramentum
2186 919 2423 969 stabiliens,

1391 998 1491 1027 cum
1508 987 1566 1027 ait
1583 986 1637 1039 (v,
1661 987 1724 1039 73)
1747 1001 1756 1027 t
1778 988 1805 1029 J
1807 987 2109 1040 asy'mandum,
2125 989 2239 1042 quod
2253 989 2427 1041 juravit

1392 1058 1450 1099 act
1469 1058 1685 1100 Abraham
1705 1061 1870 1110 patrem
1888 1062 2093 1101 nostrum.
2113 1059 2163 1100 Et
2179 1060 2302 1101 debet
2321 1072 2427 1101 sem-

1392 1141 1467 1182 per
1487 1129 1631 1170 iterari
1651 1130 1831 1171 verbum
1851 1130 2138 1183 praemissum.
2162 1131 2176 1153 ³
2202 1146 2220 1169 «
2241 1131 2321 1172 Per
2342 1143 2427 1173 me-

1391 1201 1621 1254 metipsum
1636 1201 1798 1254 jiiravi,
1815 1202 1913 1242 dicit
1936 1201 2158 1243 Dominus:
2174 1203 2275 1255 quia
2294 1203 2425 1244 fecisti

1390 1273 1499 1313 hanc
1519 1284 1609 1312 rem
1622 1304 1632 1321 ‚
1655 1275 1696 1313 01
1716 1284 1800 1312 11011
1821 1272 2042 1325 pepercisti
2062 1272 2149 1313 filio
2169 1276 2243 1314 tuo
2263 1274 2425 1325 unige-

1390 1344 1479 1384 nito
1495 1377 1504 1395 ,
1528 1344 1774 1384 benedicam
1789 1343 1886 1393 tibi,
1910 1347 1950 1384 et
1970 1344 2262 1397 multiplicabo
2282 1357 2425 1386 semen

1390 1419 1537 1466 tuum,
1562 1416 1669 1456 sicut
1699 1415 1838 1456 stellas
1864 1415 1981 1465 coeli,
2014 1418 2055 1456 et
2074 1416 2193 1457 velut
2224 1429 2397 1458 arenam
2413 1449 2422 1466 ,

1390 1498 1487 1539 quae
1520 1489 1583 1526 est
1611 1487 1656 1526 in
1675 1486 1816 1526 littore
1839 1486 1985 1526 maris.
2018 1486 2250 1527 Possidebit
2280 1498 2426 1527 semen

1391 1559 1516 1596 tuum
1538 1558 1680 1608 portas
1711 1556 1985 1597 inimicorum
2014 1568 2212 1608 suorum,
2236 1559 2278 1597 et
2296 1557 2423 1598 bene-

1390 1626 1585 1667 dicentur
1598 1627 1642 1667 in
1655 1627 1816 1668 semine
1832 1630 1903 1667 tuo
1921 1639 2019 1668 omn
2026 1640 2069 1668 es
2082 1630 2232 1680 gentes
2242 1631 2383 1670 terrae.
2399 1643 2418 1667 ›)

1391 1699 1511 1750 Quod
1522 1700 1792 1741 introducens
1804 1699 2043 1753 Apostolus,
2057 1700 2198 1754 inquit
2207 1701 2221 1723 ⁹
2236 1715 2244 1741 ε
2264 1716 2283 1740 ε(
2296 1701 2425 1741 Abra-

1389 1771 1458 1813 hae
1478 1783 1664 1824 namque
1690 1771 1942 1825 promittens
1967 1772 2094 1823 Deus,
2117 1772 2320 1825 quoniam
2348 1785 2423 1813 ne-

1390 1843 1551 1883 minem
1572 1843 1742 1894 habuit,
1758 1856 1834 1897 per
1851 1856 1978 1897 quem
1996 1846 2175 1898 J'uraret,
2199 1846 2420 1898 maJ'orem,

1386 1915 1550 1967 Juravit
1572 1927 1646 1968 per
1664 1916 1940 1968 semetipsum
1961 1916 2102 1957 dicens
2122 1931 2130 1956 :
2150 1915 2237 1957 Nisi
2257 1917 2425 1958 benedi-

1389 1999 1486 2027 cens
1506 1987 1751 2028 benedicam
1765 1991 1826 2037 te,
1850 1990 1890 2028 et
1910 1987 2194 2040 multiplicans
2216 1988 2424 2041 multipli-

1389 2059 1492 2099 cabo
1514 2062 1568 2099 te.
1592 2073 1610 2096 »
1646 2058 1697 2098 Et
1717 2045 1942 2111 sequitur:
1971 2073 1990 2096 «
2012 2058 2060 2098 In
2082 2071 2167 2111 quo
2199 2059 2421 2100 abundan-

1388 2130 1474 2171 tius
1486 2130 1633 2171 volens
1648 2129 1758 2170 Deus
1772 2129 1991 2170 ostendere
2006 2129 2317 2183 pollicitationis
2338 2130 2424 2172 1130-

1388 2202 1560 2243 redibus
1579 2202 1921 2243 immobilitatem
1943 2202 2105 2243 consilii
2126 2202 2212 2252 sui,
2235 2202 2420 2255 interpo-

1388 2274 1473 2316 suit
1485 2274 1805 2327 ι111531110111111111,
1823 2276 1869 2314 111
1882 2286 1957 2326 per
1967 2274 2072 2315 duas
2086 2269 2152 2314 res
2165 2274 2420 2326 immobiles,

1389 2346 1544 2400 quibus
1560 2345 1820 2398 impossibile
1836 2348 1898 2386 est
1918 2345 2088 2386 mentiri
2110 2345 2259 2397 Deum,
2283 2345 2422 2386 fortis-

1389 2418 1546 2458 simum
1569 2416 1767 2458 solatium
1783 2417 2033 2468 habeamUS,
2059 2416 2131 2469 qui
2150 2416 2424 2469 confugimus

1389 2489 1443 2530 ad
1461 2489 1687 2529 tenendam
1717 2488 1977 2542 propositam
2008 2499 2183 2541 spem.»
2219 2487 2421 2538 Abrahae,

1389 2560 1585 2614 promisit
1625 2560 1802 2611 scilicet,
1839 2560 2043 2602 daturum
2071 2569 2113 2601 se
2144 2558 2266 2601 nobis
2280 2590 2290 2609 ,
2326 2557 2425 2598 filiis

1389 2633 1504 2685 ejus,
1527 2631 1724 2672 videlicet
1743 2643 1819 2685 per
1838 2630 2189 2684 promissionem,
2217 2629 2421 2681 unigeni-

1389 2706 1482 2745 tum
1503 2714 1631 2744 suum
1653 2702 1681 2724 ¹⁰
1705 2715 1745 2743 :<‹
1766 2701 1834 2743 Sic
1853 2701 1969 2742 enim
1991 2700 2102 2741 Deus
2123 2700 2269 2742 dilexit
2295 2712 2422 2741 mun-

1389 2774 1512 2826 dum,
1537 2776 1584 2815 ut
1602 2774 1739 2815 filium
1760 2785 1887 2814 suum
1904 2772 2179 2825 unigenitum
2208 2771 2352 2822 daret,
2375 2774 2423 2812 111

1390 2846 1530 2887 omnis
1559 2846 1632 2900 qui
1664 2845 1794 2886 credit
1818 2845 1863 2885 in
1890 2844 2002 2897 ipso,
2036 2855 2123 2883 non
2151 2845 2317 2895 pereat,
2350 2843 2423 2884 sed

1390 2917 1542 2958 habeat
1559 2917 1693 2959 vitam
1710 2918 1929 2957 aeternam.
1951 2928 1970 2952 ι)
1996 2913 2046 2954 Et
2065 2912 2125 2954 ad
2137 2913 2345 2955 Romanos
2357 2913 2385 2935 ¹¹
2409 2927 2418 2953 z

1396 3004 1416 3028 «
1435 2989 1515 3038 Qui
1535 2988 1704 3041 proprio
1724 2987 1812 3028 filio
1825 2999 1913 3027 non
1928 2983 2137 3038 pepercit,
2159 2984 2231 3025 sed
2251 2996 2327 3037 pro
2346 2997 2423 3026 no-

1390 3060 1456 3101 bis
1479 3060 1679 3101 omnibus
1708 3057 1880 3100 tradidit
1910 3056 2058 3106 illum,
2092 3056 2305 3108 quomodo
2335 3068 2423 3097 non

1390 3132 1520 3173 etiam
1539 3143 1638 3172 cum
1657 3130 1730 3171 illo
1751 3128 1896 3170 omnia
1916 3127 2040 3169 nobis
2059 3127 2261 3170 donavit?
2278 3142 2297 3167 »
2331 3129 2422 3170 Hu-

1392 3246 1502 3279 16-18.
1522 3260 1562 3267 -
1585 3232 1600 3263 θ’
1615 3241 1729 3283 Hebr„
1750 3249 1804 3280 vi,
1826 3242 1878 3282 13,
1899 3242 1955 3282 14,
1980 3242 2031 3280 17,
2052 3242 2102 3276 18.
2126 3260 2162 3265 -
2187 3242 2213 3261 ¹·
2233 3241 2342 3282 Joan„
2361 3250 2420 3282 111,

1393 3295 1444 3326 16.
1461 3309 1502 3316 —
1523 3291 1546 3312 ¹¹
1574 3291 1681 3329 Rom.‚
1700 3297 1768 3330 V11,
1789 3289 1842 3321 32.

1435 3358 1482 3402 (a)
1508 3351 1604 3399 Vu'lq.
1625 3355 1739 3389 facies.
