2587 3845
948 533 1342 583 PRAEFATIONIS
1381 534 1523 583 LOGO

562 684 612 717 Ex
641 684 831 717 prodromo
861 684 903 716 ad
932 692 1037 725 opera
1061 683 1175 716 onmia
1203 684 1238 717 S.
1268 683 1516 716 Bonaventurae
1547 684 1707 724 excerpta
1736 683 1904 725 quaedam,

681 1032 701 1079 ,ξ
719 1033 801 1069 1.-
820 1033 857 1069 IN
876 1042 1000 1069 mamm
1021 1032 1212 1069 SAPIENTIAE
1234 1030 1450 1079 (Prodrom.,
1470 1030 1538 1067 col.
1559 1031 1641 1076 633,
1663 1029 1766 1076 634).

214 1159 314 1201 Haec
331 1157 547 1212 Expositio
567 1158 625 1198 sic
643 1170 667 1197 a
687 1157 916 1198 Ptolomaeo
935 1156 1112 1198 Lucensi
1132 1156 1338 1206 innuitur,
1359 1158 1409 1198 ut
1431 1155 1782 1197 luculentioribus
1804 1155 1946 1197 verbis
1959 1167 1984 1195 a
2002 1155 2169 1196 duobus
2189 1166 2284 1208 per-

160 1237 336 1280 vetustis
356 1237 604 1280 lnventariis
623 1236 794 1277 Tuderti
814 1237 858 1276 in
877 1236 1058 1277 sacrario
1077 1235 1118 1276 S.
1142 1235 1383 1286 Fortunati,
1406 1234 1505 1275 Min.
1529 1233 1730 1275 Convent.
1745 1265 1757 1283 ,
1778 1232 2065 1284 significetur,
2085 1235 2213 1286 atque
2232 1234 2286 1274 ab

158 1314 409 1355 editionibus
439 1325 537 1357 cum
569 1312 902 1362 universalibus,
931 1315 1025 1353 tum
1054 1312 1344 1363 singularibus
1372 1313 1522 1352 testata
1555 1312 1642 1350 fiat.
1680 1324 1699 1348 «
1727 1309 1845 1359 Quod
1877 1310 1920 1349 in
1949 1310 2161 1363 superoris
2188 1310 2283 1351 libri

155 1389 413 1431 Ecclesiastae
431 1389 772 1442 interpretatione
792 1389 887 1429 fecit
907 1389 1096 1439 (auctor),
1118 1387 1264 1428 itidem
1281 1388 1362 1430 hac
1383 1387 1655 1439 Expositione
1675 1387 1795 1438 facit,
1815 1401 1834 1425 n
1856 1388 1976 1428 aiunt
1994 1387 2174 1428 Romani
2188 1388 2283 1429 Edi-

154 1469 279 1517 tores,
295 1466 502 1519 siquidem
516 1465 568 1506 ad
582 1465 656 1517 huj
664 1477 715 1505 us
731 1464 829 1504 libri
842 1463 1342 1516 explicationempariter
1360 1464 1530 1506 «utitur
1551 1466 1591 1503 et
1610 1463 1768 1503 crebris
1788 1463 2032 1505 divinarum
2046 1464 2281 1505 litterarum

71 1589 75 1591 ,
153 1542 492 1592 auctoritatibus,
515 1543 556 1582 et
585 1543 827 1581 sanctorum
861 1540 1036 1581 Patrum
1057 1541 1312 1582 doctrinis.»
1350 1541 1471 1590 Quod
1499 1544 1655 1593 spectat
1687 1540 1851 1591 PatreS,
1882 1541 2015 1581 adfert
2039 1542 2281 1583 testimonia

145 1619 360 1672 Dionysii,
377 1618 568 1669 Eusebii,
584 1618 816 1668 Ambrosii,
841 1616 1110 1670 Hieronymi,
1128 1618 1382 1670 Augustini,
1403 1619 1570 1669 Isidori,
1591 1619 1803 1670 Gregorii,
1819 1620 2083 1672 Damasceni,
2102 1620 2276 1672 Rabani‚

150 1693 371 1746 Bernardi,
394 1694 603 1747 Hugonis.
627 1694 730 1735 Citat
749 1706 917 1746 quoque
938 1694 1166 1747 Josephum
1186 1695 1436 1745 Hebraeum,
1458 1698 1584 1747 atque
1610 1696 1817 1736 Boetium.
1852 1696 2062 1738 Praeterea
2085 1710 2276 1751 saepenu-

149 1784 266 1813 mero
292 1771 435 1813 laudat
461 1771 747 1820 Aristotelem,
781 1783 829 1811 ac
855 1771 989 1812 multa
1006 1784 1067 1811 ex
1099 1774 1190 1824 eJus
1222 1785 1335 1825 penu
1365 1773 1572 1826 depromit
1600 1787 1609 1812 ε
1634 1773 1745 1825 quod
1777 1773 2001 1814 observare
2035 1774 2278 1817 debuissent

147 1848 368 1891 novissimi
387 1847 598 1899 Editores,
621 1848 693 1900 qui
712 1848 792 1888 hac
818 1847 981 1888 ratione
1009 1847 1286 1900 repudiarunt
1309 1849 1525 1890 Summam
1544 1849 1846 1901 Exposiciom‘s
1870 1850 1917 1891 in
1937 1850 2210 1902 Psalterz‘um,
2235 1855 2276 1893 et

146 1924 422 1966 nihilominus
442 1927 692 1977 praesentem
715 1924 1074 1965 Commentariun]
1091 1924 1200 1965 inter
1216 1931 1327 1981 certa
1348 1926 1659 1968 Bonaventurae
1674 1938 1801 1978 opera
1817 1926 2092 1968 admiserunt.
2106 1928 2274 1981 Allegat

144 2001 271 2042 etiam
304 2000 543 2052 Platonem,
577 2000 786 2049 Tullium,
819 1999 1041 2041 Horatium
1070 2004 1111 2042 et
1139 2001 1356 2043 Senecam.
1378 2002 1560 2043 Adhibet
1579 2004 1752 2055 insuper
1772 2015 1915 2055 graeca
1945 2004 2164 2056 quaedam,
2192 2017 2271 2047 nec

143 2077 324 2118 abstinet
351 2076 404 2118 ab
433 2076 662 2128 hebraicis,
689 2079 737 2117 ut
758 2088 857 2116 cum
883 2076 941 2116 ait
970 2090 978 2117 :
1021 2091 1040 2115 ε(
1063 2077 1234 2119 Graecus
1259 2078 1365 2119 liber
1393 2078 1519 2120 habet
1549 2092 1626 2132 pro
1653 2081 1866 2122 coturnice
1893 2084 2217 2133 ortygometram
2239 2083 2265 2122 ¹.

142 2153 312 2195 Poderis
325 2155 385 2195 est
398 2153 511 2194 linea
530 2153 656 2195 vestis
671 2165 808 2206 usque
827 2153 879 2194 ad
899 2153 1024 2205 pedes
1044 2155 1320 2206 descendens;
1344 2156 1456 2196 unde
1476 2156 1629 2198 dicitur
1648 2169 1673 2197 a
1691 2157 1825 2199 Podos
1841 2168 1995 2209 graece‚
2012 2157 2123 2210 quod
2138 2158 2267 2211 pedes

138 2233 258 2271 sonat
274 2231 303 2271 ².
326 2229 488 2272 Nomen
508 2230 579 2271 Dei
595 2230 874 2283 magnificum
894 2232 1296 2283 tetragrammaton,
1319 2233 1360 2274 id
1381 2236 1443 2274 est
1462 2246 1515 2274 ex
1537 2236 1721 2286 quatuor
1739 2234 1903 2286 litteris,
1928 2246 2024 2287 quae
2045 2236 2143 2274 sunt
2169 2234 2263 2286 Iod,

136 2305 261 2358 Heth,
282 2306 388 2359 Vau,
414 2306 475 2348 He
493 2307 520 2348 ³.
541 2321 560 2345 »
587 2307 637 2349 Et
655 2310 798 2350 tamen
826 2307 982 2349 horum
1017 2320 1070 2349 ne
1095 2309 1233 2351 levem
1257 2311 1429 2363 quidem
1450 2310 1642 2364 peritiam
1661 2311 1860 2353 habuisse
1888 2311 2051 2365 praefati
2075 2310 2264 2353 Editores

134 2381 325 2424 credunt.

186 2457 306 2507 Quod
323 2469 426 2501 vero
444 2459 629 2512 pertinet
647 2461 700 2501 ad
720 2463 936 2504 auctorem
956 2463 1088 2515 huJus
1114 2464 1211 2505 libri
1235 2466 1500 2518 Sapientem,
1535 2465 1794 2507 cohaerenter
1821 2466 1874 2507 ad
1904 2478 1954 2507 ea
1985 2477 2082 2518 quae
2106 2466 2261 2520 scripta

131 2533 294 2573 suntin
315 2533 709 2578 aluminationibus
743 2548 819 2578 seu
848 2540 1154 2583 Luminaribus
1175 2541 1398 2591 Ecclesiae,
1430 2542 1566 2594 inquit
1591 2554 1644 2582 ex
1670 2541 1850 2582 Eusebio
1878 2544 1919 2583 et
1943 2542 2137 2593 Rabano,
2166 2544 2258 2595 eJus

137 2622 156 2647 α
174 2620 344 2650 causam
360 2609 608 2652 efficientem
630 2624 704 2665 per
723 2615 898 2655 modum
918 2616 1172 2658 invenientis
1197 2629 1287 2658 esse
1305 2618 1590 2669 Salomonem,
1619 2618 1859 2670 proximam
1879 2630 2051 2659 causam
2070 2619 2254 2660 efficien-

128 2686 299 2737 temper
312 2686 486 2727 modum
504 2688 766 2740 compilantis
780 2691 907 2732 fuisse
925 2690 1147 2734 Philonem
1165 2693 1527 2746 sapientissimum
1551 2694 1572 2735 J
1577 2694 1798 2735 udaeorum
1815 2695 2075 2748 temporibus
2094 2697 2255 2748 aposto-

125 2761 281 2802 lorum.
303 2775 322 2800 »
347 2761 478 2816 quue
496 2763 743 2818 Hieronymi
771 2766 897 2808 etiam
922 2769 1168 2810 auctoritate
1187 2770 1423 2811 confirmat.
1449 2769 1558 2811 Dum
1575 2782 1680 2823 ergo
1700 2770 1955 2812 Ptolomaeus
1982 2771 2182 2813 Lucensis
2202 2772 2252 2813 de

123 2839 266 2880 nostro
284 2838 581 2883 Bonaventura
599 2842 658 2883 ait
681 2857 689 2884 :
715 2858 735 2882 (ι
757 2843 990 2887 Postillavit
1020 2846 1151 2887 libros
1170 2845 1423 2897 Salomonis,
1445 2861 1464 2885 ›)
1492 2849 1569 2888 etc.
1583 2878 1596 2897 ,
1618 2847 1787 2888 videtur
1805 2847 1977 2899 quidem
1996 2850 2249 2901 praesentem

121 2917 474 2958 commentarium
504 2921 879 2973 comprehendere,
910 2925 1056 2976 utpote
1089 2923 1186 2964 libri
1218 2924 1269 2964 ad
1299 2923 1568 2965 Salomonem
1591 2924 1840 2976 spectantis,
1868 2924 2016 2966 saltem
2044 2928 2247 2978 tanquam

123 2990 403 3044 inventorem;
427 2995 499 3036 sed
517 2996 653 3037 multo
672 2997 812 3050 magis
831 2999 1096 3052 superiorem
1111 3000 1418 3053 expositionem
1431 3032 1444 3051 ,
1462 3012 1539 3041 ceu
1562 3001 1660 3041 libri
1681 3002 1834 3043 certius
1852 3002 1905 3042 ad
1922 3002 2120 3043 eumdem
2134 3002 2247 3043 Salo-

121 3078 291 3109 monem
313 3070 573 3122 pertinentiS.
595 3072 712 3115 Unde
731 3074 890 3116 mirum
910 3077 1105 3129 praefatos
1123 3076 1314 3118 Editores
1341 3077 1387 3118 in
1412 3079 1560 3118 testem
1588 3078 1807 3131 praesentis
1836 3078 2119 3132 Expositionis
2144 3091 2240 3131 pro-a

121 3142 291 3186 duxisse
310 3145 542 3189 Lucensem
555 3180 566 3200 ,
586 3150 828 3193 nullatenus
846 3165 949 3194 vero
969 3154 1013 3194 in
1032 3154 1261 3207 superioris
1280 3154 1585 3196 testimonium.

173 3220 317 3276 Neque
340 3235 394 3265 ex
412 3224 563 3268 Jacobo
587 3227 778 3270 Echardo
793 3229 822 3279 ⁶,
855 3231 896 3270 et
928 3229 1128 3271 Casimiro
1158 3230 1324 3273 Oudino
1345 3235 1374 3282 ⁵,
1397 3231 1599 3284 obJeceris
1617 3230 1804 3272 codicem
1823 3231 2092 3273 Bibliothecae
2119 3231 2241 3274 Pari-

121 3296 267 3340 siensis
299 3300 344 3343 S.
376 3301 553 3346 Victoris
582 3306 780 3360 scriptam
811 3318 880 3348 an.
913 3309 1039 3359 1267,
1069 3308 1439 3362 continentemque
1473 3308 1589 3350 hunc
1625 3308 1767 3361 ipsum
1803 3308 2164 3350 Commentarium
2194 3309 2238 3349 in

121 3416 558 3502 ⁸÷Offipilfvz,0}1u{.2{‹4>m.
578 3434 611 3465 p.
633 3427 703 3459 111.
725 3443 765 3450 —
784 3425 798 3446 2
817 3427 897 3468 Cap.
919 3435 1018 3468 xvm,
1036 3437 1070 3470 p.
1091 3429 1161 3460 130.
1185 3445 1220 3450 —
1244 3430 1254 3446 ³⁵
1276 3428 1360 3460 lbid.
1381 3445 1422 3451 —
1443 3428 1453 3448 ⁴
1478 3427 1639 3468 scriptor.
1660 3428 1735 3460 ord.
1756 3427 1909 3469 Praedic„
1926 3437 1959 3468 p.
1980 3429 2052 3466 439,
2077 3427 2141 3459 col.
2165 3430 2237 3459 1.—

239 3488 246 3496 .
318 3488 325 3505 ‚
399 3489 407 3498 .
513 3491 522 3502 ,

301 3535 400 3566 ΤΟΜ.
432 3538 476 3568 X.
2025 3545 2052 3573 (A
