2634 3853
1153 223 1322 265 CAPUT
1351 223 1420 264 III.

225 325 305 366 fuit
319 320 590 370 delectabilis,
610 319 656 359 in
675 319 884 371 quantum
915 315 967 356 ad
993 313 1245 366 redemptio-

224 406 323 435 nem
343 390 515 432 humani
534 388 704 442 generis
723 387 926 428 ordinata.

277 461 500 511 Moraliter,
523 461 668 501 dentes
682 458 861 508 candidi,
881 456 1061 506 robusti,
1078 466 1248 495 carnem

222 545 309 574 non
327 532 547 583 habentes,
571 531 684 572 corio
704 531 908 578 carentes,
944 531 1041 567 sunt
1060 525 1249 577 religiosi

223 604 331 644 nihil
349 603 462 643 intra
494 615 536 643 se
555 602 780 655 patientes,
816 592 1083 640 acerbissime
1109 597 1250 637 decer-

224 675 394 724 nentes;
430 673 561 713 clausi
578 672 716 721 labiis,
737 671 778 711 id
798 672 873 720 est,
896 668 1149 716 invisibiles,
1168 667 1250 706 nisi

223 744 270 784 in
288 745 395 793 risu;
418 744 493 784 toti
513 742 677 796 corpori
694 741 974 790 masticantes,
1003 738 1173 779 nullum
1191 749 1252 777 sa-

224 814 396 867 pientiae
415 814 512 855 inde
533 825 690 854 semen.

279 888 343 926 17.
367 885 475 926 Vau.
499 885 553 926 Ετ
569 884 740 936 repulsa
753 886 814 925 est
827 893 853 924 a
868 891 969 934 pace
984 880 1133 922 anima
1144 890 1249 929 mea,

224 955 267 995 id
283 958 367 1006 est,
398 956 420 997 J
423 955 554 1005 udaei‚
587 966 692 1007 quos
732 954 839 994 sicut
879 952 1067 992 animam
1099 950 1167 990 dili
1175 961 1250 1001 ge-

225 1025 344 1077 bam;
368 1025 466 1079 quia
486 1026 498 1047 ¹
525 1040 544 1063 «
562 1025 692 1076 longe
712 1036 736 1064 a
754 1022 1044 1076 peccatoribus
1078 1020 1205 1061 salus.
1228 1034 1246 1057 ›)

231 1096 394 1140 Oblitus
412 1108 507 1138 sum
534 1096 759 1145 bonorum,
783 1106 879 1147 quae
909 1093 967 1133 eis
998 1093 1131 1133 facere
1152 1103 1253 1131 con-

227 1179 473 1217 sueveram3
501 1179 630 1219 supra
651 1168 665 1188 2
688 1181 696 1206 :
727 1181 745 1203 «
766 1163 977 1206 Oblivioni
996 1161 1253 1203 tradiditDo-
1286 1162 1291 1165 '

228 1239 426 1279 minusin
437 1237 820 1290 Sionfestivitatem
841 1238 881 1276 et
896 1235 1156 1275 sabbatum.»
1179 1233 1253 1274 Vel

227 1309 381 1350 oblitus
400 1312 462 1350 est
484 1310 693 1350 bonorum
710 1340 720 1358 ,
751 1310 961 1360 quantum
994 1305 1046 1345 ad
1078 1307 1251 1357 reputa-

225 1378 383 1418 tionem
405 1379 644 1418 hominum.

279 1451 344 1489 18.
374 1449 479 1490 Vav.
498 1448 553 1490 Et
573 1448 674 1489 dimi
695 1462 709 1487 .·
730 1447 866 1488 Periit
893 1446 997 1497 sinis
1013 1456 1146 1494 meus,
1167 1457 1254 1485 non

226 1517 492 1571 simpliciter,
525 1518 596 1558 sed
628 1519 838 1570 quantum
859 1517 910 1556 ad
930 1517 1023 1556 illos
1043 1516 1117 1568 qui
1136 1515 1252 1556 dixe-

225 1591 327 1629 runt
346 1592 360 1614 ³
383 1603 392 1629 ε
421 1603 441 1627 «
459 1588 574 1629 Alios
594 1589 732 1629 salvos
748 1588 859 1638 fecit,
874 1587 1060 1639 seipsum
1076 1599 1163 1626 non
1183 1598 1255 1638 po-

225 1661 306 1700 test
323 1659 488 1700 salvum
516 1659 666 1699 facere.
688 1674 708 1707 »,
745 1658 819 1699 Vel
834 1659 967 1711 periit
995 1659 1099 1709 finis
1120 1668 1252 1703 meus,

226 1733 435 1783 quantum
480 1731 532 1771 ad
576 1730 597 1771 J
602 1731 823 1771 udaeorum
860 1730 1203 1782 reprobationem
1243 1741 1252 1768 :

226 1801 324 1841 finis
340 1833 350 1852 ,
385 1801 457 1854 qui
488 1801 712 1842 videbatur
739 1800 1023 1853 principaliter
1049 1800 1251 1848 intentus,

226 1874 434 1923 quantum
454 1872 630 1913 affectus
649 1871 883 1924 appetebat,
907 1871 956 1911 de
978 1870 1255 1911 conversione

227 1940 503 1982 Judaeorum¹⁹
537 1955 547 1982 :
585 1958 604 1981 (ι
622 1942 715 1983 Non
747 1954 842 1982 sum
877 1942 1051 1991 missus,
1089 1940 1172 1980 nisi
1203 1939 1256 1980 ad

227 2024 327 2053 oves
347 2025 443 2065 quae
457 2013 672 2066 perierunt
692 2014 844 2054 domus
873 2012 1013 2052 Israel.
1035 2026 1054 2049 >i
1084 2012 1138 2054 Et
1161 2022 1255 2063 spes

225 2094 335 2133 mea,
352 2095 480 2135 quam
500 2096 770 2136 conceperam
786 2083 830 2122 in
840 2083 963 2135 ipsis;
980 2093 1007 2123 a
1022 2082 1198 2124 Domino
1214 2082 1226 2102 5
1243 2096 1250 2120 :

232 2168 252 2192 «
271 2153 461 2195 Salutate
493 2157 618 2195 tuum
652 2154 899 2207 expectabo,
932 2153 1160 2194 Domine.»
1190 2152 1256 2192 Si-

226 2227 297 2266 cut
310 2225 474 2277 justitia
492 2226 566 2266 Dei
581 2226 758 2274 dicitur,
779 2225 849 2266 vel
869 2237 956 2277 qua
978 2224 1029 2276 (a)
1054 2224 1142 2276 ipse
1162 2225 1253 2276 jus-

225 2297 294 2335 tus
313 2299 389 2346 cst,
410 2296 479 2337 vel
497 2298 620 2349 quus
641 2308 767 2337 causa
787 2299 860 2336 est.
897 2294 973 2335 Vel
1005 2294 1138 2335 verba
1158 2298 1256 2334 sunt

225 2363 382 2406 Judaeae
401 2366 447 2406 in
465 2367 588 2407 bonis
608 2367 890 2407 multitudinis
911 2365 1255 2417 reprobationem

225 2435 277 2475 iis
295 2436 436 2477 verbis
457 2437 726 2489 deplorantis.
747 2436 856 2476 Huic
869 2435 1025 2487 triplici
1046 2435 1255 2474 versiculo

226 2507 491 2558 praeponitur
513 2507 652 2547 littera
683 2507 773 2548 Vav
799 2506 980 2558 triplex,
1004 2517 1100 2557 quae
1119 2506 1255 2545 inter-

226 2579 418 2628 pretatur
442 2578 537 2619 Non
560 2582 620 2619 est
640 2578 720 2627 ille,
744 2577 843 2629 quia
863 2589 939 2616 nec
970 2579 1033 2616 est
1051 2575 1252 2624 Christus,

226 2657 304 2686 nec
334 2646 492 2699 aliquid
520 2647 684 2698 Christi,
725 2648 799 2700 qui
832 2647 987 2687 deserit
1016 2646 1251 2696 Christum3

227 2718 268 2756 et
306 2717 406 2769 quia
441 2718 616 2770 apostoli
654 2721 757 2758 tunc
797 2720 1049 2758 corruerunt
1063 2749 1076 2767 ,
1119 2716 1256 2757 Judaei

226 2787 558 2829 crucifixerunt:
586 2791 757 2841 propter
787 2788 900 2840 quod
929 2787 1080 2827 merito
1108 2799 1255 2839 repro-

225 2856 313 2896 bati
331 2860 451 2907 sunt,
487 2860 528 2898 et
555 2861 667 2898 recte
693 2858 783 2899 Vav
820 2857 873 2897 iis
904 2857 1041 2897 tribus
1060 2857 1255 2897 versibus

225 2928 510 2979 praemittitur.

279 3002 346 3039 19.
367 3002 406 3040 Z
409 3002 485 3041 ain
508 2999 572 3051 (b).
595 2998 849 3049 Recordare,
871 3000 948 3038 etc.
981 2996 1080 3037 Haec
1101 2999 1163 3036 est
1189 3008 1256 3036 se-

227 3070 364 3110 cunda
384 3083 482 3123 pars
502 3070 699 3122 capituli,
722 3071 767 3110 in
785 3082 870 3122 qua
889 3071 983 3121 post
1002 3068 1253 3119 descrIptam

230 3138 381 3181 Christi
401 3141 640 3193 passionem
663 3141 813 3181 invitat
833 3140 984 3180 electos
995 3138 1048 3178 acl
1067 3149 1255 3189 compas-

231 3209 404 3251 sionem.
429 3212 481 3252 Et
498 3213 544 3251 in
559 3213 639 3252 hac
668 3215 786 3265 parte
820 3210 1027 3262 dialogice
1052 3208 1253 3261 procedit,

230 3280 336 3321 sicut
353 3281 398 3322 in
420 3282 608 3325 canticis
643 3283 920 3331 canticorum,
951 3280 1090 3321 varias
1110 3291 1254 3332 perso-

276 3414 286 3434 ¹
306 3412 399 3444 Psal.
422 3420 549 3453 cxvm,
577 3416 648 3446 155.
676 3431 711 3436 -
741 3414 755 3434 2
777 3413 906 3453 Threm,
934 3420 978 3452 11,
1009 3413 1040 3442 6.
1060 3428 1101 3434 —
1127 3410 1140 3431 3
1166 3409 1254 3449 Lucu,

232 3467 332 3500 xxm,
357 3460 408 3493 35.
425 3477 465 3484 —
482 3460 496 3481 ⁸
514 3461 648 3501 Matth„
667 3468 725 3499 xv,
745 3462 797 3493 24.
815 3478 856 3484 —
877 3460 891 3481 ⁵
911 3459 1004 3498 Gen„
1026 3466 1122 3496 xrix,
1145 3458 1193 3487 18.
1216 3473 1256 3478 —

235 3508 247 3527 ⁶
265 3508 375 3548 Prov„
396 3515 492 3547 xxxi,
510 3510 540 3540 1.
556 3525 597 3532 —
614 3508 628 3530 '¹
642 3507 733 3547 Gal„
755 3515 807 3547 111,
831 3508 880 3538 13.
897 3523 938 3530 —
960 3505 975 3528 ⁸
993 3507 1017 3537 ll
1039 3505 1130 3540 Cor„
1147 3510 1180 3543 ν,
1203 3504 1254 3534 21.

2270 225 2347 264 189

1324 324 1398 352 nas
1418 310 1722 352 introducendo
1755 309 1834 350 sibi
1865 309 2149 363 colloquentes
2169 310 2258 351 sine
2277 311 2346 352 in-

1324 381 1577 434 terceptione
1591 380 1705 421 vocis
1724 379 1961 432 Prophetae.
1981 378 2069 419 Hoc
2083 379 2196 419 enim
2214 391 2348 431 genus

1325 452 1529 503 poematis
1549 450 1809 502 dialogicum
1833 449 2089 502 appellatur,
2123 448 2230 489 sicut
2251 461 2348 501 pro-

1326 521 1633 573 sopologicum,
1646 521 1816 573 quando
1828 520 1942 561 solus
1952 523 2074 572 poeta
2086 519 2290 571 loquitur,
2303 520 2352 560 si-

1326 593 1398 631 cut
1413 591 1471 630 ibi
1486 605 1494 631 :
1509 592 1726 633 Mulierem
1745 593 1910 642 fortem,
1925 593 2001 631 etc.
2007 601 2024 641 ,·
2041 590 2213 630 tertium
2232 601 2349 639 vero,

1326 661 1493 713 quando
1514 662 1571 701 sic
1591 665 1631 702 et
1648 663 1718 713 sic,
1742 663 1849 702 sicut
1880 662 1925 701 in
1960 661 2046 703 Job.
2078 659 2220 700 Primo
2247 672 2351 711 ergo

1326 731 1606 773 introducitur
1632 745 1719 773 vox
1757 732 1909 773 Christi
1936 732 1989 772 ad
2018 731 2351 784 compassionem

1326 802 1564 853 invitantis;
1589 803 1788 853 secundo,
1810 815 1897 843 vox
1910 801 2103 842 Ecclesiae
2122 802 2160 842 ei
2179 813 2353 854 respon-

1327 873 1477 923 dentis,
1507 874 1566 913 ibi
1601 888 1610 914 ε
1646 874 1850 916 Memoria
1874 883 2041 922 memor,
2083 875 2178 922 etc.;
2213 872 2349 922 tertio,

1327 957 1412 986 vox
1431 945 1621 997 ejusdem
1640 945 1834 986 membra
1853 957 1929 985 sua
1945 944 2195 997 alloquentis
2207 975 2221 994 ,
2244 946 2285 984 et
2304 943 2354 983 de

1327 1016 1574 1068 poenitentia
1611 1015 1875 1057 admonentis
1893 1047 1903 1065 ,
1935 1015 1991 1055 ibi
2017 1027 2026 1055 :
2050 1013 2355 1057 Misericordiae

1328 1088 1520 1137 Domini,
1542 1090 1620 1128 etc,

1381 1158 1485 1198 Dicit
1522 1170 1626 1210 ergo
1663 1170 1739 1210 pro
1776 1157 1914 1210 primo
1949 1157 2065 1198 Zaiu
2087 1156 2356 1199 :Recordare

1329 1229 1454 1269 modo
1493 1231 1563 1277 tu,
1601 1228 1859 1281 quicumque
1896 1228 2139 1280 redemptus
2178 1239 2222 1267 es
2259 1239 2354 1267 san-

1331 1299 1483 1350 guine3
1504 1300 1772 1352 paupertatis
1800 1309 1920 1348 meoe,
1954 1300 2160 1350 quantum
2194 1297 2247 1338 ad
2266 1309 2359 1338 con-

1328 1372 1538 1421 temptum
1572 1370 1765 1409 omnium
1796 1368 2096 1421 temporalium
2129 1368 2354 1418 bonorum,

1329 1439 1430 1491 quia
1450 1439 1640 1480 Christus
1659 1439 1959 1491 pauperrimus
1984 1439 2062 1478 fuit
2080 1438 2125 1477 in
2143 1438 2355 1489 ingressu,

1330 1510 1376 1549 in
1395 1521 1628 1562 progressu
1646 1541 1659 1560 ,
1696 1509 1741 1548 in
1778 1520 1956 1560 egressu
1994 1508 2045 1548 de
2084 1507 2259 1548 mundo.
2299 1509 2360 1549 Ec

1331 1581 1703 1632 transgressionis,
1738 1582 1948 1631 quantum
1982 1579 2034 1618 ad
2069 1578 2358 1620 sufferentiam

1329 1652 1523 1692 omnium
1543 1651 1754 1691 malorum
1769 1681 1778 1699 ,
1804 1650 1877 1690 ubi
1898 1650 2181 1702 trcmsqressz‘o
2201 1649 2359 1701 accipi-

1329 1723 1400 1760 tur
1424 1722 1645 1761 causaliter
1678 1733 1754 1773 pro
1784 1732 1909 1772 poena
1936 1723 2102 1760 tantum
2142 1720 2187 1771 (c)
2220 1722 2359 1759 trans-

1331 1792 1575 1843 gressionis,
1607 1788 1741 1844 quam'
1770 1791 1958 1832 Christus
1989 1790 2218 1841 sustinuit3
2252 1790 2360 1829 sicut

1330 1862 1482 1902 dicitur
1502 1862 1796 1913 maledictum,
1828 1863 1947 1915 quasi
1976 1862 2088 1902 malo
2112 1872 2248 1914 pcenae
2281 1872 2358 1913 pro

1329 1933 1451 1973 nobis
1481 1933 1692 1980 addictus,
1724 1934 1813 1973 sive
1846 1932 2067 1973 maledicto
2093 1931 2107 1953 ⁷
2135 1946 2143 1971 ε
2174 1947 2193 1970 «
2213 1930 2357 1971 Chris-

1329 2007 1398 2043 tus
1424 2016 1500 2043 nos
1531 2004 1709 2044 redemit
1736 2004 1785 2044 de
1806 2003 2027 2043 maledicto
2063 2002 2185 2054 legis,
2223 2002 2357 2041 factus

1330 2086 1406 2127 pro
1442 2075 1564 2114 nobis
1598 2074 1917 2114 maledictum.»
1962 2073 2029 2113 Sic
2065 2072 2192 2113 etiam
2219 2071 2360 2112 Chris-

1330 2147 1398 2185 tus
1433 2145 1586 2185 dicitur
1619 2149 1840 2197 peccatum
1861 2147 1874 2169 ⁸
1917 2159 1969 2184 ια
1991 2143 2125 2193 Eum,
2166 2143 2240 2196 qui
2271 2154 2358 2182 non

1329 2218 1507 2256 noverat
1553 2218 1771 2267 peccatum
1787 2247 1796 2265 ,
1846 2227 1924 2267 pro
1973 2214 2094 2254 nobis
2139 2216 2359 2266 peccatum

1328 2286 1438 2336 fecit,
1460 2289 1507 2327 ut
1527 2299 1603 2326 nos
1616 2287 1881 2326 efficeremur
1890 2285 2057 2338 justitia
2070 2284 2144 2325 Dei
2160 2284 2202 2323 in
2220 2283 2232 2322 i
2239 2295 2350 2335 pso.»

1328 2355 1403 2397 Vel
1421 2357 1542 2397 aliter
1559 2358 1838 2410 irausqressio
1851 2389 1861 2407 ,
1885 2358 1977 2409 ers
1996 2356 2143 2395 infima
2160 2353 2360 2395 humilia-

1328 2427 1388 2465 tio
1422 2427 1474 2466 ad
1511 2427 1822 2479 despectissima
1866 2429 2094 2475 tormenta;
2137 2425 2238 2477 quia
2271 2435 2359 2463 una

1329 2497 1439 2535 stilla
1458 2497 1681 2547 sanguinis
1703 2498 1769 2536 sui
1790 2509 1867 2536 nos
1887 2496 2093 2548 potuisset
2110 2495 2290 2534 liberare
2310 2494 2323 2514 ⁹
2346 2507 2355 2533 t

1335 2580 1354 2603 (ι
1372 2565 1502 2606 Erant
1520 2566 1681 2619 Moyses
1710 2570 1751 2607 et
1781 2567 1893 2607 Elias
1919 2566 2000 2607 visi
2027 2566 2072 2605 in
2102 2565 2323 2617 maJ’estate
2347 2577 2355 2602 :

1329 2639 1370 2675 et
1388 2636 1580 2676 dicebant
1614 2647 1832 2678 eoecessum
1863 2638 1982 2688 eJ‘US,
2020 2647 2144 2689 quem
2180 2634 2359 2686 comple-

1328 2708 1450 2746 turus
1473 2709 1561 2746 erat
1575 2707 1620 2747 in
1638 2707 1887 2748 Jerusalem.
1910 2721 1929 2744 n
1956 2707 2011 2748 Ec
2027 2705 2250 2754 absinthii,
2273 2715 2359 2757 quo

1329 2776 1435 2816 nihil
1453 2777 1640 2817 amarius
1658 2778 1703 2817 in
1726 2781 1850 2818 terrae
1870 2776 2138 2817 nascentibus
2152 2807 2165 2826 ,
2178 2780 2214 2817 et
2229 2775 2355 2827 fellis,

1328 2858 1413 2898 quo
1431 2847 1539 2887 nihil
1559 2848 1747 2888 amarius
1772 2847 1817 2887 in
1838 2846 2140 2888 animantibus.
2177 2845 2264 2887 Hoc
2282 2857 2359 2898 po-

1327 2920 1406 2957 test
1423 2918 1570 2958 referri
1593 2918 1644 2958 ad
1665 2918 1707 2958 id
1726 2918 1839 2970 quod
1859 2917 2012 2958 dicitur
2030 2918 2057 2942 ¹0
2080 2931 2088 2956 :
2107 2932 2126 2955 α
2148 2916 2359 2956 Dederunt

1328 2988 1368 3029 ei
1384 2989 1528 3029 bibere
1544 2989 1696 3030 vinum
1717 3001 1816 3029 cum
1844 2988 1937 3028 felle
1957 2988 2156 3028 mixtum.
2175 3002 2194 3026 ))
2232 2986 2357 3027 Simi-

1327 3059 1422 3099 liter
1443 3064 1471 3085 ¹¹
1497 3074 1507 3100 ι
1532 3075 1551 3098 (‹
1570 3060 1732 3100 Dabant
1751 3060 1789 3099 ei
1814 3059 1958 3099 bibere
1985 3058 2257 3111 myrrhatum
2285 3057 2354 3096 vi-

1328 3141 1449 3170 num.
1473 3144 1492 3167 »
1515 3130 1760 3181 Paupertas,
1784 3132 1928 3170 contra
1942 3129 2165 3171 avaritiam
2181 3143 2190 3178 ;
2209 3133 2350 3170 trans-

1327 3202 1483 3254 qressio
1500 3233 1510 3251 ‚
1558 3205 1702 3242 contra
1753 3201 2018 3254 superbiam;
2072 3199 2348 3248 absinthium,

1329 3276 1475 3312 contra
1492 3273 1724 3313 luxuriam.
1748 3271 1823 3312 Vel
1836 3274 1971 3324 potest
1985 3271 2122 3311 notari
2141 3270 2186 3309 in
2212 3273 2349 3311 trans-

1327 3366 1368 3372 —
1386 3349 1399 3370 ⁴³
1418 3349 1508 3389 Luc„
1530 3357 1579 3389 ix,
1599 3351 1651 3381 31.
1666 3351 1705 3376 -'-
1724 3349 1752 3372 ¹⁰
1768 3347 1907 3384 Matlh„
1926 3355 2036 3388 xxvii,
2058 3348 2108 3378 34.
2128 3363 2169 3370 —
2189 3347 2210 3364 ¹¹
2233 3346 2350 3385 Marc-‚2

1327 3404 1385 3435 xv,
1405 3398 1456 3428 23.

1372 3449 1415 3489 (a)
1449 3450 1531 3481 Item
1567 3449 1657 3490 quia.
1691 3465 1731 3471 —
1765 3448 1806 3489 (b)
1841 3448 1920 3480 caet.
1952 3447 2030 3479 edit.
2065 3446 2160 3477 deest
2189 3445 2286 3476 Zaz'n.
2313 3460 2349 3469 -

1330 3498 1371 3540 (c)
1392 3497 1471 3529 coet.
1493 3496 1572 3528 edit.
1594 3500 1719 3529 tamen.
