<?xml version="1.0" encoding="UTF-8"?>
<!DOCTYPE html PUBLIC "-//W3C//DTD XHTML 1.0 Transitional//EN"
    "http://www.w3.org/TR/xhtml1/DTD/xhtml1-transitional.dtd">
<html xmlns="http://www.w3.org/1999/xhtml" xml:lang="en" lang="en">
 <head>
  <title>
</title>
<meta http-equiv="Content-Type" content="text/html;charset=utf-8" />
  <meta name='ocr-system' content='tesseract 3.04.00' />
  <meta name='ocr-capabilities' content='ocr_page ocr_carea ocr_par ocr_line ocrx_word'/>
</head>
<body>
  <div class='ocr_page' id='page_1' title='image "./operaomniasixtiv10bonauoft/operaomniasixtiv10bonauoft_0429.png"; bbox 0 0 2634 3853; ppageno 0'>
   <div class='ocr_carea' id='block_1_1' title="bbox 967 157 1580 204">
    <p class='ocr_par' dir='ltr' id='par_1_1' title="bbox 967 157 1580 204">
     <span class='ocr_line' id='line_1_1' title="bbox 967 157 1580 204; baseline 0.008 -6"><span class='ocrx_word' id='word_1_1' title='bbox 967 157 1241 200; x_wconf 87' lang='lat' dir='ltr'><strong>EXPOSITIO</strong></span> <span class='ocrx_word' id='word_1_2' title='bbox 1271 158 1324 202; x_wconf 91' lang='lat' dir='ltr'>IN</span> <span class='ocrx_word' id='word_1_3' title='bbox 1353 160 1465 202; x_wconf 83' lang='lat' dir='ltr'><strong>CAP.</strong></span> <span class='ocrx_word' id='word_1_4' title='bbox 1491 160 1580 204; x_wconf 80' lang='lat' dir='ltr'>Vll.</span> 
     </span>
    </p>
   </div>
   <div class='ocr_carea' id='block_1_2' title="bbox 215 246 1232 298">
    <p class='ocr_par' dir='ltr' id='par_1_2' title="bbox 215 246 1232 298">
     <span class='ocr_line' id='line_1_2' title="bbox 215 246 1232 298; baseline -0.011 -2"><span class='ocrx_word' id='word_1_5' title='bbox 215 252 398 295; x_wconf 83' lang='lat' dir='ltr'>dentiam</span> <span class='ocrx_word' id='word_1_6' title='bbox 417 248 624 298; x_wconf 86' lang='lat' dir='ltr'>veritatis;</span> <span class='ocrx_word' id='word_1_7' title='bbox 646 247 715 288; x_wconf 88' lang='lat' dir='ltr'>hic</span> <span class='ocrx_word' id='word_1_8' title='bbox 741 247 864 289; x_wconf 91' lang='lat' dir='ltr'>tertio</span> <span class='ocrx_word' id='word_1_9' title='bbox 884 246 1064 287; x_wconf 89' lang='lat' dir='ltr'>ostendit</span> <span class='ocrx_word' id='word_1_10' title='bbox 1082 258 1232 298; x_wconf 88' lang='lat' dir='ltr'>quam-</span> 
     </span>
    </p>
   </div>
   <div class='ocr_carea' id='block_1_3' title="bbox 80 316 1234 371">
    <p class='ocr_par' dir='ltr' id='par_1_3' title="bbox 80 316 1234 371">
     <span class='ocr_line' id='line_1_3' title="bbox 80 316 1234 371; baseline -0.003 -12"><span class='ocrx_word' id='word_1_11' title='bbox 80 334 195 362; x_wconf 64' lang='lat' dir='ltr'>PJetatis</span> <span class='ocrx_word' id='word_1_12' title='bbox 214 325 311 366; x_wconf 89' lang='lat' dir='ltr'>dam</span> <span class='ocrx_word' id='word_1_13' title='bbox 336 319 594 362; x_wconf 80' lang='lat' dir='ltr'>affluentiam</span> <span class='ocrx_word' id='word_1_14' title='bbox 622 318 803 371; x_wconf 90' lang='lat' dir='ltr'>pietatis.</span> <span class='ocrx_word' id='word_1_15' title='bbox 827 316 1067 359; x_wconf 88' lang='lat' dir='ltr'>Ostenditur</span> <span class='ocrx_word' id='word_1_16' title='bbox 1092 318 1234 356; x_wconf 88' lang='lat' dir='ltr'>autem</span> 
     </span>
    </p>
   </div>
   <div class='ocr_carea' id='block_1_4' title="bbox 54 374 184 486">
    <p class='ocr_par' dir='ltr' id='par_1_4' title="bbox 54 374 184 486">
     <span class='ocr_line' id='line_1_4' title="bbox 67 374 184 403; baseline 0.026 -3"><span class='ocrx_word' id='word_1_17' title='bbox 67 374 184 403; x_wconf 83' lang='lat' dir='ltr'>affluen-</span> 
     </span>
     <span class='ocr_line' id='line_1_5' title="bbox 74 417 176 445; baseline 0.02 -2"><span class='ocrx_word' id='word_1_18' title='bbox 74 417 114 444; x_wconf 80' lang='lat' dir='ltr'>tia</span> <span class='ocrx_word' id='word_1_19' title='bbox 147 418 176 445; x_wconf 87' lang='lat' dir='ltr'>iu</span> 
     </span>
     <span class='ocr_line' id='line_1_6' title="bbox 54 458 180 486; baseline 0.008 -1"><span class='ocrx_word' id='word_1_20' title='bbox 54 458 180 486; x_wconf 76' lang='lat' dir='ltr'>Clu-isto.</span> 
     </span>
    </p>
   </div>
   <div class='ocr_carea' id='block_1_5' title="bbox 199 380 1236 3119">
    <p class='ocr_par' dir='ltr' id='par_1_5' title="bbox 199 380 1236 3119">
     <span class='ocr_line' id='line_1_7' title="bbox 213 380 1235 444; baseline -0.008 -11"><span class='ocrx_word' id='word_1_21' title='bbox 213 394 281 434; x_wconf 91' lang='lat' dir='ltr'>hic</span> <span class='ocrx_word' id='word_1_22' title='bbox 298 391 461 444; x_wconf 87' lang='lat' dir='ltr'>pietatis</span> <span class='ocrx_word' id='word_1_23' title='bbox 480 389 694 430; x_wconf 84' lang='lat' dir='ltr'>affluentia</span> <span class='ocrx_word' id='word_1_24' title='bbox 708 389 754 429; x_wconf 87' lang='lat' dir='ltr'>in</span> <span class='ocrx_word' id='word_1_25' title='bbox 774 388 949 429; x_wconf 88' lang='lat' dir='ltr'>Domino</span> <span class='ocrx_word' id='word_1_26' title='bbox 964 386 1061 427; x_wconf 80' lang='lat' dir='ltr'>Jesu</span> <span class='ocrx_word' id='word_1_27' title='bbox 1077 380 1235 437; x_wconf 83' lang='lat' dir='ltr'>magna</span> 
     </span>
     <span class='ocr_line' id='line_1_8' title="bbox 212 457 1231 515; baseline -0.008 -12"><span class='ocrx_word' id='word_1_28' title='bbox 212 465 256 504; x_wconf 93' lang='lat' dir='ltr'>in</span> <span class='ocrx_word' id='word_1_29' title='bbox 275 461 515 515; x_wconf 85' lang='lat' dir='ltr'>peccatricis</span> <span class='ocrx_word' id='word_1_30' title='bbox 533 460 817 513; x_wconf 88' lang='lat' dir='ltr'>susceptione;</span> <span class='ocrx_word' id='word_1_31' title='bbox 842 459 994 510; x_wconf 89' lang='lat' dir='ltr'>major,</span> <span class='ocrx_word' id='word_1_32' title='bbox 1017 457 1062 496; x_wconf 92' lang='lat' dir='ltr'>in</span> <span class='ocrx_word' id='word_1_33' title='bbox 1081 468 1231 509; x_wconf 87' lang='lat' dir='ltr'>appro-</span> 
     </span>
     <span class='ocr_line' id='line_1_9' title="bbox 210 527 1236 582; baseline -0.007 -8"><span class='ocrx_word' id='word_1_34' title='bbox 210 533 397 582; x_wconf 88' lang='lat' dir='ltr'>batione;</span> <span class='ocrx_word' id='word_1_35' title='bbox 420 531 492 572; x_wconf 90' lang='lat' dir='ltr'>sed</span> <span class='ocrx_word' id='word_1_36' title='bbox 511 531 712 580; x_wconf 77' lang='lat' dir='ltr'>maxima,</span> <span class='ocrx_word' id='word_1_37' title='bbox 727 529 770 569; x_wconf 90' lang='lat' dir='ltr'>in</span> <span class='ocrx_word' id='word_1_38' title='bbox 790 527 1050 569; x_wconf 88' lang='lat' dir='ltr'>absolutione</span> <span class='ocrx_word' id='word_1_39' title='bbox 1072 541 1080 567; x_wconf 73' lang='grc' dir='ltr'>ι</span> <span class='ocrx_word' id='word_1_40' title='bbox 1103 539 1236 568; x_wconf 84' lang='lat' dir='ltr'>susce-</span> 
     </span>
     <span class='ocr_line' id='line_1_10' title="bbox 209 598 1232 657; baseline -0.007 -13"><span class='ocrx_word' id='word_1_41' title='bbox 209 603 269 657; x_wconf 87' lang='lat' dir='ltr'>pit</span> <span class='ocrx_word' id='word_1_42' title='bbox 313 603 428 644; x_wconf 90' lang='lat' dir='ltr'>enim</span> <span class='ocrx_word' id='word_1_43' title='bbox 462 602 751 650; x_wconf 74' lang='lat' dir='ltr'>accedentem,</span> <span class='ocrx_word' id='word_1_44' title='bbox 790 598 1102 639; x_wconf 87' lang='lat' dir='ltr'>commendavit</span> <span class='ocrx_word' id='word_1_45' title='bbox 1138 598 1232 638; x_wconf 88' lang='lat' dir='ltr'>dili-</span> 
     </span>
     <span class='ocr_line' id='line_1_11' title="bbox 210 668 1232 726; baseline -0.007 -12"><span class='ocrx_word' id='word_1_46' title='bbox 210 675 398 726; x_wconf 81' lang='lat' dir='ltr'>gentem,</span> <span class='ocrx_word' id='word_1_47' title='bbox 429 675 469 714; x_wconf 93' lang='lat' dir='ltr'>et</span> <span class='ocrx_word' id='word_1_48' title='bbox 505 672 682 713; x_wconf 86' lang='lat' dir='ltr'>absolvit</span> <span class='ocrx_word' id='word_1_49' title='bbox 709 669 998 723; x_wconf 83' lang='lat' dir='ltr'>poenitentem.</span> <span class='ocrx_word' id='word_1_50' title='bbox 1039 668 1232 709; x_wconf 88' lang='lat' dir='ltr'>Introdu-</span> 
     </span>
     <span class='ocr_line' id='line_1_12' title="bbox 209 738 1236 796; baseline -0.009 -10"><span class='ocrx_word' id='word_1_51' title='bbox 209 745 318 786; x_wconf 90' lang='lat' dir='ltr'>citur</span> <span class='ocrx_word' id='word_1_52' title='bbox 357 756 463 796; x_wconf 88' lang='lat' dir='ltr'>ergo</span> <span class='ocrx_word' id='word_1_53' title='bbox 500 743 638 796; x_wconf 90' lang='lat' dir='ltr'>primo</span> <span class='ocrx_word' id='word_1_54' title='bbox 681 741 725 781; x_wconf 92' lang='lat' dir='ltr'>in</span> <span class='ocrx_word' id='word_1_55' title='bbox 767 740 846 780; x_wconf 89' lang='lat' dir='ltr'>hac</span> <span class='ocrx_word' id='word_1_56' title='bbox 889 741 1006 791; x_wconf 86' lang='lat' dir='ltr'>parte</span> <span class='ocrx_word' id='word_1_57' title='bbox 1046 738 1236 790; x_wconf 87' lang='lat' dir='ltr'>benigna</span> 
     </span>
     <span class='ocr_line' id='line_1_13' title="bbox 209 808 1231 868; baseline -0.008 -12"><span class='ocrx_word' id='word_1_58' title='bbox 209 814 417 868; x_wconf 82' lang='lat' dir='ltr'>susceptio</span> <span class='ocrx_word' id='word_1_59' title='bbox 456 812 695 865; x_wconf 90' lang='lat' dir='ltr'>peccatricis</span> <span class='ocrx_word' id='word_1_60' title='bbox 735 809 987 859; x_wconf 74' lang='lat' dir='ltr'>accedentis,</span> <span class='ocrx_word' id='word_1_61' title='bbox 1034 808 1231 858; x_wconf 82' lang='lat' dir='ltr'>secundo,</span> 
     </span>
     <span class='ocr_line' id='line_1_14' title="bbox 208 881 1229 937; baseline -0.008 -10"><span class='ocrx_word' id='word_1_62' title='bbox 208 885 433 937; x_wconf 82' lang='lat' dir='ltr'>benignior</span> <span class='ocrx_word' id='word_1_63' title='bbox 465 884 655 937; x_wconf 84' lang='lat' dir='ltr'>probatio</span> <span class='ocrx_word' id='word_1_64' title='bbox 686 882 918 934; x_wconf 87' lang='lat' dir='ltr'>diligentis,</span> <span class='ocrx_word' id='word_1_65' title='bbox 946 881 1005 921; x_wconf 90' lang='lat' dir='ltr'>ibi</span> <span class='ocrx_word' id='word_1_66' title='bbox 1039 881 1093 933; x_wconf 86' lang='lat' dir='ltr'>(v.</span> <span class='ocrx_word' id='word_1_67' title='bbox 1124 881 1189 931; x_wconf 73' lang='lat'>40)</span> <span class='ocrx_word' id='word_1_68' title='bbox 1221 894 1229 919; x_wconf 94' lang='lat'>:</span> 
     </span>
     <span class='ocr_line' id='line_1_15' title="bbox 208 951 1230 1008; baseline -0.008 -9"><span class='ocrx_word' id='word_1_69' title='bbox 208 958 265 999; x_wconf 81' lang='lat' dir='ltr'>Ec</span> <span class='ocrx_word' id='word_1_70' title='bbox 295 954 549 1008; x_wconf 77' lang='lat' dir='ltr'>respondens</span> <span class='ocrx_word' id='word_1_71' title='bbox 588 954 705 996; x_wconf 81' lang='lat' dir='ltr'>Jesus</span> <span class='ocrx_word' id='word_1_72' title='bbox 733 952 854 995; x_wconf 69' lang='lat' dir='ltr'>discit</span> <span class='ocrx_word' id='word_1_73' title='bbox 883 951 940 993; x_wconf 72' lang='lat' dir='ltr'>ad,</span> <span class='ocrx_word' id='word_1_74' title='bbox 970 951 1105 1002; x_wconf 69' lang='lat' dir='ltr'>illum,</span> <span class='ocrx_word' id='word_1_75' title='bbox 1128 954 1230 1001; x_wconf 85' lang='lat' dir='ltr'>etc.;</span> 
     </span>
     <span class='ocr_line' id='line_1_16' title="bbox 206 1022 1233 1076; baseline -0.005 -9"><span class='ocrx_word' id='word_1_76' title='bbox 206 1026 330 1067; x_wconf 90' lang='lat' dir='ltr'>tertio</span> <span class='ocrx_word' id='word_1_77' title='bbox 360 1037 478 1076; x_wconf 76' lang='lat' dir='ltr'>vero,</span> <span class='ocrx_word' id='word_1_78' title='bbox 513 1023 823 1075; x_wconf 86' lang='lat' dir='ltr'>benignissima</span> <span class='ocrx_word' id='word_1_79' title='bbox 854 1022 1061 1063; x_wconf 76' lang='lat' dir='ltr'>absolutio</span> <span class='ocrx_word' id='word_1_80' title='bbox 1104 1023 1233 1075; x_wconf 85' lang='lat' dir='ltr'>poeni-</span> 
     </span>
     <span class='ocr_line' id='line_1_17' title="bbox 207 1093 1234 1146; baseline -0.002 -9"><span class='ocrx_word' id='word_1_81' title='bbox 207 1096 332 1137; x_wconf 88' lang='lat' dir='ltr'>tentis</span> <span class='ocrx_word' id='word_1_82' title='bbox 359 1108 408 1136; x_wconf 87' lang='lat' dir='ltr'>ac</span> <span class='ocrx_word' id='word_1_83' title='bbox 435 1094 682 1144; x_wconf 81' lang='lat' dir='ltr'>confitentis,</span> <span class='ocrx_word' id='word_1_84' title='bbox 704 1094 762 1133; x_wconf 92' lang='lat' dir='ltr'>ibi</span> <span class='ocrx_word' id='word_1_85' title='bbox 787 1095 842 1144; x_wconf 88' lang='lat' dir='ltr'>(v.</span> <span class='ocrx_word' id='word_1_86' title='bbox 871 1093 934 1146; x_wconf 76' lang='lat'>48)</span> <span class='ocrx_word' id='word_1_87' title='bbox 967 1107 975 1133; x_wconf 81' lang='lat' dir='ltr'><strong><em>z</em></strong></span> <span class='ocrx_word' id='word_1_88' title='bbox 1005 1094 1135 1135; x_wconf 64' lang='lat' dir='ltr'>Dixit</span> <span class='ocrx_word' id='word_1_89' title='bbox 1160 1104 1234 1135; x_wconf 78' lang='lat' dir='ltr'>au-</span> 
     </span>
     <span class='ocr_line' id='line_1_18' title="bbox 207 1164 1230 1216; baseline -0.006 -6"><span class='ocrx_word' id='word_1_90' title='bbox 207 1172 287 1210; x_wconf 80' lang='lat' dir='ltr'>tem</span> <span class='ocrx_word' id='word_1_91' title='bbox 319 1166 376 1209; x_wconf 82' lang='lat' dir='ltr'>ad</span> <span class='ocrx_word' id='word_1_92' title='bbox 412 1166 533 1209; x_wconf 82' lang='lat' dir='ltr'>illam</span> <span class='ocrx_word' id='word_1_93' title='bbox 567 1177 581 1206; x_wconf 89' lang='grc'>.·</span> <span class='ocrx_word' id='word_1_94' title='bbox 616 1165 907 1207; x_wconf 75' lang='lat' dir='ltr'>Remittzmtur</span> <span class='ocrx_word' id='word_1_95' title='bbox 938 1164 1018 1206; x_wconf 75' lang='lat' dir='ltr'>tibi</span> <span class='ocrx_word' id='word_1_96' title='bbox 1046 1169 1230 1216; x_wconf 76' lang='lat' dir='ltr'>peccata.</span> 
     </span>
     <span class='ocr_line' id='line_1_19' title="bbox 207 1234 1232 1290; baseline -0.006 -10"><span class='ocrx_word' id='word_1_97' title='bbox 207 1237 422 1288; x_wconf 85' lang='lat' dir='ltr'>Quantum</span> <span class='ocrx_word' id='word_1_98' title='bbox 442 1236 494 1290; x_wconf 84' lang='lat' dir='ltr'>ad</span> <span class='ocrx_word' id='word_1_99' title='bbox 519 1236 723 1288; x_wconf 89' lang='lat' dir='ltr'>primum,</span> <span class='ocrx_word' id='word_1_100' title='bbox 745 1234 979 1275; x_wconf 88' lang='lat' dir='ltr'>notandum</span> <span class='ocrx_word' id='word_1_101' title='bbox 1002 1235 1114 1287; x_wconf 88' lang='lat' dir='ltr'>quod</span> <span class='ocrx_word' id='word_1_102' title='bbox 1136 1247 1232 1275; x_wconf 88' lang='lat' dir='ltr'>sus-</span> 
     </span>
     <span class='ocr_line' id='line_1_20' title="bbox 205 1305 1233 1361; baseline -0.005 -12"><span class='ocrx_word' id='word_1_103' title='bbox 205 1308 338 1361; x_wconf 89' lang='lat' dir='ltr'>ceptio</span> <span class='ocrx_word' id='word_1_104' title='bbox 374 1306 614 1359; x_wconf 86' lang='lat' dir='ltr'>peccatricis</span> <span class='ocrx_word' id='word_1_105' title='bbox 647 1306 703 1346; x_wconf 67' lang='lat' dir='ltr'>&#39;ad</span> <span class='ocrx_word' id='word_1_106' title='bbox 736 1305 962 1346; x_wconf 91' lang='lat' dir='ltr'>Dominum</span> <span class='ocrx_word' id='word_1_107' title='bbox 1000 1305 1233 1345; x_wconf 85' lang='lat' dir='ltr'>accedentis</span> 
     </span>
     <span class='ocr_line' id='line_1_21' title="bbox 204 1377 1231 1428; baseline -0.001 -10"><span class='ocrx_word' id='word_1_108' title='bbox 204 1377 440 1418; x_wconf 75' lang='lat' dir='ltr'>ostenditur</span> <span class='ocrx_word' id='word_1_109' title='bbox 482 1389 570 1417; x_wconf 89' lang='lat' dir='ltr'>esse</span> <span class='ocrx_word' id='word_1_110' title='bbox 602 1388 772 1428; x_wconf 85' lang='lat' dir='ltr'>magnae</span> <span class='ocrx_word' id='word_1_111' title='bbox 802 1377 968 1428; x_wconf 87' lang='lat' dir='ltr'>pietatis</span> <span class='ocrx_word' id='word_1_112' title='bbox 997 1379 1038 1416; x_wconf 93' lang='lat' dir='ltr'>et</span> <span class='ocrx_word' id='word_1_113' title='bbox 1068 1377 1231 1417; x_wconf 89' lang='lat' dir='ltr'>miseri-</span> 
     </span>
     <span class='ocr_line' id='line_1_22' title="bbox 203 1447 1230 1500; baseline -0.003 -11"><span class='ocrx_word' id='word_1_114' title='bbox 203 1448 372 1499; x_wconf 81' lang='lat' dir='ltr'>cordiae,</span> <span class='ocrx_word' id='word_1_115' title='bbox 394 1451 485 1488; x_wconf 88' lang='lat' dir='ltr'>tum</span> <span class='ocrx_word' id='word_1_116' title='bbox 506 1449 676 1500; x_wconf 90' lang='lat' dir='ltr'>propter</span> <span class='ocrx_word' id='word_1_117' title='bbox 703 1447 1010 1487; x_wconf 78' lang='lat' dir='ltr'>solemnitatem</span> <span class='ocrx_word' id='word_1_118' title='bbox 1029 1447 1230 1498; x_wconf 88' lang='lat' dir='ltr'>convivii,</span> 
     </span>
     <span class='ocr_line' id='line_1_23' title="bbox 202 1518 1232 1572; baseline -0.002 -12"><span class='ocrx_word' id='word_1_119' title='bbox 202 1519 247 1560; x_wconf 90' lang='lat' dir='ltr'>in</span> <span class='ocrx_word' id='word_1_120' title='bbox 266 1531 350 1572; x_wconf 90' lang='lat' dir='ltr'>quo</span> <span class='ocrx_word' id='word_1_121' title='bbox 370 1531 464 1560; x_wconf 90' lang='lat' dir='ltr'>eam</span> <span class='ocrx_word' id='word_1_122' title='bbox 483 1518 690 1571; x_wconf 87' lang='lat' dir='ltr'>suscepit;</span> <span class='ocrx_word' id='word_1_123' title='bbox 710 1521 802 1559; x_wconf 89' lang='lat' dir='ltr'>tum</span> <span class='ocrx_word' id='word_1_124' title='bbox 824 1520 993 1571; x_wconf 88' lang='lat' dir='ltr'>propter</span> <span class='ocrx_word' id='word_1_125' title='bbox 1012 1518 1232 1559; x_wconf 86' lang='lat' dir='ltr'>familiari-</span> 
     </span>
     <span class='ocr_line' id='line_1_24' title="bbox 202 1589 1231 1642; baseline -0.001 -11"><span class='ocrx_word' id='word_1_126' title='bbox 202 1593 331 1632; x_wconf 81' lang='lat' dir='ltr'>tatem</span> <span class='ocrx_word' id='word_1_127' title='bbox 359 1590 565 1642; x_wconf 78' lang='lat' dir='ltr'>obsequii,</span> <span class='ocrx_word' id='word_1_128' title='bbox 587 1589 639 1629; x_wconf 87' lang='lat' dir='ltr'>ad</span> <span class='ocrx_word' id='word_1_129' title='bbox 659 1601 788 1642; x_wconf 87' lang='lat' dir='ltr'>quam</span> <span class='ocrx_word' id='word_1_130' title='bbox 809 1601 903 1630; x_wconf 88' lang='lat' dir='ltr'>eam</span> <span class='ocrx_word' id='word_1_131' title='bbox 928 1589 1116 1639; x_wconf 81' lang='lat' dir='ltr'>admisit3</span> <span class='ocrx_word' id='word_1_132' title='bbox 1139 1593 1231 1630; x_wconf 91' lang='lat' dir='ltr'>tum</span> 
     </span>
     <span class='ocr_line' id='line_1_25' title="bbox 203 1659 1233 1713; baseline 0 -12"><span class='ocrx_word' id='word_1_133' title='bbox 203 1662 375 1712; x_wconf 86' lang='lat' dir='ltr'>propter</span> <span class='ocrx_word' id='word_1_134' title='bbox 399 1660 678 1701; x_wconf 82' lang='lat' dir='ltr'>temeritatem</span> <span class='ocrx_word' id='word_1_135' title='bbox 704 1659 828 1700; x_wconf 85' lang='lat' dir='ltr'>alieni</span> <span class='ocrx_word' id='word_1_136' title='bbox 848 1660 1012 1712; x_wconf 86' lang='lat' dir='ltr'>judicii,</span> <span class='ocrx_word' id='word_1_137' title='bbox 1039 1661 1093 1701; x_wconf 84' lang='lat' dir='ltr'>ob</span> <span class='ocrx_word' id='word_1_138' title='bbox 1120 1661 1233 1713; x_wconf 89' lang='lat' dir='ltr'>quod</span> 
     </span>
     <span class='ocr_line' id='line_1_26' title="bbox 203 1729 1231 1783; baseline 0.001 -13"><span class='ocrx_word' id='word_1_139' title='bbox 203 1733 346 1771; x_wconf 89' lang='lat' dir='ltr'>tamen</span> <span class='ocrx_word' id='word_1_140' title='bbox 367 1742 461 1771; x_wconf 86' lang='lat' dir='ltr'>eam</span> <span class='ocrx_word' id='word_1_141' title='bbox 490 1742 572 1770; x_wconf 91' lang='lat' dir='ltr'>non</span> <span class='ocrx_word' id='word_1_142' title='bbox 606 1730 768 1782; x_wconf 73' lang='lat' dir='ltr'>abJecit.</span> <span class='ocrx_word' id='word_1_143' title='bbox 792 1729 934 1771; x_wconf 87' lang='lat' dir='ltr'>Primo</span> <span class='ocrx_word' id='word_1_144' title='bbox 953 1742 1071 1783; x_wconf 76' lang='lat' dir='ltr'>ergo,</span> <span class='ocrx_word' id='word_1_145' title='bbox 1094 1743 1231 1783; x_wconf 89' lang='lat' dir='ltr'>quan-</span> 
     </span>
     <span class='ocr_line' id='line_1_27' title="bbox 202 1801 1233 1854; baseline 0.001 -13"><span class='ocrx_word' id='word_1_146' title='bbox 202 1802 296 1841; x_wconf 90' lang='lat' dir='ltr'>tum</span> <span class='ocrx_word' id='word_1_147' title='bbox 328 1801 379 1841; x_wconf 90' lang='lat' dir='ltr'>ad</span> <span class='ocrx_word' id='word_1_148' title='bbox 404 1801 709 1841; x_wconf 85' lang='lat' dir='ltr'>solemnitatem</span> <span class='ocrx_word' id='word_1_149' title='bbox 737 1801 935 1851; x_wconf 87' lang='lat' dir='ltr'>convivii,</span> <span class='ocrx_word' id='word_1_150' title='bbox 958 1801 1003 1841; x_wconf 90' lang='lat' dir='ltr'>in</span> <span class='ocrx_word' id='word_1_151' title='bbox 1032 1814 1115 1854; x_wconf 89' lang='lat' dir='ltr'>quo</span> <span class='ocrx_word' id='word_1_152' title='bbox 1141 1814 1233 1854; x_wconf 89' lang='lat' dir='ltr'>pec-</span> 
     </span>
     <span class='ocr_line' id='line_1_28' title="bbox 204 1870 1229 1924; baseline 0.001 -12"><span class='ocrx_word' id='word_1_153' title='bbox 204 1872 336 1912; x_wconf 83' lang='lat' dir='ltr'>catrix</span> <span class='ocrx_word' id='word_1_154' title='bbox 363 1872 443 1912; x_wconf 89' lang='lat' dir='ltr'>fuit</span> <span class='ocrx_word' id='word_1_155' title='bbox 468 1872 534 1924; x_wconf 89' lang='lat' dir='ltr'>pie</span> <span class='ocrx_word' id='word_1_156' title='bbox 560 1883 584 1911; x_wconf 90' lang='lat' dir='ltr'>a</span> <span class='ocrx_word' id='word_1_157' title='bbox 612 1870 789 1911; x_wconf 88' lang='lat' dir='ltr'>Domino</span> <span class='ocrx_word' id='word_1_158' title='bbox 818 1875 1023 1923; x_wconf 81' lang='lat' dir='ltr'>suscepta,</span> <span class='ocrx_word' id='word_1_159' title='bbox 1045 1873 1196 1913; x_wconf 88' lang='lat' dir='ltr'>dicitur</span> <span class='ocrx_word' id='word_1_160' title='bbox 1221 1888 1229 1914; x_wconf 92' lang='lat'><strong>:</strong></span> 
     </span>
     <span class='ocr_line' id='line_1_29' title="bbox 203 1939 1232 1992; baseline 0.001 -11"><span class='ocrx_word' id='word_1_161' title='bbox 203 1939 391 1992; x_wconf 72' lang='lat' dir='ltr'>Roqabac</span> <span class='ocrx_word' id='word_1_162' title='bbox 410 1942 548 1981; x_wconf 77' lang='lat' dir='ltr'>autem</span> <span class='ocrx_word' id='word_1_163' title='bbox 579 1939 702 1980; x_wconf 77' lang='lat' dir='ltr'>illum</span> <span class='ocrx_word' id='word_1_164' title='bbox 721 1939 898 1990; x_wconf 73' lang='lat' dir='ltr'>quidam</span> <span class='ocrx_word' id='word_1_165' title='bbox 918 1939 969 1981; x_wconf 82' lang='lat' dir='ltr'>de</span> <span class='ocrx_word' id='word_1_166' title='bbox 998 1940 1232 1982; x_wconf 64' lang='lat' dir='ltr'>Plectrisaez&#39;s</span> 
     </span>
     <span class='ocr_line' id='line_1_30' title="bbox 203 2010 1227 2061; baseline -0.001 -10"><span class='ocrx_word' id='word_1_167' title='bbox 203 2014 252 2052; x_wconf 83' lang='lat' dir='ltr'>uc</span> <span class='ocrx_word' id='word_1_168' title='bbox 279 2010 553 2053; x_wconf 74' lang='lat' dir='ltr'>manducaret</span> <span class='ocrx_word' id='word_1_169' title='bbox 586 2021 679 2051; x_wconf 80' lang='lat' dir='ltr'>cum</span> <span class='ocrx_word' id='word_1_170' title='bbox 709 2010 800 2060; x_wconf 61' lang='lat' dir='ltr'>illm</span> <span class='ocrx_word' id='word_1_171' title='bbox 836 2021 925 2050; x_wconf 89' lang='lat' dir='ltr'>non</span> <span class='ocrx_word' id='word_1_172' title='bbox 953 2012 1014 2050; x_wconf 85' lang='lat' dir='ltr'>est</span> <span class='ocrx_word' id='word_1_173' title='bbox 1035 2010 1227 2061; x_wconf 85' lang='lat' dir='ltr'>dubium,</span> 
     </span>
     <span class='ocr_line' id='line_1_31' title="bbox 201 2080 1232 2133; baseline 0 -12"><span class='ocrx_word' id='word_1_174' title='bbox 201 2080 301 2133; x_wconf 88' lang='lat' dir='ltr'>quia</span> <span class='ocrx_word' id='word_1_175' title='bbox 327 2081 553 2121; x_wconf 90' lang='lat' dir='ltr'>Dominum</span> <span class='ocrx_word' id='word_1_176' title='bbox 575 2080 720 2121; x_wconf 85' lang='lat' dir='ltr'>Jesum</span> <span class='ocrx_word' id='word_1_177' title='bbox 751 2093 760 2120; x_wconf 91' lang='lat'>:</span> <span class='ocrx_word' id='word_1_178' title='bbox 789 2083 831 2120; x_wconf 91' lang='lat' dir='ltr'>et</span> <span class='ocrx_word' id='word_1_179' title='bbox 855 2083 980 2130; x_wconf 87' lang='lat' dir='ltr'>recte,</span> <span class='ocrx_word' id='word_1_180' title='bbox 1001 2081 1232 2122; x_wconf 90' lang='lat' dir='ltr'>secundum</span> 
     </span>
     <span class='ocr_line' id='line_1_32' title="bbox 201 2150 1233 2203; baseline 0.002 -13"><span class='ocrx_word' id='word_1_181' title='bbox 201 2150 422 2191; x_wconf 90' lang='lat' dir='ltr'>consilium</span> <span class='ocrx_word' id='word_1_182' title='bbox 448 2153 488 2191; x_wconf 91' lang='lat' dir='ltr'>et</span> <span class='ocrx_word' id='word_1_183' title='bbox 508 2151 770 2203; x_wconf 87' lang='lat' dir='ltr'>propositum</span> <span class='ocrx_word' id='word_1_184' title='bbox 796 2150 1004 2202; x_wconf 83' lang='lat' dir='ltr'>Sapientis</span> <span class='ocrx_word' id='word_1_185' title='bbox 1021 2152 1031 2172; x_wconf 90' lang='lat'><strong>¹</strong></span> <span class='ocrx_word' id='word_1_186' title='bbox 1056 2165 1064 2192; x_wconf 91' lang='lat'>:</span> <span class='ocrx_word' id='word_1_187' title='bbox 1095 2167 1113 2189; x_wconf 70' lang='grc' dir='ltr'>(ι</span> <span class='ocrx_word' id='word_1_188' title='bbox 1135 2151 1233 2192; x_wconf 92' lang='lat' dir='ltr'>Pro-</span> 
     </span>
     <span class='ocr_line' id='line_1_33' title="bbox 202 2220 1233 2273; baseline 0.002 -12"><span class='ocrx_word' id='word_1_189' title='bbox 202 2221 324 2273; x_wconf 87' lang='lat' dir='ltr'>posui</span> <span class='ocrx_word' id='word_1_190' title='bbox 372 2221 508 2271; x_wconf 88' lang='lat' dir='ltr'>hanc,</span> <span class='ocrx_word' id='word_1_191' title='bbox 542 2236 561 2259; x_wconf 92' lang='lat'>»</span> <span class='ocrx_word' id='word_1_192' title='bbox 613 2220 768 2262; x_wconf 87' lang='lat' dir='ltr'>scilicet</span> <span class='ocrx_word' id='word_1_193' title='bbox 803 2221 1066 2273; x_wconf 79' lang='lat' dir='ltr'>sapientiam,</span> <span class='ocrx_word' id='word_1_194' title='bbox 1110 2222 1151 2263; x_wconf 89' lang='lat' dir='ltr'>id</span> <span class='ocrx_word' id='word_1_195' title='bbox 1172 2225 1233 2263; x_wconf 88' lang='lat' dir='ltr'>est</span> 
     </span>
     <span class='ocr_line' id='line_1_34' title="bbox 204 2291 1233 2342; baseline 0.001 -10"><span class='ocrx_word' id='word_1_196' title='bbox 204 2291 431 2342; x_wconf 79' lang='lat' dir='ltr'>Christum,</span> <span class='ocrx_word' id='word_1_197' title='bbox 477 2306 496 2330; x_wconf 68' lang='grc' dir='ltr'>ι(</span> <span class='ocrx_word' id='word_1_198' title='bbox 525 2291 733 2332; x_wconf 84' lang='lat' dir='ltr'>adducere</span> <span class='ocrx_word' id='word_1_199' title='bbox 775 2291 881 2331; x_wconf 86' lang='lat' dir='ltr'>mihi</span> <span class='ocrx_word' id='word_1_200' title='bbox 917 2292 970 2332; x_wconf 88' lang='lat' dir='ltr'>ad</span> <span class='ocrx_word' id='word_1_201' title='bbox 1004 2294 1233 2334; x_wconf 89' lang='lat' dir='ltr'>conviven-</span> 
     </span>
     <span class='ocr_line' id='line_1_35' title="bbox 203 2361 1229 2413; baseline 0.002 -11"><span class='ocrx_word' id='word_1_202' title='bbox 203 2361 307 2402; x_wconf 89' lang='lat' dir='ltr'>dum</span> <span class='ocrx_word' id='word_1_203' title='bbox 336 2373 346 2401; x_wconf 78' lang='grc' dir='ltr'>ε</span> <span class='ocrx_word' id='word_1_204' title='bbox 379 2361 528 2411; x_wconf 87' lang='lat' dir='ltr'>sciens,</span> <span class='ocrx_word' id='word_1_205' title='bbox 558 2361 759 2413; x_wconf 87' lang='lat' dir='ltr'>quoniam</span> <span class='ocrx_word' id='word_1_206' title='bbox 790 2374 959 2402; x_wconf 90' lang='lat' dir='ltr'>mecum</span> <span class='ocrx_word' id='word_1_207' title='bbox 992 2364 1229 2404; x_wconf 88' lang='lat' dir='ltr'>communi-</span> 
     </span>
     <span class='ocr_line' id='line_1_36' title="bbox 204 2432 1231 2486; baseline 0.003 -15"><span class='ocrx_word' id='word_1_208' title='bbox 204 2432 314 2472; x_wconf 88' lang='lat' dir='ltr'>cabit</span> <span class='ocrx_word' id='word_1_209' title='bbox 356 2432 406 2472; x_wconf 90' lang='lat' dir='ltr'>de</span> <span class='ocrx_word' id='word_1_210' title='bbox 443 2432 595 2482; x_wconf 84' lang='lat' dir='ltr'>bonis,</span> <span class='ocrx_word' id='word_1_211' title='bbox 631 2435 672 2472; x_wconf 90' lang='lat' dir='ltr'>et</span> <span class='ocrx_word' id='word_1_212' title='bbox 710 2432 788 2472; x_wconf 89' lang='lat' dir='ltr'>erit</span> <span class='ocrx_word' id='word_1_213' title='bbox 832 2433 1026 2474; x_wconf 81' lang='lat' dir='ltr'>allocutio</span> <span class='ocrx_word' id='word_1_214' title='bbox 1067 2435 1231 2486; x_wconf 88' lang='lat' dir='ltr'>cogita-</span> 
     </span>
     <span class='ocr_line' id='line_1_37' title="bbox 203 2501 1228 2556; baseline 0.004 -15"><span class='ocrx_word' id='word_1_215' title='bbox 203 2501 330 2542; x_wconf 86' lang='lat' dir='ltr'>tionis</span> <span class='ocrx_word' id='word_1_216' title='bbox 348 2504 389 2542; x_wconf 88' lang='lat' dir='ltr'>et</span> <span class='ocrx_word' id='word_1_217' title='bbox 407 2501 520 2542; x_wconf 82' lang='lat' dir='ltr'>taedii</span> <span class='ocrx_word' id='word_1_218' title='bbox 540 2502 636 2541; x_wconf 91' lang='lat' dir='ltr'>mei.</span> <span class='ocrx_word' id='word_1_219' title='bbox 659 2516 677 2539; x_wconf 74' lang='lat' dir='ltr'>n</span> <span class='ocrx_word' id='word_1_220' title='bbox 710 2501 786 2542; x_wconf 86' lang='lat' dir='ltr'>Hic</span> <span class='ocrx_word' id='word_1_221' title='bbox 805 2505 946 2542; x_wconf 89' lang='lat' dir='ltr'>autem</span> <span class='ocrx_word' id='word_1_222' title='bbox 975 2503 1228 2556; x_wconf 79' lang='lat' dir='ltr'>Pharisaeus,</span> 
     </span>
     <span class='ocr_line' id='line_1_38' title="bbox 199 2572 1231 2627; baseline 0.003 -15"><span class='ocrx_word' id='word_1_223' title='bbox 199 2573 291 2624; x_wconf 84' lang='lat' dir='ltr'>jam</span> <span class='ocrx_word' id='word_1_224' title='bbox 321 2584 408 2612; x_wconf 88' lang='lat' dir='ltr'>non</span> <span class='ocrx_word' id='word_1_225' title='bbox 439 2574 501 2612; x_wconf 87' lang='lat' dir='ltr'>est</span> <span class='ocrx_word' id='word_1_226' title='bbox 527 2584 552 2612; x_wconf 89' lang='lat' dir='ltr'>a</span> <span class='ocrx_word' id='word_1_227' title='bbox 580 2572 756 2613; x_wconf 91' lang='lat' dir='ltr'>Domino</span> <span class='ocrx_word' id='word_1_228' title='bbox 791 2573 965 2624; x_wconf 82' lang='lat' dir='ltr'>divisus,</span> <span class='ocrx_word' id='word_1_229' title='bbox 989 2575 1059 2615; x_wconf 87' lang='lat' dir='ltr'>sed</span> <span class='ocrx_word' id='word_1_230' title='bbox 1091 2577 1231 2627; x_wconf 86' lang='lat' dir='ltr'>magis</span> 
     </span>
     <span class='ocr_line' id='line_1_39' title="bbox 204 2642 1226 2699; baseline 0.006 -17"><span class='ocrx_word' id='word_1_231' title='bbox 204 2642 363 2683; x_wconf 88' lang='lat' dir='ltr'>unitus.</span> <span class='ocrx_word' id='word_1_232' title='bbox 388 2642 438 2683; x_wconf 90' lang='lat' dir='ltr'>Et</span> <span class='ocrx_word' id='word_1_233' title='bbox 471 2642 565 2684; x_wconf 89' lang='lat' dir='ltr'>ideo</span> <span class='ocrx_word' id='word_1_234' title='bbox 596 2655 741 2684; x_wconf 86' lang='lat' dir='ltr'>secure</span> <span class='ocrx_word' id='word_1_235' title='bbox 775 2644 1001 2685; x_wconf 88' lang='lat' dir='ltr'>Dominum</span> <span class='ocrx_word' id='word_1_236' title='bbox 1034 2647 1226 2699; x_wconf 85' lang='lat' dir='ltr'>rogabat,</span> 
     </span>
     <span class='ocr_line' id='line_1_40' title="bbox 203 2712 1228 2764; baseline 0.004 -10"><span class='ocrx_word' id='word_1_237' title='bbox 203 2716 245 2754; x_wconf 87' lang='lat' dir='ltr'>et</span> <span class='ocrx_word' id='word_1_238' title='bbox 259 2713 310 2754; x_wconf 92' lang='lat' dir='ltr'>ad</span> <span class='ocrx_word' id='word_1_239' title='bbox 326 2712 572 2754; x_wconf 89' lang='lat' dir='ltr'>convivium</span> <span class='ocrx_word' id='word_1_240' title='bbox 587 2713 806 2764; x_wconf 88' lang='lat' dir='ltr'>invitabat,</span> <span class='ocrx_word' id='word_1_241' title='bbox 824 2716 1056 2756; x_wconf 87' lang='lat' dir='ltr'>secundum</span> <span class='ocrx_word' id='word_1_242' title='bbox 1071 2717 1175 2758; x_wconf 90' lang='lat' dir='ltr'>illud</span> <span class='ocrx_word' id='word_1_243' title='bbox 1189 2720 1202 2740; x_wconf 71' lang='lat'><strong>²</strong></span> <span class='ocrx_word' id='word_1_244' title='bbox 1219 2730 1228 2758; x_wconf 93' lang='lat'><strong>:</strong></span> 
     </span>
     <span class='ocr_line' id='line_1_41' title="bbox 209 2782 1230 2838; baseline 0.007 -16"><span class='ocrx_word' id='word_1_245' title='bbox 209 2797 228 2822; x_wconf 74' lang='grc' dir='ltr'>α</span> <span class='ocrx_word' id='word_1_246' title='bbox 247 2782 291 2824; x_wconf 89' lang='lat' dir='ltr'>Si</span> <span class='ocrx_word' id='word_1_247' title='bbox 309 2795 507 2825; x_wconf 88' lang='lat' dir='ltr'>reversus</span> <span class='ocrx_word' id='word_1_248' title='bbox 531 2784 657 2825; x_wconf 85' lang='lat' dir='ltr'>fuerit</span> <span class='ocrx_word' id='word_1_249' title='bbox 679 2785 730 2824; x_wconf 87' lang='lat' dir='ltr'>ad</span> <span class='ocrx_word' id='word_1_250' title='bbox 751 2785 1105 2838; x_wconf 63' lang='lat' dir='ltr'>Omnspoteutem,</span> <span class='ocrx_word' id='word_1_251' title='bbox 1127 2789 1230 2829; x_wconf 82' lang='lat' dir='ltr'>aedi-</span> 
     </span>
     <span class='ocr_line' id='line_1_42' title="bbox 201 2853 1229 2908; baseline 0.007 -16"><span class='ocrx_word' id='word_1_252' title='bbox 201 2853 408 2903; x_wconf 88' lang='lat' dir='ltr'>ficaberis,</span> <span class='ocrx_word' id='word_1_253' title='bbox 424 2857 464 2894; x_wconf 91' lang='lat' dir='ltr'>et</span> <span class='ocrx_word' id='word_1_254' title='bbox 481 2853 611 2905; x_wconf 90' lang='lat' dir='ltr'>longe</span> <span class='ocrx_word' id='word_1_255' title='bbox 627 2855 752 2896; x_wconf 89' lang='lat' dir='ltr'>facies</span> <span class='ocrx_word' id='word_1_256' title='bbox 766 2855 1031 2908; x_wconf 83' lang='lat' dir='ltr'>iniquitatem</span> <span class='ocrx_word' id='word_1_257' title='bbox 1049 2871 1073 2898; x_wconf 89' lang='lat' dir='ltr'>a</span> <span class='ocrx_word' id='word_1_258' title='bbox 1092 2859 1229 2899; x_wconf 86' lang='lat' dir='ltr'>taber-</span> 
     </span>
     <span class='ocr_line' id='line_1_43' title="bbox 202 2924 1230 2981; baseline 0.008 -18"><span class='ocrx_word' id='word_1_259' title='bbox 202 2924 353 2965; x_wconf 86' lang='lat' dir='ltr'>naculo</span> <span class='ocrx_word' id='word_1_260' title='bbox 380 2926 468 2965; x_wconf 88' lang='lat' dir='ltr'>tuo.</span> <span class='ocrx_word' id='word_1_261' title='bbox 505 2939 524 2962; x_wconf 84' lang='grc'>))</span> <span class='ocrx_word' id='word_1_262' title='bbox 558 2925 608 2966; x_wconf 90' lang='lat' dir='ltr'>Et</span> <span class='ocrx_word' id='word_1_263' title='bbox 634 2929 726 2978; x_wconf 87' lang='lat' dir='ltr'>post</span> <span class='ocrx_word' id='word_1_264' title='bbox 755 2927 946 2978; x_wconf 88' lang='lat' dir='ltr'>sequitur</span> <span class='ocrx_word' id='word_1_265' title='bbox 969 2940 978 2966; x_wconf 74' lang='grc' dir='ltr'>ε</span> <span class='ocrx_word' id='word_1_266' title='bbox 1008 2943 1026 2966; x_wconf 79' lang='grc' dir='ltr'>α</span> <span class='ocrx_word' id='word_1_267' title='bbox 1048 2928 1230 2981; x_wconf 84' lang='lat' dir='ltr'>Rogabis</span> 
     </span>
     <span class='ocr_line' id='line_1_44' title="bbox 203 2995 1222 3046; baseline 0.005 -13"><span class='ocrx_word' id='word_1_268' title='bbox 203 3005 317 3044; x_wconf 86' lang='lat' dir='ltr'>eum,</span> <span class='ocrx_word' id='word_1_269' title='bbox 340 2998 379 3035; x_wconf 88' lang='lat' dir='ltr'>et</span> <span class='ocrx_word' id='word_1_270' title='bbox 404 2995 599 3036; x_wconf 82' lang='lat' dir='ltr'>exaudiet</span> <span class='ocrx_word' id='word_1_271' title='bbox 624 2998 680 3046; x_wconf 85' lang='lat' dir='ltr'>te,</span> <span class='ocrx_word' id='word_1_272' title='bbox 711 2999 752 3037; x_wconf 86' lang='lat' dir='ltr'>et</span> <span class='ocrx_word' id='word_1_273' title='bbox 779 3000 878 3037; x_wconf 88' lang='lat' dir='ltr'>vota</span> <span class='ocrx_word' id='word_1_274' title='bbox 908 3000 982 3038; x_wconf 88' lang='lat' dir='ltr'>tua</span> <span class='ocrx_word' id='word_1_275' title='bbox 1008 2999 1170 3041; x_wconf 86' lang='lat' dir='ltr'>reddes.</span> <span class='ocrx_word' id='word_1_276' title='bbox 1203 3016 1222 3039; x_wconf 74' lang='lat' dir='ltr'>n</span> 
     </span>
     <span class='ocr_line' id='line_1_45' title="bbox 205 3062 1226 3119; baseline 0.008 -16"><span class='ocrx_word' id='word_1_277' title='bbox 205 3062 322 3111; x_wconf 87' lang='lat' dir='ltr'>Quod</span> <span class='ocrx_word' id='word_1_278' title='bbox 355 3068 395 3106; x_wconf 89' lang='lat' dir='ltr'>et</span> <span class='ocrx_word' id='word_1_279' title='bbox 422 3065 499 3106; x_wconf 87' lang='lat' dir='ltr'>iste</span> <span class='ocrx_word' id='word_1_280' title='bbox 533 3069 748 3107; x_wconf 88' lang='lat' dir='ltr'>assecutus</span> <span class='ocrx_word' id='word_1_281' title='bbox 777 3068 827 3119; x_wconf 82' lang='lat' dir='ltr'>(a)</span> <span class='ocrx_word' id='word_1_282' title='bbox 863 3070 925 3108; x_wconf 87' lang='lat' dir='ltr'>est</span> <span class='ocrx_word' id='word_1_283' title='bbox 935 3083 945 3118; x_wconf 81' lang='lat'><em>3</em></span> <span class='ocrx_word' id='word_1_284' title='bbox 976 3070 1089 3110; x_wconf 88' lang='lat' dir='ltr'>unde</span> <span class='ocrx_word' id='word_1_285' title='bbox 1126 3072 1226 3111; x_wconf 90' lang='lat' dir='ltr'>sub—</span> 
     </span>
    </p>
   </div>
   <div class='ocr_carea' id='block_1_6' title="bbox 206 3193 1226 3287">
    <p class='ocr_par' dir='ltr' id='par_1_6' title="bbox 206 3193 1226 3287">
     <span class='ocr_line' id='line_1_46' title="bbox 249 3193 1226 3242; baseline 0.009 -18"><span class='ocrx_word' id='word_1_286' title='bbox 249 3193 463 3234; x_wconf 16' lang='lat' dir='ltr'>¹Sc1p.,rv11!‚</span> <span class='ocrx_word' id='word_1_287' title='bbox 480 3197 510 3227; x_wconf 86' lang='lat'>9.</span> <span class='ocrx_word' id='word_1_288' title='bbox 533 3214 568 3218; x_wconf 90' lang='lat'><strong>—</strong></span> <span class='ocrx_word' id='word_1_289' title='bbox 584 3197 596 3217; x_wconf 72' lang='lat'>²</span> <span class='ocrx_word' id='word_1_290' title='bbox 613 3195 685 3233; x_wconf 77' lang='lat' dir='ltr'>Joh,</span> <span class='ocrx_word' id='word_1_291' title='bbox 705 3204 791 3237; x_wconf 71' lang='lat' dir='ltr'>xxii,</span> <span class='ocrx_word' id='word_1_292' title='bbox 813 3199 864 3236; x_wconf 79' lang='lat'>23,</span> <span class='ocrx_word' id='word_1_293' title='bbox 882 3200 933 3230; x_wconf 77' lang='lat'>27.</span> <span class='ocrx_word' id='word_1_294' title='bbox 951 3217 988 3222; x_wconf 96' lang='lat'><strong>—</strong></span> <span class='ocrx_word' id='word_1_295' title='bbox 1010 3200 1020 3217; x_wconf 89' lang='lat'>³</span> <span class='ocrx_word' id='word_1_296' title='bbox 1038 3200 1148 3241; x_wconf 57' lang='lat' dir='ltr'>Apoc„</span> <span class='ocrx_word' id='word_1_297' title='bbox 1173 3209 1226 3242; x_wconf 82' lang='lat'>111,</span> 
     </span>
     <span class='ocr_line' id='line_1_47' title="bbox 206 3241 1225 3287; baseline 0.008 -15"><span class='ocrx_word' id='word_1_298' title='bbox 206 3243 257 3272; x_wconf 83' lang='lat'>20.</span> <span class='ocrx_word' id='word_1_299' title='bbox 290 3258 325 3264; x_wconf 86' lang='lat'>-</span> <span class='ocrx_word' id='word_1_300' title='bbox 359 3241 370 3259; x_wconf 70' lang='lat'><strong>⁴</strong></span> <span class='ocrx_word' id='word_1_301' title='bbox 404 3242 511 3282; x_wconf 62' lang='lat' dir='ltr'>Pron„</span> <span class='ocrx_word' id='word_1_302' title='bbox 549 3250 629 3283; x_wconf 81' lang='grc' dir='ltr'>νΙΙΙ,</span> <span class='ocrx_word' id='word_1_303' title='bbox 665 3245 713 3275; x_wconf 87' lang='grc'>31.</span> <span class='ocrx_word' id='word_1_304' title='bbox 745 3262 785 3268; x_wconf 87' lang='grc'><strong>-</strong></span> <span class='ocrx_word' id='word_1_305' title='bbox 813 3245 826 3266; x_wconf 84' lang='lat'>⁵</span> <span class='ocrx_word' id='word_1_306' title='bbox 857 3247 990 3286; x_wconf 65' lang='lat' dir='ltr'>Bar-zze„</span> <span class='ocrx_word' id='word_1_307' title='bbox 1020 3255 1078 3287; x_wconf 86' lang='lat'>111,</span> <span class='ocrx_word' id='word_1_308' title='bbox 1114 3250 1162 3279; x_wconf 72' lang='lat'>38.</span> <span class='ocrx_word' id='word_1_309' title='bbox 1190 3266 1225 3270; x_wconf 90' lang='lat'>—</span> 
     </span>
    </p>
   </div>
   <div class='ocr_carea' id='block_1_7' title="bbox 206 3288 1227 3427">
    <p class='ocr_par' dir='ltr' id='par_1_7' title="bbox 206 3288 1227 3427">
     <span class='ocr_line' id='line_1_48' title="bbox 206 3288 1225 3332; baseline 0.009 -15"><span class='ocrx_word' id='word_1_310' title='bbox 206 3288 219 3309; x_wconf 77' lang='grc'><strong>6</strong></span> <span class='ocrx_word' id='word_1_311' title='bbox 251 3289 383 3323; x_wconf 74' lang='grc' dir='ltr'>.Ιει·εηι.,</span> <span class='ocrx_word' id='word_1_312' title='bbox 418 3295 477 3327; x_wconf 81' lang='lat'>111,</span> <span class='ocrx_word' id='word_1_313' title='bbox 514 3290 543 3320; x_wconf 88' lang='lat'>3.</span> <span class='ocrx_word' id='word_1_314' title='bbox 574 3307 610 3311; x_wconf 92' lang='lat'><strong>—</strong></span> <span class='ocrx_word' id='word_1_315' title='bbox 643 3290 656 3312; x_wconf 91' lang='lat'>⁷</span> <span class='ocrx_word' id='word_1_316' title='bbox 687 3291 807 3331; x_wconf 68' lang='lat' dir='ltr'>Eccle„</span> <span class='ocrx_word' id='word_1_317' title='bbox 837 3299 902 3332; x_wconf 81' lang='lat' dir='ltr'>vu,</span> <span class='ocrx_word' id='word_1_318' title='bbox 936 3295 986 3324; x_wconf 73' lang='lat'>27.</span> <span class='ocrx_word' id='word_1_319' title='bbox 1019 3311 1059 3316; x_wconf 92' lang='lat'>-</span> <span class='ocrx_word' id='word_1_320' title='bbox 1089 3293 1103 3315; x_wconf 82' lang='lat'>8</span> <span class='ocrx_word' id='word_1_321' title='bbox 1137 3297 1225 3326; x_wconf 77' lang='lat' dir='ltr'>petr.</span> 
     </span>
     <span class='ocr_line' id='line_1_49' title="bbox 208 3334 1224 3380; baseline 0.006 -14"><span class='ocrx_word' id='word_1_322' title='bbox 208 3334 375 3375; x_wconf 84' lang='lat' dir='ltr'>Chrysol.‚</span> <span class='ocrx_word' id='word_1_323' title='bbox 396 3343 497 3365; x_wconf 88' lang='lat' dir='ltr'>serm.</span> <span class='ocrx_word' id='word_1_324' title='bbox 518 3342 613 3368; x_wconf 77' lang='lat' dir='ltr'>xcul.</span> <span class='ocrx_word' id='word_1_325' title='bbox 633 3354 674 3359; x_wconf 84' lang='lat'>—-</span> <span class='ocrx_word' id='word_1_326' title='bbox 693 3338 704 3356; x_wconf 77' lang='lat'>⁹</span> <span class='ocrx_word' id='word_1_327' title='bbox 719 3338 826 3376; x_wconf 78' lang='lat' dir='ltr'>Amos,</span> <span class='ocrx_word' id='word_1_328' title='bbox 849 3346 909 3378; x_wconf 84' lang='lat' dir='ltr'>v11,</span> <span class='ocrx_word' id='word_1_329' title='bbox 933 3341 981 3370; x_wconf 83' lang='lat'>17.</span> <span class='ocrx_word' id='word_1_330' title='bbox 1004 3357 1039 3362; x_wconf 91' lang='lat'>—</span> <span class='ocrx_word' id='word_1_331' title='bbox 1064 3342 1088 3360; x_wconf 79' lang='lat'>¹⁰</span> <span class='ocrx_word' id='word_1_332' title='bbox 1109 3341 1224 3380; x_wconf 78' lang='lat' dir='ltr'>Ecclz&#39;.‚</span> 
     </span>
     <span class='ocr_line' id='line_1_50' title="bbox 208 3382 1227 3427; baseline 0.008 -15"><span class='ocrx_word' id='word_1_333' title='bbox 208 3390 265 3421; x_wconf 87' lang='lat'>111,</span> <span class='ocrx_word' id='word_1_334' title='bbox 293 3384 343 3412; x_wconf 72' lang='lat'>29.</span> <span class='ocrx_word' id='word_1_335' title='bbox 369 3399 408 3404; x_wconf 98' lang='lat'><strong>—</strong></span> <span class='ocrx_word' id='word_1_336' title='bbox 433 3383 461 3403; x_wconf 85' lang='lat'>1¹</span> <span class='ocrx_word' id='word_1_337' title='bbox 484 3382 594 3422; x_wconf 65' lang='lat' dir='ltr'>Apoc„</span> <span class='ocrx_word' id='word_1_338' title='bbox 620 3388 788 3425; x_wconf 77' lang='lat' dir='ltr'>xxu,11.</span> <span class='ocrx_word' id='word_1_339' title='bbox 812 3404 847 3408; x_wconf 94' lang='lat'><em>—</em></span> <span class='ocrx_word' id='word_1_340' title='bbox 875 3387 900 3408; x_wconf 81' lang='lat'>¹²</span> <span class='ocrx_word' id='word_1_341' title='bbox 924 3388 1001 3427; x_wconf 60' lang='lat' dir='ltr'>Ins„</span> <span class='ocrx_word' id='word_1_342' title='bbox 1030 3396 1111 3427; x_wconf 72' lang='lat' dir='ltr'>vm,</span> <span class='ocrx_word' id='word_1_343' title='bbox 1132 3390 1163 3419; x_wconf 72' lang='lat'>2.</span> <span class='ocrx_word' id='word_1_344' title='bbox 1187 3406 1227 3412; x_wconf 92' lang='lat'>—</span> 
     </span>
    </p>
   </div>
   <div class='ocr_carea' id='block_1_8' title="bbox 211 3428 1224 3476">
    <p class='ocr_par' dir='ltr' id='par_1_8' title="bbox 211 3428 1224 3476">
     <span class='ocr_line' id='line_1_51' title="bbox 211 3428 1224 3476; baseline 0.008 -17"><span class='ocrx_word' id='word_1_345' title='bbox 211 3428 234 3448; x_wconf 81' lang='lat'>¹³</span> <span class='ocrx_word' id='word_1_346' title='bbox 254 3428 367 3468; x_wconf 66' lang='lat' dir='ltr'>Greg„</span> <span class='ocrx_word' id='word_1_347' title='bbox 387 3429 420 3459; x_wconf 82' lang='lat' dir='ltr'>in</span> <span class='ocrx_word' id='word_1_348' title='bbox 437 3428 578 3469; x_wconf 63' lang='lat' dir='ltr'>many„</span> <span class='ocrx_word' id='word_1_349' title='bbox 597 3428 690 3463; x_wconf 87' lang='lat' dir='ltr'>hom.</span> <span class='ocrx_word' id='word_1_350' title='bbox 707 3439 832 3473; x_wconf 74' lang='lat' dir='ltr'>xxxin,</span> <span class='ocrx_word' id='word_1_351' title='bbox 852 3442 920 3467; x_wconf 90' lang='lat' dir='ltr'>non</span> <span class='ocrx_word' id='word_1_352' title='bbox 937 3434 1056 3475; x_wconf 86' lang='lat' dir='ltr'>procul</span> <span class='ocrx_word' id='word_1_353' title='bbox 1075 3444 1092 3466; x_wconf 88' lang='lat' dir='ltr'>a</span> <span class='ocrx_word' id='word_1_354' title='bbox 1116 3434 1224 3476; x_wconf 73' lang='lat' dir='ltr'>prInc.</span> 
     </span>
    </p>
   </div>
   <div class='ocr_carea' id='block_1_9' title="bbox 2254 159 2333 198">
    <p class='ocr_par' dir='ltr' id='par_1_9' title="bbox 2254 159 2333 198">
     <span class='ocr_line' id='line_1_52' title="bbox 2254 159 2333 198; baseline 0 0"><span class='ocrx_word' id='word_1_355' title='bbox 2254 159 2333 198; x_wconf 80' lang='lat'>409</span> 
     </span>
    </p>
   </div>
   <div class='ocr_carea' id='block_1_10' title="bbox 1300 246 2341 3263">
    <p class='ocr_par' dir='ltr' id='par_1_10' title="bbox 1308 246 2340 1350">
     <span class='ocr_line' id='line_1_53' title="bbox 1308 246 2335 302; baseline -0.001 -14"><span class='ocrx_word' id='word_1_356' title='bbox 1308 248 1421 289; x_wconf 83' lang='lat' dir='ltr'>ditur</span> <span class='ocrx_word' id='word_1_357' title='bbox 1448 262 1458 290; x_wconf 91' lang='lat'>:</span> <span class='ocrx_word' id='word_1_358' title='bbox 1489 249 1544 293; x_wconf 80' lang='lat' dir='ltr'>Et</span> <span class='ocrx_word' id='word_1_359' title='bbox 1569 251 1787 302; x_wconf 64' lang='lat' dir='ltr'>inaressus</span> <span class='ocrx_word' id='word_1_360' title='bbox 1812 248 1981 290; x_wconf 81' lang='lat' dir='ltr'>domum</span> <span class='ocrx_word' id='word_1_361' title='bbox 2007 246 2214 288; x_wconf 68' lang='lat' dir='ltr'>Pharisaei</span> <span class='ocrx_word' id='word_1_362' title='bbox 2241 246 2335 288; x_wconf 80' lang='lat' dir='ltr'>dis-</span> 
     </span>
     <span class='ocr_line' id='line_1_54' title="bbox 1310 317 2334 366; baseline -0.004 -6"><span class='ocrx_word' id='word_1_363' title='bbox 1310 320 1468 363; x_wconf 74' lang='lat' dir='ltr'>cubuit.</span> <span class='ocrx_word' id='word_1_364' title='bbox 1493 321 1657 361; x_wconf 90' lang='lat' dir='ltr'>Resedit</span> <span class='ocrx_word' id='word_1_365' title='bbox 1677 320 1729 361; x_wconf 90' lang='lat' dir='ltr'>ad</span> <span class='ocrx_word' id='word_1_366' title='bbox 1748 318 2105 366; x_wconf 86' lang='lat' dir='ltr'>manducandum,</span> <span class='ocrx_word' id='word_1_367' title='bbox 2121 320 2162 357; x_wconf 85' lang='lat' dir='ltr'>et</span> <span class='ocrx_word' id='word_1_368' title='bbox 2182 318 2240 357; x_wconf 87' lang='lat' dir='ltr'>sic</span> <span class='ocrx_word' id='word_1_369' title='bbox 2259 317 2334 357; x_wconf 86' lang='lat' dir='ltr'>im-</span> 
     </span>
     <span class='ocr_line' id='line_1_55' title="bbox 1309 388 2336 442; baseline -0.003 -12"><span class='ocrx_word' id='word_1_370' title='bbox 1309 390 1440 442; x_wconf 88' lang='lat' dir='ltr'>plevit</span> <span class='ocrx_word' id='word_1_371' title='bbox 1477 391 1581 433; x_wconf 87' lang='lat' dir='ltr'>illud</span> <span class='ocrx_word' id='word_1_372' title='bbox 1623 391 1866 440; x_wconf 80' lang='lat' dir='ltr'>visibther,</span> <span class='ocrx_word' id='word_1_373' title='bbox 1907 389 2019 442; x_wconf 90' lang='lat' dir='ltr'>quod</span> <span class='ocrx_word' id='word_1_374' title='bbox 2066 388 2336 441; x_wconf 85' lang='lat' dir='ltr'>spiritualiter</span> 
     </span>
     <span class='ocr_line' id='line_1_56' title="bbox 1309 457 2336 514; baseline -0.004 -14"><span class='ocrx_word' id='word_1_375' title='bbox 1309 462 1515 514; x_wconf 87' lang='lat' dir='ltr'>promittit</span> <span class='ocrx_word' id='word_1_376' title='bbox 1544 462 1590 501; x_wconf 89' lang='lat' dir='ltr'>in</span> <span class='ocrx_word' id='word_1_377' title='bbox 1620 461 1905 514; x_wconf 74' lang='lat' dir='ltr'>Apocalypsi³</span> <span class='ocrx_word' id='word_1_378' title='bbox 1933 474 1942 500; x_wconf 91' lang='lat'>:</span> <span class='ocrx_word' id='word_1_379' title='bbox 1976 474 1994 496; x_wconf 75' lang='grc' dir='ltr'>α</span> <span class='ocrx_word' id='word_1_380' title='bbox 2020 458 2064 499; x_wconf 86' lang='lat' dir='ltr'>Si</span> <span class='ocrx_word' id='word_1_381' title='bbox 2094 458 2190 511; x_wconf 83' lang='lat' dir='ltr'>quis</span> <span class='ocrx_word' id='word_1_382' title='bbox 2222 457 2336 497; x_wconf 88' lang='lat' dir='ltr'>audi-</span> 
     </span>
     <span class='ocr_line' id='line_1_57' title="bbox 1310 528 2336 584; baseline -0.005 -12"><span class='ocrx_word' id='word_1_383' title='bbox 1310 532 1418 572; x_wconf 86' lang='lat' dir='ltr'>verit</span> <span class='ocrx_word' id='word_1_384' title='bbox 1444 545 1592 573; x_wconf 88' lang='lat' dir='ltr'>vocem</span> <span class='ocrx_word' id='word_1_385' title='bbox 1625 545 1790 583; x_wconf 85' lang='lat' dir='ltr'>meam,</span> <span class='ocrx_word' id='word_1_386' title='bbox 1824 535 1863 572; x_wconf 91' lang='lat' dir='ltr'>et</span> <span class='ocrx_word' id='word_1_387' title='bbox 1894 529 2108 584; x_wconf 88' lang='lat' dir='ltr'>aperuerit</span> <span class='ocrx_word' id='word_1_388' title='bbox 2137 528 2242 568; x_wconf 90' lang='lat' dir='ltr'>mihi</span> <span class='ocrx_word' id='word_1_389' title='bbox 2267 529 2336 580; x_wconf 87' lang='lat' dir='ltr'>ja-</span> 
     </span>
     <span class='ocr_line' id='line_1_58' title="bbox 1310 598 2334 654; baseline -0.005 -12"><span class='ocrx_word' id='word_1_390' title='bbox 1310 615 1457 652; x_wconf 81' lang='lat' dir='ltr'>nuam,</span> <span class='ocrx_word' id='word_1_391' title='bbox 1476 603 1639 644; x_wconf 88' lang='lat' dir='ltr'>intrabo</span> <span class='ocrx_word' id='word_1_392' title='bbox 1658 604 1711 644; x_wconf 89' lang='lat' dir='ltr'>ad</span> <span class='ocrx_word' id='word_1_393' title='bbox 1729 603 1864 654; x_wconf 87' lang='lat' dir='ltr'>illum,</span> <span class='ocrx_word' id='word_1_394' title='bbox 1882 604 1922 642; x_wconf 88' lang='lat' dir='ltr'>et</span> <span class='ocrx_word' id='word_1_395' title='bbox 1941 600 2112 642; x_wconf 84' lang='lat' dir='ltr'>coenabo</span> <span class='ocrx_word' id='word_1_396' title='bbox 2132 611 2230 640; x_wconf 89' lang='lat' dir='ltr'>cum</span> <span class='ocrx_word' id='word_1_397' title='bbox 2247 598 2334 648; x_wconf 86' lang='lat' dir='ltr'>illo,</span> 
     </span>
     <span class='ocr_line' id='line_1_59' title="bbox 1310 670 2338 726; baseline -0.003 -14"><span class='ocrx_word' id='word_1_398' title='bbox 1310 675 1349 713; x_wconf 88' lang='lat' dir='ltr'>et</span> <span class='ocrx_word' id='word_1_399' title='bbox 1387 673 1474 726; x_wconf 88' lang='lat' dir='ltr'>ipse</span> <span class='ocrx_word' id='word_1_400' title='bbox 1506 685 1689 714; x_wconf 88' lang='lat' dir='ltr'>mecum.</span> <span class='ocrx_word' id='word_1_401' title='bbox 1711 689 1729 711; x_wconf 88' lang='lat'>))</span> <span class='ocrx_word' id='word_1_402' title='bbox 1771 673 1855 714; x_wconf 91' lang='lat' dir='ltr'>Nec</span> <span class='ocrx_word' id='word_1_403' title='bbox 1884 672 2057 722; x_wconf 88' lang='lat' dir='ltr'>mirum,</span> <span class='ocrx_word' id='word_1_404' title='bbox 2093 670 2206 723; x_wconf 78' lang='lat' dir='ltr'>quia,</span> <span class='ocrx_word' id='word_1_405' title='bbox 2229 670 2338 709; x_wconf 89' lang='lat' dir='ltr'>sicut</span> 
     </span>
     <span class='ocr_line' id='line_1_60' title="bbox 1309 739 2338 796; baseline -0.003 -14"><span class='ocrx_word' id='word_1_406' title='bbox 1309 743 1399 796; x_wconf 91' lang='lat' dir='ltr'>ipse</span> <span class='ocrx_word' id='word_1_407' title='bbox 1428 743 1525 784; x_wconf 88' lang='lat' dir='ltr'>dicit</span> <span class='ocrx_word' id='word_1_408' title='bbox 1545 746 1590 782; x_wconf 77' lang='grc' dir='ltr'>Ιἐ</span> <span class='ocrx_word' id='word_1_409' title='bbox 1620 759 1639 782; x_wconf 73' lang='grc' dir='ltr'>(ι</span> <span class='ocrx_word' id='word_1_410' title='bbox 1664 744 1827 785; x_wconf 74' lang='lat' dir='ltr'>Deliciae</span> <span class='ocrx_word' id='word_1_411' title='bbox 1856 755 1963 783; x_wconf 82' lang='lat' dir='ltr'>meae</span> <span class='ocrx_word' id='word_1_412' title='bbox 1993 754 2082 783; x_wconf 90' lang='lat' dir='ltr'>esse</span> <span class='ocrx_word' id='word_1_413' title='bbox 2111 753 2208 781; x_wconf 90' lang='lat' dir='ltr'>cum</span> <span class='ocrx_word' id='word_1_414' title='bbox 2240 739 2338 779; x_wconf 88' lang='lat' dir='ltr'>filiis</span> 
     </span>
     <span class='ocr_line' id='line_1_61' title="bbox 1310 811 2338 866; baseline -0.003 -13"><span class='ocrx_word' id='word_1_415' title='bbox 1310 814 1548 854; x_wconf 91' lang='lat' dir='ltr'>hominum.</span> <span class='ocrx_word' id='word_1_416' title='bbox 1569 828 1589 851; x_wconf 76' lang='lat' dir='ltr'>n</span> <span class='ocrx_word' id='word_1_417' title='bbox 1627 813 1713 854; x_wconf 89' lang='lat' dir='ltr'>Hoc</span> <span class='ocrx_word' id='word_1_418' title='bbox 1743 814 1840 854; x_wconf 89' lang='lat' dir='ltr'>dicit</span> <span class='ocrx_word' id='word_1_419' title='bbox 1868 815 2077 866; x_wconf 88' lang='lat' dir='ltr'>quantum</span> <span class='ocrx_word' id='word_1_420' title='bbox 2105 811 2156 852; x_wconf 89' lang='lat' dir='ltr'>ad</span> <span class='ocrx_word' id='word_1_421' title='bbox 2190 811 2338 851; x_wconf 91' lang='lat' dir='ltr'>nimie-</span> 
     </span>
     <span class='ocr_line' id='line_1_62' title="bbox 1309 881 2338 936; baseline -0.003 -13"><span class='ocrx_word' id='word_1_422' title='bbox 1309 886 1438 924; x_wconf 88' lang='lat' dir='ltr'>tatem</span> <span class='ocrx_word' id='word_1_423' title='bbox 1458 884 1686 934; x_wconf 81' lang='lat' dir='ltr'>eharitatis,</span> <span class='ocrx_word' id='word_1_424' title='bbox 1708 885 1879 936; x_wconf 89' lang='lat' dir='ltr'>propter</span> <span class='ocrx_word' id='word_1_425' title='bbox 1903 894 2032 935; x_wconf 87' lang='lat' dir='ltr'>quam</span> <span class='ocrx_word' id='word_1_426' title='bbox 2056 882 2186 921; x_wconf 87' lang='lat' dir='ltr'>homo</span> <span class='ocrx_word' id='word_1_427' title='bbox 2205 881 2338 921; x_wconf 86' lang='lat' dir='ltr'>factus</span> 
     </span>
     <span class='ocr_line' id='line_1_63' title="bbox 1309 952 2339 1006; baseline -0.005 -11"><span class='ocrx_word' id='word_1_428' title='bbox 1309 957 1385 1005; x_wconf 91' lang='lat' dir='ltr'>est,</span> <span class='ocrx_word' id='word_1_429' title='bbox 1414 957 1454 995; x_wconf 89' lang='lat' dir='ltr'>et</span> <span class='ocrx_word' id='word_1_430' title='bbox 1478 955 1688 995; x_wconf 88' lang='lat' dir='ltr'>humanas</span> <span class='ocrx_word' id='word_1_431' title='bbox 1712 953 1969 1006; x_wconf 83' lang='lat' dir='ltr'>indigentias</span> <span class='ocrx_word' id='word_1_432' title='bbox 1997 952 2177 993; x_wconf 88' lang='lat' dir='ltr'>libenter</span> <span class='ocrx_word' id='word_1_433' title='bbox 2203 962 2339 991; x_wconf 86' lang='lat' dir='ltr'>susce-</span> 
     </span>
     <span class='ocr_line' id='line_1_64' title="bbox 1309 1022 2336 1079; baseline -0.003 -14"><span class='ocrx_word' id='word_1_434' title='bbox 1309 1026 1384 1078; x_wconf 87' lang='lat' dir='ltr'>pit,</span> <span class='ocrx_word' id='word_1_435' title='bbox 1424 1028 1465 1067; x_wconf 90' lang='lat' dir='ltr'>et</span> <span class='ocrx_word' id='word_1_436' title='bbox 1500 1026 1672 1079; x_wconf 89' lang='lat' dir='ltr'>pertulit</span> <span class='ocrx_word' id='word_1_437' title='bbox 1707 1027 1816 1066; x_wconf 88' lang='lat' dir='ltr'>inter</span> <span class='ocrx_word' id='word_1_438' title='bbox 1852 1024 2073 1074; x_wconf 77' lang='lat' dir='ltr'>homines,</span> <span class='ocrx_word' id='word_1_439' title='bbox 2105 1022 2336 1063; x_wconf 88' lang='lat' dir='ltr'>secundum</span> 
     </span>
     <span class='ocr_line' id='line_1_65' title="bbox 1309 1094 2340 1143; baseline -0.004 -7"><span class='ocrx_word' id='word_1_440' title='bbox 1309 1096 1414 1137; x_wconf 88' lang='lat' dir='ltr'>illud</span> <span class='ocrx_word' id='word_1_441' title='bbox 1434 1097 1447 1118; x_wconf 78' lang='lat'><strong>⁵</strong></span> <span class='ocrx_word' id='word_1_442' title='bbox 1479 1111 1487 1138; x_wconf 91' lang='lat'>:</span> <span class='ocrx_word' id='word_1_443' title='bbox 1525 1112 1544 1135; x_wconf 69' lang='grc' dir='ltr'>(ι</span> <span class='ocrx_word' id='word_1_444' title='bbox 1573 1096 1670 1137; x_wconf 89' lang='lat' dir='ltr'>Post</span> <span class='ocrx_word' id='word_1_445' title='bbox 1699 1097 1792 1137; x_wconf 69' lang='lat' dir='ltr'>haec</span> <span class='ocrx_word' id='word_1_446' title='bbox 1819 1096 1863 1136; x_wconf 91' lang='lat' dir='ltr'>in</span> <span class='ocrx_word' id='word_1_447' title='bbox 1893 1095 2015 1136; x_wconf 86' lang='lat' dir='ltr'>terris</span> <span class='ocrx_word' id='word_1_448' title='bbox 2045 1094 2162 1136; x_wconf 89' lang='lat' dir='ltr'>visus</span> <span class='ocrx_word' id='word_1_449' title='bbox 2193 1095 2269 1143; x_wconf 81' lang='lat' dir='ltr'>est,</span> <span class='ocrx_word' id='word_1_450' title='bbox 2299 1097 2340 1133; x_wconf 87' lang='lat' dir='ltr'>et</span> 
     </span>
     <span class='ocr_line' id='line_1_66' title="bbox 1309 1165 2338 1215; baseline -0.004 -7"><span class='ocrx_word' id='word_1_451' title='bbox 1309 1179 1406 1209; x_wconf 91' lang='lat' dir='ltr'>cum</span> <span class='ocrx_word' id='word_1_452' title='bbox 1427 1168 1673 1208; x_wconf 89' lang='lat' dir='ltr'>hominibus</span> <span class='ocrx_word' id='word_1_453' title='bbox 1693 1169 1964 1208; x_wconf 88' lang='lat' dir='ltr'>conversatus</span> <span class='ocrx_word' id='word_1_454' title='bbox 1980 1168 2055 1206; x_wconf 90' lang='lat' dir='ltr'>est.</span> <span class='ocrx_word' id='word_1_455' title='bbox 2075 1179 2094 1203; x_wconf 71' lang='lat' dir='ltr'>n</span> <span class='ocrx_word' id='word_1_456' title='bbox 2114 1165 2212 1205; x_wconf 80' lang='lat' dir='ltr'>Haec</span> <span class='ocrx_word' id='word_1_457' title='bbox 2233 1174 2338 1215; x_wconf 81' lang='lat' dir='ltr'>ergo</span> 
     </span>
     <span class='ocr_line' id='line_1_67' title="bbox 1309 1236 2339 1291; baseline -0.004 -12"><span class='ocrx_word' id='word_1_458' title='bbox 1309 1238 1545 1279; x_wconf 85' lang='lat' dir='ltr'>introducta</span> <span class='ocrx_word' id='word_1_459' title='bbox 1572 1240 1671 1279; x_wconf 88' lang='lat' dir='ltr'>sunt</span> <span class='ocrx_word' id='word_1_460' title='bbox 1700 1240 1870 1291; x_wconf 87' lang='lat' dir='ltr'>propter</span> <span class='ocrx_word' id='word_1_461' title='bbox 1902 1236 2213 1277; x_wconf 87' lang='lat' dir='ltr'>solemnitatem</span> <span class='ocrx_word' id='word_1_462' title='bbox 2242 1246 2339 1276; x_wconf 87' lang='lat' dir='ltr'>con-</span> 
     </span>
     <span class='ocr_line' id='line_1_68' title="bbox 1308 1309 1424 1350; baseline 0.009 -2"><span class='ocrx_word' id='word_1_463' title='bbox 1308 1309 1424 1350; x_wconf 89' lang='lat' dir='ltr'>vivii.</span> 
     </span>
    </p>

    <p class='ocr_par' dir='ltr' id='par_1_11' title="bbox 1300 1375 2341 3263">
     <span class='ocr_line' id='line_1_69' title="bbox 1362 1375 2339 1428; baseline -0.003 -9"><span class='ocrx_word' id='word_1_464' title='bbox 1362 1378 1574 1427; x_wconf 85' lang='lat' dir='ltr'>Quantum</span> <span class='ocrx_word' id='word_1_465' title='bbox 1609 1379 1660 1418; x_wconf 87' lang='lat' dir='ltr'>ad</span> <span class='ocrx_word' id='word_1_466' title='bbox 1692 1376 2016 1417; x_wconf 86' lang='lat' dir='ltr'>familiaritatem</span> <span class='ocrx_word' id='word_1_467' title='bbox 2047 1375 2254 1428; x_wconf 89' lang='lat' dir='ltr'>obsequii,</span> <span class='ocrx_word' id='word_1_468' title='bbox 2287 1376 2339 1416; x_wconf 90' lang='lat' dir='ltr'>ad</span> 
     </span>
     <span class='ocr_line' id='line_1_70' title="bbox 1308 1447 2338 1500; baseline 0 -12"><span class='ocrx_word' id='word_1_469' title='bbox 1308 1449 1420 1500; x_wconf 87' lang='lat' dir='ltr'>quod</span> <span class='ocrx_word' id='word_1_470' title='bbox 1440 1448 1517 1489; x_wconf 86' lang='lat' dir='ltr'>fuit</span> <span class='ocrx_word' id='word_1_471' title='bbox 1536 1448 1732 1498; x_wconf 79' lang='lat' dir='ltr'>admissa,</span> <span class='ocrx_word' id='word_1_472' title='bbox 1754 1447 1948 1487; x_wconf 88' lang='lat' dir='ltr'>subditur</span> <span class='ocrx_word' id='word_1_473' title='bbox 1968 1449 2024 1498; x_wconf 89' lang='lat' dir='ltr'>(v.</span> <span class='ocrx_word' id='word_1_474' title='bbox 2048 1447 2110 1499; x_wconf 82' lang='lat'>37)</span> <span class='ocrx_word' id='word_1_475' title='bbox 2137 1460 2146 1487; x_wconf 91' lang='lat'>:</span> <span class='ocrx_word' id='word_1_476' title='bbox 2171 1448 2231 1488; x_wconf 80' lang='lat' dir='ltr'>Et</span> <span class='ocrx_word' id='word_1_477' title='bbox 2252 1457 2338 1488; x_wconf 80' lang='lat' dir='ltr'>ecce</span> 
     </span>
     <span class='ocr_line' id='line_1_71' title="bbox 1308 1517 2340 1571; baseline -0.004 -11"><span class='ocrx_word' id='word_1_478' title='bbox 1308 1519 1460 1560; x_wconf 75' lang='lat' dir='ltr'>mulier</span> <span class='ocrx_word' id='word_1_479' title='bbox 1479 1529 1571 1571; x_wconf 79' lang='lat' dir='ltr'>quoe</span> <span class='ocrx_word' id='word_1_480' title='bbox 1591 1519 1747 1560; x_wconf 77' lang='lat' dir='ltr'>eratin</span> <span class='ocrx_word' id='word_1_481' title='bbox 1771 1517 1946 1560; x_wconf 77' lang='lat' dir='ltr'>civitate</span> <span class='ocrx_word' id='word_1_482' title='bbox 1962 1517 2194 1569; x_wconf 68' lang='lat' dir='ltr'>peccatrix,</span> <span class='ocrx_word' id='word_1_483' title='bbox 2218 1518 2340 1568; x_wconf 84' lang='lat' dir='ltr'>cujus</span> 
     </span>
     <span class='ocr_line' id='line_1_72' title="bbox 1307 1587 2341 1639; baseline -0.003 -10"><span class='ocrx_word' id='word_1_484' title='bbox 1307 1590 1420 1629; x_wconf 86' lang='lat' dir='ltr'>sama</span> <span class='ocrx_word' id='word_1_485' title='bbox 1452 1589 1694 1630; x_wconf 83' lang='lat' dir='ltr'>innotuerat</span> <span class='ocrx_word' id='word_1_486' title='bbox 1721 1588 1797 1628; x_wconf 89' lang='lat' dir='ltr'>toti</span> <span class='ocrx_word' id='word_1_487' title='bbox 1827 1587 2011 1636; x_wconf 84' lang='lat' dir='ltr'>civitati,</span> <span class='ocrx_word' id='word_1_488' title='bbox 2045 1587 2104 1626; x_wconf 89' lang='lat' dir='ltr'>ita</span> <span class='ocrx_word' id='word_1_489' title='bbox 2131 1589 2181 1627; x_wconf 89' lang='lat' dir='ltr'>ut</span> <span class='ocrx_word' id='word_1_490' title='bbox 2211 1587 2341 1639; x_wconf 82' lang='lat' dir='ltr'>possit</span> 
     </span>
     <span class='ocr_line' id='line_1_73' title="bbox 1307 1657 2341 1700; baseline -0.003 0"><span class='ocrx_word' id='word_1_491' title='bbox 1307 1660 1345 1700; x_wconf 89' lang='lat' dir='ltr'>ei</span> <span class='ocrx_word' id='word_1_492' title='bbox 1365 1660 1445 1700; x_wconf 87' lang='lat' dir='ltr'>dici</span> <span class='ocrx_word' id='word_1_493' title='bbox 1470 1659 1575 1699; x_wconf 89' lang='lat' dir='ltr'>illud</span> <span class='ocrx_word' id='word_1_494' title='bbox 1594 1660 1607 1681; x_wconf 83' lang='lat'><strong>⁶</strong></span> <span class='ocrx_word' id='word_1_495' title='bbox 1633 1673 1642 1700; x_wconf 90' lang='lat'>:</span> <span class='ocrx_word' id='word_1_496' title='bbox 1679 1674 1698 1697; x_wconf 74' lang='grc' dir='ltr'>(ι</span> <span class='ocrx_word' id='word_1_497' title='bbox 1724 1658 1859 1699; x_wconf 89' lang='lat' dir='ltr'>Frons</span> <span class='ocrx_word' id='word_1_498' title='bbox 1891 1658 2080 1698; x_wconf 91' lang='lat' dir='ltr'>mulieris</span> <span class='ocrx_word' id='word_1_499' title='bbox 2110 1657 2341 1697; x_wconf 87' lang='lat' dir='ltr'>meretricis</span> 
     </span>
     <span class='ocr_line' id='line_1_74' title="bbox 1306 1727 2340 1780; baseline -0.002 -10"><span class='ocrx_word' id='word_1_500' title='bbox 1306 1730 1413 1770; x_wconf 86' lang='lat' dir='ltr'>facta</span> <span class='ocrx_word' id='word_1_501' title='bbox 1442 1733 1504 1770; x_wconf 89' lang='lat' dir='ltr'>est</span> <span class='ocrx_word' id='word_1_502' title='bbox 1528 1729 1616 1780; x_wconf 89' lang='lat' dir='ltr'>tibi,</span> <span class='ocrx_word' id='word_1_503' title='bbox 1637 1731 1678 1769; x_wconf 88' lang='lat' dir='ltr'>et</span> <span class='ocrx_word' id='word_1_504' title='bbox 1710 1728 1882 1769; x_wconf 88' lang='lat' dir='ltr'>noluisti</span> <span class='ocrx_word' id='word_1_505' title='bbox 1905 1728 2166 1768; x_wconf 86' lang='lat' dir='ltr'>erubescere.</span> <span class='ocrx_word' id='word_1_506' title='bbox 2187 1742 2206 1765; x_wconf 73' lang='lat' dir='ltr'>n</span> <span class='ocrx_word' id='word_1_507' title='bbox 2241 1727 2340 1768; x_wconf 81' lang='lat' dir='ltr'>Haec</span> 
     </span>
     <span class='ocr_line' id='line_1_75' title="bbox 1307 1797 2340 1851; baseline -0.003 -11"><span class='ocrx_word' id='word_1_508' title='bbox 1307 1803 1369 1840; x_wconf 90' lang='lat' dir='ltr'>est</span> <span class='ocrx_word' id='word_1_509' title='bbox 1400 1800 1470 1840; x_wconf 91' lang='lat' dir='ltr'>illa</span> <span class='ocrx_word' id='word_1_510' title='bbox 1498 1800 1667 1850; x_wconf 88' lang='lat' dir='ltr'>mulier,</span> <span class='ocrx_word' id='word_1_511' title='bbox 1688 1799 1738 1839; x_wconf 90' lang='lat' dir='ltr'>de</span> <span class='ocrx_word' id='word_1_512' title='bbox 1766 1811 1851 1851; x_wconf 84' lang='lat' dir='ltr'>qua</span> <span class='ocrx_word' id='word_1_513' title='bbox 1880 1798 2032 1838; x_wconf 86' lang='lat' dir='ltr'>dicitur</span> <span class='ocrx_word' id='word_1_514' title='bbox 2062 1798 2075 1819; x_wconf 80' lang='lat'>⁷</span> <span class='ocrx_word' id='word_1_515' title='bbox 2108 1811 2117 1837; x_wconf 75' lang='grc' dir='ltr'>ε</span> <span class='ocrx_word' id='word_1_516' title='bbox 2147 1813 2167 1836; x_wconf 75' lang='grc' dir='ltr'>α</span> <span class='ocrx_word' id='word_1_517' title='bbox 2193 1797 2340 1839; x_wconf 87' lang='lat' dir='ltr'>Inveni</span> 
     </span>
     <span class='ocr_line' id='line_1_76' title="bbox 1306 1868 2339 1920; baseline -0.003 -9"><span class='ocrx_word' id='word_1_518' title='bbox 1306 1871 1561 1911; x_wconf 85' lang='lat' dir='ltr'>amariorem</span> <span class='ocrx_word' id='word_1_519' title='bbox 1593 1871 1728 1910; x_wconf 89' lang='lat' dir='ltr'>morte</span> <span class='ocrx_word' id='word_1_520' title='bbox 1762 1869 2002 1918; x_wconf 85' lang='lat' dir='ltr'>mulierem,</span> <span class='ocrx_word' id='word_1_521' title='bbox 2037 1880 2134 1920; x_wconf 61' lang='lat' dir='ltr'>quae</span> <span class='ocrx_word' id='word_1_522' title='bbox 2161 1868 2339 1920; x_wconf 85' lang='lat' dir='ltr'>laqueus</span> 
     </span>
     <span class='ocr_line' id='line_1_77' title="bbox 1305 1940 2340 1990; baseline -0.004 -7"><span class='ocrx_word' id='word_1_523' title='bbox 1305 1944 1556 1983; x_wconf 73' lang='lat' dir='ltr'>venatorum</span> <span class='ocrx_word' id='word_1_524' title='bbox 1586 1943 1661 1989; x_wconf 91' lang='lat' dir='ltr'>est,</span> <span class='ocrx_word' id='word_1_525' title='bbox 1685 1942 1725 1980; x_wconf 92' lang='lat' dir='ltr'>et</span> <span class='ocrx_word' id='word_1_526' title='bbox 1753 1951 1911 1990; x_wconf 81' lang='lat' dir='ltr'>sagena</span> <span class='ocrx_word' id='word_1_527' title='bbox 1942 1951 2012 1978; x_wconf 92' lang='lat' dir='ltr'>cor</span> <span class='ocrx_word' id='word_1_528' title='bbox 2035 1940 2143 1990; x_wconf 77' lang='lat' dir='ltr'>ers,</span> <span class='ocrx_word' id='word_1_529' title='bbox 2169 1940 2340 1980; x_wconf 88' lang='lat' dir='ltr'>vincula</span> 
     </span>
     <span class='ocr_line' id='line_1_78' title="bbox 1307 2008 2341 2061; baseline -0.002 -10"><span class='ocrx_word' id='word_1_530' title='bbox 1307 2014 1410 2051; x_wconf 88' lang='lat' dir='ltr'>sunt</span> <span class='ocrx_word' id='word_1_531' title='bbox 1439 2022 1591 2051; x_wconf 87' lang='lat' dir='ltr'>manus</span> <span class='ocrx_word' id='word_1_532' title='bbox 1619 2010 1732 2050; x_wconf 89' lang='lat' dir='ltr'>illius</span> <span class='ocrx_word' id='word_1_533' title='bbox 1755 2023 1763 2049; x_wconf 91' lang='lat'>:</span> <span class='ocrx_word' id='word_1_534' title='bbox 1788 2009 1861 2061; x_wconf 89' lang='lat' dir='ltr'>qui</span> <span class='ocrx_word' id='word_1_535' title='bbox 1888 2009 2022 2061; x_wconf 91' lang='lat' dir='ltr'>placet</span> <span class='ocrx_word' id='word_1_536' title='bbox 2042 2009 2140 2058; x_wconf 83' lang='lat' dir='ltr'>Deo,</span> <span class='ocrx_word' id='word_1_537' title='bbox 2163 2008 2341 2059; x_wconf 77' lang='lat' dir='ltr'>effugiet</span> 
     </span>
     <span class='ocr_line' id='line_1_79' title="bbox 1306 2079 2338 2133; baseline -0.003 -12"><span class='ocrx_word' id='word_1_538' title='bbox 1306 2081 1443 2130; x_wconf 81' lang='lat' dir='ltr'>illam3</span> <span class='ocrx_word' id='word_1_539' title='bbox 1470 2081 1542 2133; x_wconf 88' lang='lat' dir='ltr'>qui</span> <span class='ocrx_word' id='word_1_540' title='bbox 1571 2083 1713 2120; x_wconf 89' lang='lat' dir='ltr'>autem</span> <span class='ocrx_word' id='word_1_541' title='bbox 1744 2081 1935 2132; x_wconf 86' lang='lat' dir='ltr'>peccator</span> <span class='ocrx_word' id='word_1_542' title='bbox 1964 2081 2039 2129; x_wconf 85' lang='lat' dir='ltr'>est,</span> <span class='ocrx_word' id='word_1_543' title='bbox 2069 2079 2255 2131; x_wconf 85' lang='lat' dir='ltr'>capietur</span> <span class='ocrx_word' id='word_1_544' title='bbox 2286 2080 2338 2119; x_wconf 86' lang='lat' dir='ltr'>ab</span> 
     </span>
     <span class='ocr_line' id='line_1_80' title="bbox 1305 2149 2341 2202; baseline -0.001 -11"><span class='ocrx_word' id='word_1_545' title='bbox 1305 2151 1390 2191; x_wconf 88' lang='lat' dir='ltr'>illa.</span> <span class='ocrx_word' id='word_1_546' title='bbox 1412 2166 1431 2188; x_wconf 88' lang='lat'>»</span> <span class='ocrx_word' id='word_1_547' title='bbox 1466 2150 1516 2191; x_wconf 89' lang='lat' dir='ltr'>Et</span> <span class='ocrx_word' id='word_1_548' title='bbox 1536 2151 1641 2200; x_wconf 80' lang='lat' dir='ltr'>hoc,</span> <span class='ocrx_word' id='word_1_549' title='bbox 1664 2150 1765 2202; x_wconf 87' lang='lat' dir='ltr'>quia</span> <span class='ocrx_word' id='word_1_550' title='bbox 1784 2150 2007 2190; x_wconf 86' lang='lat' dir='ltr'>fornicaria</span> <span class='ocrx_word' id='word_1_551' title='bbox 2034 2149 2267 2190; x_wconf 89' lang='lat' dir='ltr'>manifesta.</span> <span class='ocrx_word' id='word_1_552' title='bbox 2291 2149 2341 2190; x_wconf 82' lang='lat' dir='ltr'>Et</span> 
     </span>
     <span class='ocr_line' id='line_1_81' title="bbox 1306 2220 2340 2263; baseline -0.003 0"><span class='ocrx_word' id='word_1_553' title='bbox 1306 2224 1413 2263; x_wconf 90' lang='lat' dir='ltr'>sicut</span> <span class='ocrx_word' id='word_1_554' title='bbox 1434 2222 1534 2263; x_wconf 87' lang='lat' dir='ltr'>dicit</span> <span class='ocrx_word' id='word_1_555' title='bbox 1553 2222 1774 2263; x_wconf 85' lang='lat' dir='ltr'>Ravennas</span> <span class='ocrx_word' id='word_1_556' title='bbox 1795 2223 1808 2244; x_wconf 81' lang='lat'><strong>⁸</strong></span> <span class='ocrx_word' id='word_1_557' title='bbox 1828 2232 1866 2259; x_wconf 89' lang='lat'>:«</span> <span class='ocrx_word' id='word_1_558' title='bbox 1880 2220 2057 2260; x_wconf 87' lang='lat' dir='ltr'>Infamia</span> <span class='ocrx_word' id='word_1_559' title='bbox 2078 2220 2189 2260; x_wconf 91' lang='lat' dir='ltr'>illius</span> <span class='ocrx_word' id='word_1_560' title='bbox 2209 2223 2340 2261; x_wconf 90' lang='lat' dir='ltr'>totam</span> 
     </span>
     <span class='ocr_line' id='line_1_82' title="bbox 1305 2290 2339 2344; baseline -0.004 -10"><span class='ocrx_word' id='word_1_561' title='bbox 1305 2294 1472 2334; x_wconf 84' lang='lat' dir='ltr'>laeserat</span> <span class='ocrx_word' id='word_1_562' title='bbox 1504 2293 1715 2333; x_wconf 84' lang='lat' dir='ltr'>civitatem</span> <span class='ocrx_word' id='word_1_563' title='bbox 1741 2292 1840 2344; x_wconf 81' lang='lat' dir='ltr'>(b),›&gt;</span> <span class='ocrx_word' id='word_1_564' title='bbox 1872 2292 1927 2331; x_wconf 89' lang='lat' dir='ltr'>ita</span> <span class='ocrx_word' id='word_1_565' title='bbox 1962 2293 2011 2331; x_wconf 88' lang='lat' dir='ltr'>ut</span> <span class='ocrx_word' id='word_1_566' title='bbox 2042 2291 2087 2342; x_wconf 82' lang='lat' dir='ltr'>(c)</span> <span class='ocrx_word' id='word_1_567' title='bbox 2118 2290 2339 2342; x_wconf 81' lang='lat' dir='ltr'>impletum</span> 
     </span>
     <span class='ocr_line' id='line_1_83' title="bbox 1306 2360 2340 2414; baseline -0.003 -11"><span class='ocrx_word' id='word_1_568' title='bbox 1306 2366 1412 2403; x_wconf 90' lang='lat' dir='ltr'>esset</span> <span class='ocrx_word' id='word_1_569' title='bbox 1439 2364 1483 2403; x_wconf 89' lang='lat' dir='ltr'>in</span> <span class='ocrx_word' id='word_1_570' title='bbox 1503 2375 1565 2412; x_wconf 88' lang='lat' dir='ltr'>ea,</span> <span class='ocrx_word' id='word_1_571' title='bbox 1587 2363 1699 2414; x_wconf 85' lang='lat' dir='ltr'>quod</span> <span class='ocrx_word' id='word_1_572' title='bbox 1725 2361 2010 2402; x_wconf 88' lang='lat' dir='ltr'>comminatur</span> <span class='ocrx_word' id='word_1_573' title='bbox 2039 2360 2245 2401; x_wconf 86' lang='lat' dir='ltr'>Dominus</span> <span class='ocrx_word' id='word_1_574' title='bbox 2265 2373 2340 2412; x_wconf 89' lang='lat' dir='ltr'>per</span> 
     </span>
     <span class='ocr_line' id='line_1_84' title="bbox 1304 2430 2339 2473; baseline -0.002 0"><span class='ocrx_word' id='word_1_575' title='bbox 1304 2434 1434 2473; x_wconf 91' lang='lat' dir='ltr'>Amos</span> <span class='ocrx_word' id='word_1_576' title='bbox 1464 2433 1517 2473; x_wconf 86' lang='lat' dir='ltr'>ad</span> <span class='ocrx_word' id='word_1_577' title='bbox 1547 2432 1762 2472; x_wconf 84' lang='lat' dir='ltr'>Amasiam</span> <span class='ocrx_word' id='word_1_578' title='bbox 1793 2431 2050 2471; x_wconf 87' lang='lat' dir='ltr'>sacerdotem</span> <span class='ocrx_word' id='word_1_579' title='bbox 2084 2434 2097 2454; x_wconf 78' lang='lat'>⁹</span> <span class='ocrx_word' id='word_1_580' title='bbox 2132 2444 2141 2470; x_wconf 89' lang='lat'>:</span> <span class='ocrx_word' id='word_1_581' title='bbox 2182 2445 2200 2467; x_wconf 87' lang='lat'>«</span> <span class='ocrx_word' id='word_1_582' title='bbox 2225 2430 2339 2470; x_wconf 77' lang='lat' dir='ltr'>Uxor</span> 
     </span>
     <span class='ocr_line' id='line_1_85' title="bbox 1304 2500 2337 2544; baseline -0.004 0"><span class='ocrx_word' id='word_1_583' title='bbox 1304 2506 1378 2544; x_wconf 85' lang='lat' dir='ltr'>tua</span> <span class='ocrx_word' id='word_1_584' title='bbox 1392 2504 1435 2543; x_wconf 91' lang='lat' dir='ltr'>in</span> <span class='ocrx_word' id='word_1_585' title='bbox 1455 2502 1623 2543; x_wconf 88' lang='lat' dir='ltr'>civitate</span> <span class='ocrx_word' id='word_1_586' title='bbox 1642 2501 1931 2542; x_wconf 86' lang='lat' dir='ltr'>fornicabitur.</span> <span class='ocrx_word' id='word_1_587' title='bbox 1953 2515 1972 2537; x_wconf 85' lang='grc'>))</span> <span class='ocrx_word' id='word_1_588' title='bbox 1998 2500 2048 2540; x_wconf 86' lang='lat' dir='ltr'>Et</span> <span class='ocrx_word' id='word_1_589' title='bbox 2074 2500 2167 2540; x_wconf 92' lang='lat' dir='ltr'>ideo</span> <span class='ocrx_word' id='word_1_590' title='bbox 2187 2500 2337 2541; x_wconf 90' lang='lat' dir='ltr'>merito</span> 
     </span>
     <span class='ocr_line' id='line_1_86' title="bbox 1304 2570 2337 2626; baseline -0.005 -12"><span class='ocrx_word' id='word_1_591' title='bbox 1304 2574 1456 2614; x_wconf 88' lang='lat' dir='ltr'>dicitur</span> <span class='ocrx_word' id='word_1_592' title='bbox 1479 2572 1706 2626; x_wconf 80' lang='lat' dir='ltr'>peccatrix,</span> <span class='ocrx_word' id='word_1_593' title='bbox 1728 2574 1769 2612; x_wconf 91' lang='lat' dir='ltr'>et</span> <span class='ocrx_word' id='word_1_594' title='bbox 1792 2571 1954 2611; x_wconf 86' lang='lat' dir='ltr'>ratione</span> <span class='ocrx_word' id='word_1_595' title='bbox 1977 2570 2178 2621; x_wconf 84' lang='lat' dir='ltr'>infamiae,</span> <span class='ocrx_word' id='word_1_596' title='bbox 2201 2573 2242 2610; x_wconf 89' lang='lat' dir='ltr'>et</span> <span class='ocrx_word' id='word_1_597' title='bbox 2267 2583 2337 2610; x_wconf 87' lang='lat' dir='ltr'>ra-</span> 
     </span>
     <span class='ocr_line' id='line_1_87' title="bbox 1303 2641 2336 2696; baseline -0.003 -11"><span class='ocrx_word' id='word_1_598' title='bbox 1303 2645 1418 2685; x_wconf 91' lang='lat' dir='ltr'>tione</span> <span class='ocrx_word' id='word_1_599' title='bbox 1449 2643 1679 2696; x_wconf 85' lang='lat' dir='ltr'>requentiae</span> <span class='ocrx_word' id='word_1_600' title='bbox 1698 2674 1708 2692; x_wconf 86' lang='lat'>,</span> <span class='ocrx_word' id='word_1_601' title='bbox 1736 2641 1971 2682; x_wconf 89' lang='lat' dir='ltr'>secundum</span> <span class='ocrx_word' id='word_1_602' title='bbox 1994 2641 2098 2681; x_wconf 85' lang='lat' dir='ltr'>illud</span> <span class='ocrx_word' id='word_1_603' title='bbox 2118 2644 2178 2680; x_wconf 87' lang='lat'>¹⁰:</span> <span class='ocrx_word' id='word_1_604' title='bbox 2213 2656 2232 2679; x_wconf 75' lang='grc' dir='ltr'>α</span> <span class='ocrx_word' id='word_1_605' title='bbox 2259 2641 2336 2682; x_wconf 89' lang='lat' dir='ltr'>Cor</span> 
     </span>
     <span class='ocr_line' id='line_1_88' title="bbox 1303 2714 2336 2770; baseline -0.003 -12"><span class='ocrx_word' id='word_1_606' title='bbox 1303 2729 1488 2770; x_wconf 87' lang='lat' dir='ltr'>nequam</span> <span class='ocrx_word' id='word_1_607' title='bbox 1510 2715 1760 2768; x_wconf 83' lang='lat' dir='ltr'>gravabitur</span> <span class='ocrx_word' id='word_1_608' title='bbox 1779 2715 1823 2754; x_wconf 87' lang='lat' dir='ltr'>in</span> <span class='ocrx_word' id='word_1_609' title='bbox 1841 2714 2068 2764; x_wconf 82' lang='lat' dir='ltr'>doloribus,</span> <span class='ocrx_word' id='word_1_610' title='bbox 2086 2717 2126 2753; x_wconf 90' lang='lat' dir='ltr'>et</span> <span class='ocrx_word' id='word_1_611' title='bbox 2145 2717 2336 2765; x_wconf 90' lang='lat' dir='ltr'>peccator</span> 
     </span>
     <span class='ocr_line' id='line_1_89' title="bbox 1303 2784 2331 2840; baseline -0.004 -12"><span class='ocrx_word' id='word_1_612' title='bbox 1303 2788 1351 2828; x_wconf 88' lang='lat' dir='ltr'>ad</span> <span class='ocrx_word' id='word_1_613' title='bbox 1354 2788 1453 2840; x_wconf 76' lang='lat' dir='ltr'>Jecit</span> <span class='ocrx_word' id='word_1_614' title='bbox 1463 2787 1515 2827; x_wconf 88' lang='lat' dir='ltr'>ad</span> <span class='ocrx_word' id='word_1_615' title='bbox 1529 2785 1825 2839; x_wconf 86' lang='lat' dir='ltr'>peccandum.»</span> <span class='ocrx_word' id='word_1_616' title='bbox 1835 2785 1861 2806; x_wconf 85' lang='lat'>¹¹</span> <span class='ocrx_word' id='word_1_617' title='bbox 1872 2800 1891 2822; x_wconf 76' lang='grc' dir='ltr'>α</span> <span class='ocrx_word' id='word_1_618' title='bbox 1903 2784 1980 2834; x_wconf 82' lang='lat' dir='ltr'>Qui</span> <span class='ocrx_word' id='word_1_619' title='bbox 1994 2785 2038 2824; x_wconf 89' lang='lat' dir='ltr'>in</span> <span class='ocrx_word' id='word_1_620' title='bbox 2051 2784 2245 2824; x_wconf 87' lang='lat' dir='ltr'>sordibus</span> <span class='ocrx_word' id='word_1_621' title='bbox 2257 2789 2331 2835; x_wconf 80' lang='lat' dir='ltr'>est,</span> 
     </span>
     <span class='ocr_line' id='line_1_90' title="bbox 1303 2854 2335 2899; baseline -0.004 0"><span class='ocrx_word' id='word_1_622' title='bbox 1303 2858 1513 2899; x_wconf 87' lang='lat' dir='ltr'>sordescat</span> <span class='ocrx_word' id='word_1_623' title='bbox 1543 2857 1694 2897; x_wconf 86' lang='lat' dir='ltr'>adhuc.</span> <span class='ocrx_word' id='word_1_624' title='bbox 1718 2870 1736 2893; x_wconf 78' lang='lat'>›)</span> <span class='ocrx_word' id='word_1_625' title='bbox 1772 2855 1865 2896; x_wconf 93' lang='lat' dir='ltr'>Non</span> <span class='ocrx_word' id='word_1_626' title='bbox 1897 2854 2033 2895; x_wconf 92' lang='lat' dir='ltr'>solum</span> <span class='ocrx_word' id='word_1_627' title='bbox 2065 2858 2207 2895; x_wconf 88' lang='lat' dir='ltr'>autem</span> <span class='ocrx_word' id='word_1_628' title='bbox 2236 2855 2335 2896; x_wconf 87' lang='lat' dir='ltr'>sim-</span> 
     </span>
     <span class='ocr_line' id='line_1_91' title="bbox 1302 2926 2333 2982; baseline -0.001 -14"><span class='ocrx_word' id='word_1_629' title='bbox 1302 2929 1478 2982; x_wconf 86' lang='lat' dir='ltr'>pliciter,</span> <span class='ocrx_word' id='word_1_630' title='bbox 1500 2927 1571 2968; x_wconf 86' lang='lat' dir='ltr'>sed</span> <span class='ocrx_word' id='word_1_631' title='bbox 1588 2926 1762 2968; x_wconf 89' lang='lat' dir='ltr'>diversis</span> <span class='ocrx_word' id='word_1_632' title='bbox 1781 2926 1916 2966; x_wconf 89' lang='lat' dir='ltr'>modis</span> <span class='ocrx_word' id='word_1_633' title='bbox 1935 2929 2192 2978; x_wconf 89' lang='lat' dir='ltr'>peccaverat.</span> <span class='ocrx_word' id='word_1_634' title='bbox 2217 2926 2333 2967; x_wconf 87' lang='lat' dir='ltr'>Unde</span> 
     </span>
     <span class='ocr_line' id='line_1_92' title="bbox 1303 2996 2332 3051; baseline -0.004 -11"><span class='ocrx_word' id='word_1_635' title='bbox 1303 2999 1511 3049; x_wconf 59' lang='lat' dir='ltr'>diciturffi,</span> <span class='ocrx_word' id='word_1_636' title='bbox 1533 2997 1644 3051; x_wconf 88' lang='lat' dir='ltr'>quod</span> <span class='ocrx_word' id='word_1_637' title='bbox 1674 2998 1853 3049; x_wconf 85' lang='lat' dir='ltr'>ejecerat</span> <span class='ocrx_word' id='word_1_638' title='bbox 1889 2996 2080 3036; x_wconf 89' lang='lat' dir='ltr'>Christus</span> <span class='ocrx_word' id='word_1_639' title='bbox 2117 2997 2167 3037; x_wconf 92' lang='lat' dir='ltr'>de</span> <span class='ocrx_word' id='word_1_640' title='bbox 2202 2996 2332 3037; x_wconf 87' lang='lat' dir='ltr'>Maria</span> 
     </span>
     <span class='ocr_line' id='line_1_93' title="bbox 1301 3067 2330 3124; baseline -0.004 -12"><span class='ocrx_word' id='word_1_641' title='bbox 1301 3074 1461 3124; x_wconf 89' lang='lat' dir='ltr'>septem</span> <span class='ocrx_word' id='word_1_642' title='bbox 1486 3069 1709 3111; x_wconf 72' lang='lat' dir='ltr'>daemonia.</span> <span class='ocrx_word' id='word_1_643' title='bbox 1734 3067 1964 3120; x_wconf 88' lang='lat' dir='ltr'>Gregorius</span> <span class='ocrx_word' id='word_1_644' title='bbox 1984 3069 2013 3093; x_wconf 75' lang='lat'>¹³</span> <span class='ocrx_word' id='word_1_645' title='bbox 2031 3082 2039 3108; x_wconf 92' lang='lat'>:</span> <span class='ocrx_word' id='word_1_646' title='bbox 2060 3083 2079 3106; x_wconf 86' lang='lat'>«</span> <span class='ocrx_word' id='word_1_647' title='bbox 2099 3068 2177 3109; x_wconf 91' lang='lat' dir='ltr'>Per</span> <span class='ocrx_word' id='word_1_648' title='bbox 2195 3071 2330 3120; x_wconf 88' lang='lat' dir='ltr'>septe-</span> 
     </span>
     <span class='ocr_line' id='line_1_94' title="bbox 1301 3138 2328 3190; baseline -0.004 -8"><span class='ocrx_word' id='word_1_649' title='bbox 1301 3141 1469 3182; x_wconf 89' lang='lat' dir='ltr'>narium</span> <span class='ocrx_word' id='word_1_650' title='bbox 1487 3143 1599 3181; x_wconf 89' lang='lat' dir='ltr'>recte</span> <span class='ocrx_word' id='word_1_651' title='bbox 1622 3138 1877 3180; x_wconf 89' lang='lat' dir='ltr'>universitas</span> <span class='ocrx_word' id='word_1_652' title='bbox 1898 3138 2157 3190; x_wconf 85' lang='lat' dir='ltr'>designatur.</span> <span class='ocrx_word' id='word_1_653' title='bbox 2175 3153 2194 3176; x_wconf 84' lang='grc'>))</span> <span class='ocrx_word' id='word_1_654' title='bbox 2220 3138 2328 3190; x_wconf 91' lang='lat' dir='ltr'>Sep-</span> 
     </span>
     <span class='ocr_line' id='line_1_95' title="bbox 1300 3207 2329 3263; baseline -0.007 -9"><span class='ocrx_word' id='word_1_655' title='bbox 1300 3215 1386 3253; x_wconf 86' lang='lat' dir='ltr'>tem</span> <span class='ocrx_word' id='word_1_656' title='bbox 1405 3224 1510 3263; x_wconf 90' lang='lat' dir='ltr'>ergo</span> <span class='ocrx_word' id='word_1_657' title='bbox 1536 3209 1746 3252; x_wconf 83' lang='lat' dir='ltr'>daemonia</span> <span class='ocrx_word' id='word_1_658' title='bbox 1769 3208 1901 3249; x_wconf 88' lang='lat' dir='ltr'>Maria</span> <span class='ocrx_word' id='word_1_659' title='bbox 1928 3209 2093 3257; x_wconf 86' lang='lat' dir='ltr'>habuit,</span> <span class='ocrx_word' id='word_1_660' title='bbox 2113 3220 2207 3260; x_wconf 84' lang='lat' dir='ltr'>quae</span> <span class='ocrx_word' id='word_1_661' title='bbox 2234 3207 2329 3247; x_wconf 87' lang='lat' dir='ltr'>uni-</span> 
     </span>
    </p>
   </div>
   <div class='ocr_carea' id='block_1_11' title="bbox 1299 3290 2328 3477">
    <p class='ocr_par' dir='ltr' id='par_1_12' title="bbox 1299 3290 2328 3477">
     <span class='ocr_line' id='line_1_96' title="bbox 1327 3290 2326 3334; baseline -0.006 -9"><span class='ocrx_word' id='word_1_662' title='bbox 1327 3295 1369 3334; x_wconf 74' lang='lat' dir='ltr'>(a)</span> <span class='ocrx_word' id='word_1_663' title='bbox 1382 3295 1462 3327; x_wconf 80' lang='lat' dir='ltr'>Caet.</span> <span class='ocrx_word' id='word_1_664' title='bbox 1478 3293 1556 3325; x_wconf 60' lang='lat' dir='ltr'>edit.</span> <span class='ocrx_word' id='word_1_665' title='bbox 1569 3295 1758 3324; x_wconf 83' lang='lat' dir='ltr'>secutus.—</span> <span class='ocrx_word' id='word_1_666' title='bbox 1770 3290 1812 3331; x_wconf 70' lang='lat' dir='ltr'>(b)</span> <span class='ocrx_word' id='word_1_667' title='bbox 1828 3290 1915 3322; x_wconf 73' lang='lat' dir='ltr'>Bsbt.</span> <span class='ocrx_word' id='word_1_668' title='bbox 1932 3292 2023 3322; x_wconf 78' lang='lat' dir='ltr'>Patr.</span> <span class='ocrx_word' id='word_1_669' title='bbox 2037 3290 2151 3330; x_wconf 65' lang='lat' dir='ltr'>Luqal„</span> <span class='ocrx_word' id='word_1_670' title='bbox 2166 3290 2326 3328; x_wconf 84' lang='lat' dir='ltr'>tom.V1t‚</span> 
     </span>
     <span class='ocr_line' id='line_1_97' title="bbox 1301 3336 2328 3383; baseline -0.007 -9"><span class='ocrx_word' id='word_1_671' title='bbox 1301 3352 1334 3383; x_wconf 91' lang='lat' dir='ltr'>p.</span> <span class='ocrx_word' id='word_1_672' title='bbox 1356 3343 1415 3373; x_wconf 80' lang='lat'>919</span> <span class='ocrx_word' id='word_1_673' title='bbox 1436 3350 1443 3372; x_wconf 92' lang='lat'>:</span> <span class='ocrx_word' id='word_1_674' title='bbox 1462 3341 1599 3372; x_wconf 85' lang='lat' dir='ltr'>Famam</span> <span class='ocrx_word' id='word_1_675' title='bbox 1618 3339 1720 3370; x_wconf 80' lang='lat' dir='ltr'>totius</span> <span class='ocrx_word' id='word_1_676' title='bbox 1740 3338 1894 3379; x_wconf 77' lang='lat' dir='ltr'>tetigerat</span> <span class='ocrx_word' id='word_1_677' title='bbox 1913 3337 2057 3369; x_wconf 83' lang='lat' dir='ltr'>civitatis</span> <span class='ocrx_word' id='word_1_678' title='bbox 2081 3346 2088 3369; x_wconf 73' lang='grc' dir='ltr'><strong><em>ε</em></strong></span> <span class='ocrx_word' id='word_1_679' title='bbox 2118 3337 2230 3377; x_wconf 82' lang='lat' dir='ltr'>sicque</span> <span class='ocrx_word' id='word_1_680' title='bbox 2256 3336 2328 3376; x_wconf 84' lang='lat' dir='ltr'>jam</span> 
     </span>
     <span class='ocr_line' id='line_1_98' title="bbox 1299 3383 2327 3429; baseline -0.006 -9"><span class='ocrx_word' id='word_1_681' title='bbox 1299 3398 1369 3420; x_wconf 91' lang='lat' dir='ltr'>non</span> <span class='ocrx_word' id='word_1_682' title='bbox 1389 3387 1561 3429; x_wconf 75' lang='lat' dir='ltr'>peccatrix</span> <span class='ocrx_word' id='word_1_683' title='bbox 1585 3386 1715 3425; x_wconf 87' lang='lat' dir='ltr'>solum,</span> <span class='ocrx_word' id='word_1_684' title='bbox 1736 3385 1795 3415; x_wconf 84' lang='lat' dir='ltr'>sed</span> <span class='ocrx_word' id='word_1_685' title='bbox 1821 3384 1925 3424; x_wconf 80' lang='lat' dir='ltr'>ipsius</span> <span class='ocrx_word' id='word_1_686' title='bbox 1946 3383 2089 3415; x_wconf 85' lang='lat' dir='ltr'>civitatis</span> <span class='ocrx_word' id='word_1_687' title='bbox 2111 3383 2198 3415; x_wconf 86' lang='lat' dir='ltr'>facta</span> <span class='ocrx_word' id='word_1_688' title='bbox 2218 3383 2327 3414; x_wconf 77' lang='lat' dir='ltr'>fuerat</span> 
     </span>
     <span class='ocr_line' id='line_1_99' title="bbox 1299 3431 1977 3477; baseline -0.009 -10"><span class='ocrx_word' id='word_1_689' title='bbox 1299 3436 1372 3477; x_wconf 83' lang='lat' dir='ltr'>ipsa</span> <span class='ocrx_word' id='word_1_690' title='bbox 1390 3437 1577 3476; x_wconf 85' lang='lat' dir='ltr'>peccatum.</span> <span class='ocrx_word' id='word_1_691' title='bbox 1598 3451 1638 3457; x_wconf 96' lang='lat'>—</span> <span class='ocrx_word' id='word_1_692' title='bbox 1658 3433 1695 3472; x_wconf 77' lang='lat' dir='ltr'>(c)</span> <span class='ocrx_word' id='word_1_693' title='bbox 1719 3432 1798 3463; x_wconf 81' lang='lat' dir='ltr'>Caet.</span> <span class='ocrx_word' id='word_1_694' title='bbox 1817 3431 1896 3463; x_wconf 69' lang='lat' dir='ltr'>eclz‘t.</span> <span class='ocrx_word' id='word_1_695' title='bbox 1920 3431 1977 3462; x_wconf 86' lang='lat' dir='ltr'>uti.</span> 
     </span>
    </p>
   </div>
  </div>
 </body>
</html>
