2634 3853
1179 118 1348 161 CAPUT
1379 117 1445 158 lV.

254 212 370 254 dictis
398 211 584 263 pollutis.
618 211 734 251 Alias
761 210 987 263 exponitur
1021 222 1046 249 a
1077 209 1274 262 praedicto

250 282 357 331 1000,
387 280 601 331 Recedite,
635 284 680 321 ut
702 281 755 321 sit
781 293 864 323 vox
886 280 1073 320 hostium
1106 279 1272 319 <ludaeo-

249 363 370 402 rum,
392 353 586 403 gentium
608 352 761 393 scilicet
780 353 823 392 in
844 363 914 392 eos
934 352 1026 391 haec
1044 350 1174 391 verba
1199 361 1271 389 ex-

248 421 536 473 sufflantium,
567 435 614 463 ac
642 422 869 463 dicentium
901 434 911 461 :
934 420 1125 462 Recedite
1135 434 1144 469 3
1170 419 1275 459 sicut

248 491 374 532 etiam
388 492 614 545 aliquando
628 493 758 545 aliqui
776 491 937 545 tyrrani
952 494 1099 531 cont-ra
1114 490 1274 530 clerum

247 561 518 614 insurgentes
535 563 671 604 dicere
699 562 790 604 ausi
808 564 920 603 sunt.
940 561 1014 602 Vel
1029 563 1128 601 sunt
1146 560 1275 600 verba

247 632 598 685 praedicatorum,
623 634 843 686 praedictos
868 632 1050 686 pollutos
1082 643 1270 683 arguen-

249 703 374 744 tium.

303 778 366 815 16.
384 775 483 816 Phe.
506 775 650 818 Facies
674 776 863 826 Domini,
886 777 964 815 etc.
988 774 1063 814 Hic
1079 773 1275 813 subditur

247 857 373 898 poena
386 847 506 888 dictae
521 847 672 899 culpae,
695 850 735 886 et
754 846 924 887 additur
946 857 1058 885 nova
1078 844 1273 897 spiritua-

247 917 298 958 lis
310 918 503 971 nequitia
520 919 569 971 (a)
584 933 592 958 ;
609 919 756 960 Facies
774 918 1051 967 sacerdotum,
1075 918 1153 956 etc.
1171 915 1276 954 Dicit

250 989 398 1041 igitur,
421 993 470 1030 ut
489 990 540 1030 sit
558 1002 644 1031 vox
662 991 899 1043 Prophetae‚
921 989 987 1030 vel
1012 986 1272 1028 adversario-

252 1060 583 1113 ruijcclesiae,
597 1073 670 1102 seu
686 1060 930 1102 ²ludaeorum
951 1076 958 1100 :
976 1061 1122 1101 Facies
1137 1059 1277 1101 Domi-

251 1124 320 1180 ni,
333 1130 374 1170 id
389 1133 464 1181 est,
479 1130 669 1172 Christus
691 1131 820 1171 Filius
839 1131 926 1182 Dei,
949 1131 1102 1172 divisit
1122 1140 1202 1178 eos,
1225 1128 1275 1168 ad

249 1199 458 1251 litteram,
487 1201 679 1254 dispersit
703 1201 894 1250 ιῘι1(1ε1005;
929 1201 1106 1249 divisit,
1141 1200 1182 1239 id
1216 1202 1277 1239 est

249 1269 428 1321 dividet,
450 1275 686 1323 peccatores
714 1285 739 1311 a
755 1272 881 1323 justis
911 1271 955 1310 111
975 1271 1041 1311 die
1058 1270 1204 1321 Judicii
1228 1270 1238 1290 ¹
1263 1281 1272 1308 ε

252 1355 271 1378 «
294 1340 512 1393 Separabit
531 1354 664 1392 agnos
683 1343 734 1382 ab
753 1341 901 1382 hoedis.
925 1355 943 1377 n
967 1341 1060 1382 Non
1080 1339 1211 1382 addet
1232 1344 1277 1382 ut

247 1411 451 1463 respiciat
470 1422 559 1463 eos,
583 1412 838 1452 consolando
855 1413 867 1433 ²
895 1426 902 1451 :
930 1411 1113 1452 «Clausa
1134 1412 1197 1450 est
1212 1412 1277 1461 ja-

247 1493 347 1522 nua.
378 1496 396 1519 »
437 1481 673 1535 Spiritualis
705 1485 847 1523 autem
881 1482 1002 1534 culpa
1032 1485 1176 1521 contra
1205 1493 1276 1521 eos

247 1552 493 1605 repellitur;
515 1554 629 1594 unde
647 1554 789 1594 subdit
818 1568 826 1593 :
848 1554 992 1595 Facies
1015 1553 1275 1595 sacerdotum

248 1633 334 1665 non
349 1624 614 1675 erubuerunt,
639 1625 794 1665 scilicet
808 1625 850 1663 in
868 1625 1048 1676 peccatis
1066 1625 1078 1646 ³
1105 1639 1112 1663 :
1143 1639 1162 1662 (‹
1176 1624 1276 1664 Con-

248 1695 412 1736 fusione
432 1696 593 1736 confusi
610 1708 696 1736 non
717 1698 836 1746 sunt,
860 1698 899 1735 et
918 1696 1165 1735 erubescere
1186 1707 1276 1734 nes-

249 1765 426 1816 cierunt,
442 1781 461 1803 ))
488 1767 548 1806 015
565 1767 846 1808 reverentiam
861 1766 1119 1816 exhibendo;
1143 1776 1275 1818 neque

248 1847 395 1878 senum
423 1838 591 1879 miserti
616 1840 729 1887 sunt,
761 1837 821 1877 eis
851 1836 1146 1889 compatiendo
1173 1852 1180 1877 :
1205 1837 1273 1877 sed

249 1908 388 1960 magis
407 1908 665 1949 contrarium
689 1908 898 1955 fecerunt,
928 1910 1074 1948 contra
1102 1907 1206 1948 illud
1227 1911 1240 1932 ”
1264 1922 1271 1947 :

255 1994 273 2017 a
291 1978 350 2020 Ne
378 1991 553 2032 spernas
583 1979 802 2018 hominem
834 1979 877 2018 in
907 1981 1121 2019 senectute
1155 1990 1233 2019 sua
1263 1990 1272 2017 ε

247 2051 403 2092 etenim
424 2063 479 2092 ex
497 2051 619 2092 nobis
639 2054 876 2091 senescunt.
904 2065 922 2087 n

300 2126 366 2163 17.
389 2123 490 2164 Ain.
523 2122 624 2163 Cum
646 2121 786 2163 adhuc
807 2122 1152 2172 subsisteremus,
1174 2124 1270 2172 etc„

245 2206 340 2236 ecce
360 2194 542 2236 secunda
561 2206 688 2235 causa
715 2193 1025 2243 subversioniS,
1061 2193 1274 2233 confiden-

244 2264 303 2305 tia
311 2265 604 2305 scilicetnimia
618 2265 877 2305 dehumanis
893 2264 1112 2316 praesidiis.
1133 2264 1274 2304 Primo

244 2337 425 2388 tangens
443 2336 574 2388 hujus
595 2336 850 2384 vanitatem3
875 2335 1059 2375 secundo
1080 2335 1275 2375 manifes-

244 2408 338 2446 tans
364 2418 439 2458 per
459 2406 672 2455 effectum,
700 2406 756 2446 ibi
788 2421 796 2445 :
825 2406 1173 2457 Lauriotim-unt,
1195 2408 1271 2446 etc.

299 2475 402 2516 Dicit
439 2488 580 2527 ergo:
620 2475 726 2517 Cum
758 2475 896 2517 adhuc
930 2476 1271 2526 subsisteremu8‚

244 2547 436 2588 nondum
474 2547 597 2601 plene
632 2547 852 2598 subversi,
894 2550 935 2588 et
970 2547 1274 2588 tentationibus

244 2618 454 2668 concussi;
477 2618 717 2670 defecerunt
733 2618 844 2660 oculi
861 2619 999 2661 nostri
1007 2649 1020 2668 ,
1044 2618 1086 2657 id
1107 2620 1182 2666 est,
1205 2617 1272 2657 in-

243 2689 449 2730 tentiones
467 2693 624 2731 nostrae
643 2690 856 2731 frustratae
876 2692 988 2730 sunt.
1014 2689 1271 2740 Defecerunt,

243 2758 439 2812 inquam,
466 2760 525 2802 ad
554 2760 774 2802 auxilium
801 2764 993 2803 nostrum
1023 2770 1205 2809 vanum,
1234 2758 1271 2798 id

245 2832 307 2870 est
344 2830 397 2871 ad
433 2831 680 2884 temporalia
697 2863 707 2881 ‚
744 2832 902 2884 quibus
940 2830 1271 2871 confidebamus.

243 2901 257 2922 ⁵
280 2901 558 2954 «Argentum
583 2915 734 2944 eorum
759 2905 799 2942 et
826 2914 981 2942 aurum
1006 2914 1091 2942 non
1119 2900 1276 2941 valebit

244 2969 421 3013 liberare
451 2985 522 3014 eos
551 2974 597 3014 in
629 2974 695 3014 die
723 2973 876 3014 furoriS
906 2972 1127 3013 Domini.»
1155 2972 1275 3020 Quod

246 3043 385 3094 magis
403 3043 618 3097 explicans
632 3077 643 3096 ‚
666 3045 826 3085 subdit:
857 3044 960 3086 Cum
976 3044 1274 3096 respiceremus

248 3115 402 3156 attenti
422 3113 480 3156 ad
505 3119 666 3168 qeutem
689 3127 782 3169 quce
802 3115 966 3157 salvare
988 3124 1063 3156 rios
1091 3124 1176 3155 nou
1197 3124 1274 3166 po·

249 3187 379 3228 terat:
403 3185 511 3226 sicut
528 3186 664 3229 Judaei
682 3188 828 3228 confisi
851 3189 949 3227 sunt
969 3186 1018 3226 de
1040 3184 1271 3238 AEgyptiis‚

292 3266 301 3283 ¹
315 3265 450 3306 Mutua,
468 3275 550 3309 xxv,
570 3270 622 3301 32.
637 3287 676 3293 —
697 3270 707 3288 ²
726 3270 826 3309 ibid„
847 3271 947 3301 10.—
967 3268 981 3290 3
998 3269 1130 3308 Jemem„
1153 3275 1200 3307 vt,
1223 3270 1273 3300 15.

247 3330 288 3337 —
305 3311 319 3334 ¹⁷
341 3312 454 3353 Eccli„
481 3322 561 3355 vm,
585 3318 616 3348 7.
639 3334 679 3341 —
705 3317 718 3338 ⁵
738 3316 869 3356 Ezeclz„
889 3323 957 3356 vil,
982 3317 1031 3347 19.
1051 3331 1092 3338 —-
1118 3315 1131 3336 ⁶
1151 3314 1273 3352 Emod„

247 3368 304 3402 XV,
325 3362 356 3393 9.
371 3378 411 3385 -
430 3362 440 3380 ⁷
461 3362 636 3404 Apoc.,1v‚
657 3365 689 3394 7.
704 3382 740 3387 —
761 3364 776 3386 ⁸
793 3363 866 3403 Job,
887 3371 958 3401 xm,
976 3363 1028 3394 24.
1044 3380 1085 3386 —
1104 3363 1116 3380 ⁹
1138 3362 1162 3392 ΙΙ
1184 3362 1276 3403 Βερ.,

247 3416 287 3448 11,
306 3409 353 3441 19.
375 3425 415 3432 —
435 3408 460 3431 ¹·
480 3408 493 3440 1
515 3411 617 3450 Petr„
637 3417 670 3451 v,
690 3411 722 3442 8.

2301 124 2379 162 205

1354 206 1427 259 qui
1461 217 1545 246 non
1579 203 1858 244 suffficiebant
1887 204 2121 246 defendere.
2146 205 2220 247 Vel
2244 208 2286 248 id
2316 209 2378 249 di-

1353 279 1462 319 citur
1482 279 1526 318 in
1549 289 1727 330 persona
1755 277 2077 328 damnatorum,
2101 278 2176 330 qui
2195 278 2379 320 damnati

1353 350 1497 390 dicunt
1515 364 1522 388 :
1550 349 1651 390 Cum
1667 347 1803 390 adhuc
1824 348 2157 400 subsisteremus,
2179 349 2222 389 id
2240 353 2302 390 est
2321 351 2381 390 vi-

1352 432 1574 470 veremuS,
1600 423 1695 470 elc.,
1717 419 1775 461 ad
1797 424 1977 472 centem,
1998 420 2151 460 scilicet
2170 421 2214 460 in
2234 433 2381 473 paren-

1352 491 1467 531 tibus
1487 491 1742 531 confidentes
1771 490 1834 542 (b).

1407 564 1472 601 18.
1496 561 1624 603 Sede.
1645 562 1993 611 Lubrictwerurtt,
2009 563 2087 601 etc.
2110 561 2186 601 Hic
2205 562 2382 602 ostendit

1352 631 1568 684 praedietae
1588 631 1855 671 confidentiae
1874 632 2106 673 vanitatem
2126 634 2164 672 et
2182 632 2379 672 intentio-

1350 702 1417 742 nis
1438 702 1759 743 evacuationem
1780 713 1854 753 per
1873 702 2082 753 effectum,
2107 703 2247 743 dicens
2264 718 2272 744 z
2293 704 2380 744 Lu-

1353 775 1623 816 bricaverunt
1649 774 1831 825 vestiqtct
1857 777 2027 825 uostra‚·
2046 775 2119 826 qui
2139 775 2258 826 prius
2280 775 2379 815 sub-

1351 845 1625 895 sistebamus,
1658 856 1788 897 quam
1817 844 1971 884 talibus
2002 845 2297 895 inniteremur,
2321 847 2383 887 lu·

1354 917 1642 967 briccweruut,
1667 916 1767 968 quia
1787 916 2011 956 inlubrico
2031 917 2167 968 posita
2193 917 2378 967 fuerunt,

1353 989 1533 1040 restiqitt
1553 992 1722 1036 nostra,
1742 987 1786 1028 id
1808 990 1884 1037 est,
1907 987 2081 1028 affectus
2099 989 2230 1028 nostri
2251 1000 2383 1041 coepe-

1352 1062 1451 1099 runt
1471 1058 1666 1099 vacillare
1686 1058 1728 1097 in
1747 1058 2044 1110 temporalium
2066 1071 2224 1109 amore,
2242 1059 2311 1099 vel
2330 1060 2383 1100 ad

1351 1129 1634 1169 lubricitatem
1669 1129 1851 1169 luxuriae
1888 1129 2231 1180 declinaverunt3
2269 1131 2382 1171 unde

1351 1200 1492 1239 subdit
1514 1214 1522 1240 z
1548 1201 1599 1240 Ιη
1619 1201 1768 1242 itinere
1792 1200 2029 1252 platearum
2054 1205 2319 1251 nostrarum,
2340 1201 2379 1242 id

1352 1273 1414 1310 est
1444 1271 1633 1320 viarum,
1656 1273 1704 1310 ut
1725 1271 1967 1311 divitiarum
1982 1303 1992 1321 ‚
2020 1272 2383 1324 appropinquavit

1352 1341 1457 1390 finis
1477 1344 1629 1390 noster,
1658 1352 1743 1380 non
1765 1341 1999 1392 complens,
2022 1341 2093 1381 sed
2113 1353 2380 1390 consumens,

1352 1413 1392 1450 et
1420 1410 1735 1451 exterminans:
1770 1411 1850 1451 hoc
1883 1411 2028 1451 dicunt
2053 1414 2093 1452 et
2120 1415 2385 1463 cognoscunt

1351 1481 1476 1528 mali,
1512 1481 1748 1533 inquientes
1776 1481 1821 1521 in
1855 1484 2022 1522 morte:
2057 1482 2258 1535 completi·
2284 1487 2384 1525 sunt

1351 1551 1442 1594 dies
1471 1553 1633 1602 nostri,
1667 1553 1708 1593 id
1741 1555 1801 1593 est
1835 1553 1878 1592 111
1912 1556 2045 1594 morie
2077 1555 2380 1605 consummati,

1352 1624 1456 1674 quia
1477 1624 1596 1665 veuit
1617 1623 1722 1674 fluis
1748 1629 1901 1674 noster⁷
1935 1624 1975 1664 id
2001 1628 2063 1665 est
2091 1637 2220 1665 mors.
2248 1625 2383 1666 Raba-

1351 1707 1459 1736 nus:
1496 1712 1514 1734 «
1543 1695 1624 1736 Pro
1659 1697 1710 1735 iis
1742 1697 1943 1737 omnibus
1969 1697 2184 1749 quisquis,
2218 1698 2382 1738 deserto

1351 1778 1437 1806 uno
1451 1778 1553 1807 vero
1567 1766 1666 1817 Deo,
1689 1767 1947 1819 adetorium
1965 1767 2117 1820 quaerit
2132 1780 2157 1807 a
2174 1767 2382 1820 spirituali

1351 1836 1559 1890 AEgypto,
1591 1838 1671 1878 hoc
1697 1840 1758 1878 est
1779 1839 1830 1878 ab
1851 1838 1931 1878 hoc
1957 1839 2139 1889 mundo,
2161 1841 2202 1879 et
2221 1839 2382 1880 lubrica

1350 1908 1424 1960 huj
1434 1921 1480 1948 us
1501 1909 1642 1948 saeculi
1663 1909 1828 1961 peragit
1849 1910 2044 1961 vestigia,
2068 1922 2202 1950 vacua
2223 1923 2293 1963 spe
2314 1911 2383 1951 de-

1349 1978 1489 2030 lusus,
1512 1979 1700 2020 hostium
1722 1979 1955 2020 crudelium
1978 1981 2025 2020 fit
2046 1981 2203 2033 praeda.
2226 1996 2245 2018 »

1405 2051 1470 2091 19.
1491 2050 1614 2103 Ceph.
1636 2051 1879 2100 Velociores‚
1898 2054 1975 2091 etc.
1994 2051 2096 2092 Ecce
2120 2052 2242 2092 tertia
2257 2064 2383 2093 causa

1349 2122 1534 2162 efficiens
1555 2122 1788 2163 secundum
1811 2122 2010 2163 litteram.
2037 2123 2275 2175 Allegorice
2291 2135 2383 2176 per-

1348 2196 1551 2234 secutores
1579 2193 1739 2242 nostri,
1769 2193 1810 2233 id
1836 2196 1899 2233 est
1927 2193 2140 2234 daemones
2161 2199 2174 2219 ⁶
2197 2209 2203 2234 :
2234 2193 2383 2235 «Dixit

1350 2262 1571 2303 inimicus:
1599 2263 1849 2316 Persequar,
1872 2266 1913 2304 et
1931 2264 2302 2316 comprehendam,
2326 2265 2382 2305 di-

1350 2333 1491 2373 vidam
1509 2333 1655 2385 spolia.
1683 2349 1701 2370 »
1721 2334 1896 2374 Carnem
1918 2334 2018 2374 dant
2037 2335 2270 2385 vermibus,
2288 2336 2383 2376 sub-

1349 2403 1545 2443 stantiam
1573 2405 1818 2456 parentibus
1837 2436 1848 2455 ,
1871 2405 2059 2445 animam
2084 2406 2162 2445 sibi
2181 2406 2378 2446 retinent.

1354 2475 1584 2518 Velociores
1607 2476 1781 2526 fuerunt
1802 2476 1962 2528 aquilis
1982 2477 2093 2526 eceli,
2117 2477 2157 2517 id
2178 2480 2251 2528 est,
2276 2489 2381 2529 prae-

1348 2545 1604 2586 dicatoribus
1630 2546 1883 2597 coelestium3
1914 2547 2027 2587 unde
2055 2548 2257 2599 magister
2274 2559 2381 2600 prae-

1348 2617 1583 2657 dicatorum
1597 2616 1617 2658 J
1621 2629 1778 2657 oannes
1790 2617 1937 2669 aquila
1948 2617 2102 2658 dicitur
2113 2619 2127 2641 ⁷
2141 2632 2178 2658 1«
2189 2617 2240 2658 Et
2253 2630 2381 2671 quar-

1348 2689 1441 2726 tum
1474 2687 1633 2727 animal
1662 2687 1799 2728 simile
1832 2688 1987 2740 aquilae
2014 2689 2199 2729 volanti:
2236 2704 2255 2727 ›)
2283 2689 2382 2742 quia

1348 2758 1563 2799 daemones
1594 2771 1815 2811 nunquam
1851 2759 2081 2801 dormiunt.
2109 2763 2122 2785 ⁸
2149 2775 2167 2798 (1
2197 2760 2291 2800 Νο11
2320 2763 2382 2800 est

1349 2832 1530 2882 potestas
1551 2833 1866 2882 superterram,
1883 2842 1979 2882 quae
2000 2831 2035 2870 ei
2057 2833 2339 2883 comparetur.
2356 2846 2374 2868 n

1348 2901 1481 2953 Super
1518 2905 1676 2943 montes
1710 2901 1998 2952 dignitatum,
2035 2901 2247 2953 persecuti
2279 2904 2382 2942 suut

1348 2982 1450 3013 iios:
1476 2975 1489 2996 ⁹
1511 2987 1530 3011 (‹
1553 2972 1622 3012 Isti
1645 2974 1745 3012 sunt
1769 2973 1953 3021 montes,
1982 2971 2024 3012 in
2054 2972 2209 3024 quibus
2227 2962 2381 3012 'cecide-

1348 3045 1452 3083 runt
1471 3043 1600 3084 fortes
1618 3042 1758 3082 Israel.
1775 3056 1793 3079 n
1812 3042 1862 3083 Et
1880 3042 1961 3083 hoc
1979 3045 2187 3094 quantum
2208 3043 2261 3083 ad
2278 3054 2382 3095 prae-

1347 3112 1468 3153 latos.
1499 3114 1554 3154 In
1581 3112 1761 3162 deserto,
1783 3112 1825 3153 id
1856 3116 1918 3154 est
1947 3112 2151 3162 claustro,
2177 3112 2382 3155 insidiati

1348 3189 1450 3226 sunt
1465 3184 1601 3234 nobis,
1632 3187 1842 3237 quantum
1872 3184 1924 3225 ad
1943 3184 2166 3236 religiosos
2186 3183 2213 3205 ¹⁰
2231 3198 2240 3223 :
2258 3198 2276 3221 α
2295 3182 2378 3223 Ad-

1348 3255 1566 3297 versarius
1594 3257 1734 3297 vester
1765 3254 1956 3296 diabolus
1988 3255 2154 3305 circuit,
2183 3264 2380 3307 quaerens

1350 3340 1479 3382 quem
1498 3329 1684 3370 devoret.
1713 3342 1732 3366 n

1394 3412 1440 3453 (a)
1460 3413 1540 3446 Gaet.
1564 3412 1645 3444 edit.
1666 3410 1837 3452 nequitiae.
1861 3427 1900 3434 -
1922 3411 1966 3452 (b)
1988 3411 2068 3442 Item
2089 3411 2316 3446 concidentes.
