2587 3845
1115 170 1282 212 CAPUT
1310 172 1376 213 XI.
2248 186 2295 225 81

181 262 298 300 tures
318 258 453 310 ipsas,
482 258 553 299 sed
585 259 625 298 et
653 269 799 299 earum
830 258 1131 298 retributiones
1162 262 1202 299 et

179 340 344 381 poenas,
362 340 435 369 seu
455 328 696 380 punitiones
717 343 725 368 ε
749 328 1007 380 disposuisti
1027 329 1075 369 in
1093 340 1204 370 men-

178 409 305 450 sura,
332 402 376 439 ut
394 411 479 440 non
504 400 705 440 excedant
739 400 873 451 culpae
893 400 1198 451 quaiititateu13

179 470 228 511 in
241 480 411 511 numero
429 501 440 519 ,
462 473 509 510 ut
529 482 614 510 uon
635 469 837 510 excedant
859 469 994 521 culpae
1019 470 1203 510 multitu-

177 540 316 581 dinem
334 556 344 590 ;
363 543 413 583 in
428 541 628 594 pondere,
647 543 794 581 utnon
811 540 1014 581 excedant
1032 552 1199 592 peccan-

177 611 231 651 tis
251 612 549 663 conditionem,
566 612 633 653 vel
653 611 808 663 peccati
826 611 1198 652 circumstantiam.

179 680 296 731 Quod
317 685 458 722 autem
481 682 628 735 puniat
648 681 880 722 secundum
902 693 1146 722 mensuram
1162 682 1171 703 ¹
1190 696 1198 721 :

183 752 437 801 «Quantum
470 752 723 804 glorificavit
753 764 795 792 se
818 752 863 791 in
896 752 1074 802 deliciis,
1108 756 1199 793 tan-

176 825 266 863 tum
297 822 390 863 date
402 823 438 862 ei
459 824 717 863 tormentum
749 824 789 862 et
807 822 984 863 luctum.
1001 823 1136 864 »Item
1156 824 1169 844 ‘²
1192 838 1200 863 :

183 908 201 931 α
224 893 270 933 In
296 905 498 935 mensura
526 896 670 934 contra
699 905 972 944 mensuram,
999 906 1097 935 cum
1128 895 1200 934 ab-

172 965 282 1016 jecta
310 964 469 1014 fuerit,
497 964 702 1017 judicabit
729 977 836 1005 eam.
867 978 886 1002 1>
920 964 1025 1005 Item
1045 968 1058 989 ³
1080 978 1089 1005 :
1117 981 1135 1004 α
1157 965 1204 1006 In

176 1045 266 1086 qua,
280 1045 479 1074 mensura
503 1035 639 1074 mensi
660 1035 846 1085 fueritis,
865 1037 1110 1076 remetietur
1130 1048 1204 1077 vo-

176 1104 255 1144 bis.
288 1118 306 1142 ι)
331 1104 451 1153 Quod
480 1105 714 1145 secundum
746 1117 978 1146 numerum
1000 1107 1011 1127 '⁴
1045 1121 1052 1147 :
1079 1122 1098 1144 «
1119 1107 1202 1149 Du-

177 1175 325 1227 plicate
352 1175 390 1215 ei
414 1175 595 1228 duplicia
626 1176 858 1217 secundum
891 1189 1017 1229 opera
1049 1179 1197 1230 ejus.»

179 1243 307 1284 Item⁵
329 1259 338 1285 :
361 1259 380 1283 α
401 1245 591 1298 Suscepit
611 1247 662 1286 de
684 1259 816 1287 manu
836 1247 1000 1287 Domini
1021 1248 1205 1300 duplicia

177 1325 254 1365 pro
265 1314 464 1354 omnibus
483 1316 663 1367 peccatis
682 1316 790 1366 suis,
803 1330 822 1353 ))
840 1316 878 1356 id
900 1319 974 1366 est,
994 1317 1204 1368 duplicem

176 1396 368 1436 poenam,
389 1385 542 1425 scilicet
568 1399 738 1438 poenam
769 1387 937 1436 damni,
972 1391 1013 1428 et
1035 1400 1204 1440 poenam

177 1467 324 1497 seusus
339 1471 350 1507 ·‚
367 1456 436 1497 vel
455 1469 625 1510 poenam
645 1459 905 1510 corporalem
922 1460 1176 1500 exteriorem
1193 1493 1202 1511 ‚

177 1527 218 1566 et
231 1526 494 1579 spiritualem
512 1527 770 1579 interiorem,
786 1529 826 1568 id
848 1531 924 1579 est,
940 1530 1205 1571 conscientiae

177 1607 429 1639 remorsum‚
465 1596 584 1647 Quod
613 1599 846 1640 secundum
875 1600 1064 1652 pondus,
1094 1603 1207 1653 patet

159 1679 307 1720 supra
326 1668 339 1689 ⁶
362 1682 370 1707 ε
401 1683 420 1706 α
435 1667 607 1720 Exiguo
626 1670 866 1710 conceditur
890 1671 1201 1721 misericordia;

178 1740 367 1791 potentes
387 1741 578 1791 potenter
598 1742 807 1780 tormenta
826 1740 1052 1792 patientur.
1074 1756 1093 1779 n

233 1808 366 1850 Aliter
385 1812 522 1862 potest
549 1810 606 1850 sic
634 1811 790 1863 exponi
812 1825 820 1851 ι
857 1811 1029 1862 Omnia,
1053 1812 1206 1854 scilicet

180 1879 415 1932 corporalia
439 1884 649 1933 quantum
668 1881 720 1921 ad
741 1893 865 1921 suam
885 1884 1098 1932 naturam,
1120 1883 1207 1924 dis-

176 1951 358 2001 posuisti
387 1952 437 1993 in
468 1962 666 1993 mensura
692 1983 702 2002 ,
731 1963 902 1994 numero
937 1957 975 1994 ei
998 1954 1203 2005 pondere,

177 2021 278 2074 quia
312 2034 514 2064 mensura
549 2023 742 2064 omnium
785 2024 1068 2077 corporalium
1110 2028 1207 2065 sunt

178 2094 361 2145 quatuor
385 2092 614 2142 elementa,
637 2106 733 2147 quae
762 2094 917 2135 habent
948 2107 1178 2136 numerum
1194 2128 1204 2146 ,

177 2163 342 2214 pondus
360 2165 401 2204 et
433 2175 700 2213 mensuram,
726 2167 772 2204 ut
801 2168 928 2217 patet.
951 2164 1024 2207 Vel
1052 2166 1171 2207 aliter
1193 2180 1203 2207 :

174 2233 342 2285 pondus
386 2234 566 2274 refertur
598 2234 650 2274 ad
688 2235 920 2286 potentiam
958 2237 1171 2288 operantis
1192 2253 1201 2287 ;

177 2313 402 2355 numerus,
435 2304 488 2344 ad
519 2304 768 2356 sapientiam
800 2305 1060 2356 ordinantis3
1098 2318 1208 2349 men-

177 2384 278 2417 sura
296 2407 306 2426 ‚
335 2375 388 2416 ad
418 2375 687 2416 clementiam
722 2377 1009 2418 conservantis
1027 2379 1040 2401 ⁷
1066 2391 1075 2418 ε
1105 2394 1123 2416 «
1143 2378 1208 2418 Ex

179 2456 263 2496 quo
282 2445 447 2495 omnia,
463 2459 481 2482 ›>
502 2448 710 2497 quantum
731 2445 783 2485 ad
803 2447 1032 2497 potentiam
1055 2446 1202 2497 Patris;

186 2529 205 2552 «
225 2527 300 2567 per
319 2527 447 2567 quem
461 2515 618 2566 omnia,
631 2530 650 2553 ›)
668 2516 804 2568 quoad
821 2517 1071 2568 sapientiam
1085 2517 1203 2569 Filij;

182 2600 202 2623 (ι
222 2584 266 2625 in
284 2598 368 2638 quo
388 2587 531 2626 omnia
545 2619 557 2636 ‚
579 2602 596 2623 n
623 2587 761 2639 quoad
782 2586 1050 2628 clementiam
1072 2588 1205 2641 Spiri-

179 2658 246 2696 tus
273 2656 416 2697 sancti.
439 2656 682 2697 Secundum
704 2656 892 2697 Glossam
913 2658 926 2679 ⁸
949 2657 1107 2699 Rabani
1124 2691 1136 2709 ,
1158 2660 1206 2701 in

178 2737 396 2778 mensura,
429 2727 638 2779 qualitas;
675 2728 724 2768 in
750 2737 941 2779 numero,
966 2730 1177 2781 quantitas
1193 2746 1202 2780 ;

177 2798 226 2838 in
240 2796 440 2849 pondere,
457 2798 578 2838 ratio.
604 2796 844 2839 Secundum
866 2798 1160 2851 Augustinum
1175 2801 1203 2850 ⁹,

177 2877 379 2910 mensura
407 2871 612 2910 creaturae
634 2872 696 2911 est
715 2870 809 2921 ejus
830 2872 943 2910 certa
962 2871 1203 2922 quantitas,

179 2950 264 2990 qua
283 2938 436 2980 dicitur
463 2951 646 2991 magna,
668 2940 735 2980 vel
767 2952 922 2992 parva,
947 2941 1016 2981 vel
1046 2941 1206 2982 medio-

179 3008 281 3059 cris3
303 3020 528 3060 numerus,
551 3012 665 3051 certa
697 3010 901 3062 qualitas,
925 3023 1010 3063 qua
1041 3012 1093 3052 ab
1125 3012 1207 3053 alia

180 3078 440 3131 disjungitur
464 3094 474 3129 ;
505 3079 674 3132 pondus
695 3112 708 3131 ,
739 3081 973 3133 proprietas
998 3114 1008 3132 ,
1044 3095 1130 3135 qua
1162 3083 1207 3123 in

182 3148 272 3189 loco
292 3162 370 3190 suo
386 3150 601 3200 consistit;
625 3151 736 3191 unde
748 3182 761 3201 ,
789 3152 1022 3193 secundum
1041 3154 1208 3206 Augus-

183 3218 320 3259 tinum
337 3220 380 3269 ¹⁰,
411 3232 609 3261 mensura
640 3221 752 3261 idem
785 3225 846 3262 est
875 3223 989 3275 quod
1012 3224 1164 3264 modus
1187 3239 1196 3274 ;

230 3302 237 3318 ¹
259 3301 372 3341 Apoc„
392 3309 498 3342 xvui,
526 3304 555 3334 Ἰ.
576 3319 617 3324 -
636 3303 650 3323 2
668 3302 747 3341 lsa„
765 3311 878 3343 xxvu,
899 3305 930 3335 8.
951 3322 991 3327 -
1010 3305 1024 3327 3
1042 3306 1132 3346 Luc„
1161 3314 1208 3347 vi,

187 3348 238 3378 38.
257 3364 298 3369 —
316 3347 330 3368 ὁ
345 3347 456 3389 Αροε.,
478 3357 576 3390 xvur,
597 3352 628 3381 6.
649 3367 691 3373 -
709 3350 719 3368 ⁵
740 3351 821 3384 Isa„
838 3359 894 3391 XL,
915 3354 945 3384 2.
964 3369 1003 3375 —
1021 3354 1032 3371 ‘⁵
1051 3353 1144 3394 Sap„
1161 3361 1208 3395 VI,

186 3395 217 3426 7.
241 3409 275 3415 —-
299 3393 310 3411 ⁷
333 3394 432 3434 Rom„
451 3403 503 3434 xx,
530 3398 580 3427 36.
599 3413 639 3419 —
660 3397 670 3414 ⁸
690 3397 739 3427 Ex
761 3397 958 3438 Hypoqnost.
984 3408 1043 3430 seu
1068 3401 1211 3441 Hypom-

187 3442 284 3480 nest„
300 3440 358 3471 lib.
378 3441 435 3481 Vl,
454 3451 487 3473 n.
511 3445 539 3473 6.
558 3442 644 3474 inter
661 3444 770 3484 Opera
788 3444 820 3475 S.
844 3448 944 3486 Aug„
965 3447 1111 3486 append.
1129 3450 1151 3479 t.
1168 3448 1208 3479 X.

347 3510 430 3540 TOM
458 3511 497 3540 X.

1277 261 1434 313 species
1453 262 1564 303 idem
1583 266 1643 304 θεῖ
1665 267 1778 318 quod
1798 279 2026 318 numerus;
2050 270 2166 319 ordO,
2188 274 2299 323 quod

1277 332 1455 384 pondus,
1485 333 1584 375 Haec
1615 335 1718 386 tria,
1746 337 1901 378 scilicet
1934 339 2110 390 moduS‚
2145 342 2301 393 species

1278 405 1318 442 et
1353 403 1476 453 ordo,
1514 405 1588 444 ubi
1627 418 1785 458 magna
1826 412 1951 459 sunt,
1994 422 2154 462 magna
2193 411 2302 452 bona

1279 473 1395 520 sunt;
1425 472 1497 511 ubi
1526 485 1680 524 parva,
1703 486 1862 526 parva;
1891 476 1965 516 ubi
1994 477 2136 529 nulla,
2161 479 2299 530 nulla,

1278 539 1384 580 sicut
1410 540 1498 593 ipse
1528 542 1639 583 dicit.
1674 544 1746 585 Vel
1783 548 1919 598 potest
1956 547 2036 588 hoc
2065 549 2218 602 exponi
2254 550 2304 591 de

1279 622 1503 661 mensura,
1525 625 1703 655 numero
1739 618 1779 656 et
1807 617 1990 669 pondere
2008 618 2053 658 in
2082 619 2301 671 increatis,

1278 679 1336 720 sic
1358 692 1367 720 :
1390 681 1443 722 In
1464 692 1687 735 mensura,
1709 685 1750 725 id
1771 689 1852 737 est,
1878 687 1921 727 iri
1952 690 1991 728 te
2017 690 2160 730 omnia
2187 702 2303 731 men-

1279 754 1474 800 surante,
1498 753 1541 793 id
1570 757 1657 804 est,
1682 756 1855 796 modum
1886 758 1947 798 rei
1973 759 2142 800 cuilibet
2163 762 2305 813 praefi-

1280 824 1406 872 gente
1422 836 1430 871 3
1457 824 1718 875 innumero,
1742 826 1781 866 id
1804 830 1886 878 est,
1917 828 1960 868 in
1992 831 2031 870 te
2059 831 2203 872 omnia
2222 844 2303 873 nu-

1279 895 1494 943 merante,
1518 893 1559 934 id
1588 898 1671 946 est,
1704 896 1876 937 cuilibet
1905 898 1964 938 rei
1998 900 2179 952 speciem
2209 915 2305 955 pro-

1280 963 1417 1013 priam
1434 964 1661 1018 largiente3
1680 968 1934 1021 inpendere,
1950 970 1992 1011 id
2008 973 2138 1021 est‚in
2154 975 2195 1013 te
2220 986 2308 1014 om-

1279 1033 1349 1072 nia
1373 1035 1647 1088 ponderante,
1670 1038 1711 1079 id
1729 1042 1790 1079 est
1811 1041 2010 1082 omnibus
2026 1043 2246 1095 proprium
2268 1048 2309 1085 et

1280 1106 1442 1145 certum
1464 1106 1656 1148 ordinem
1676 1109 1938 1162 assignante.
1957 1112 2064 1153 Huic
2083 1115 2308 1156 concordat

1280 1175 1476 1226 quaedam
1496 1178 1704 1230 expositio
1727 1180 1960 1232 Augustini
1985 1183 2225 1226 dicentis¹¹:
2256 1187 2308 1228 In

1280 1255 1476 1288 mensura
1497 1278 1506 1297 ‚
1528 1247 1568 1288 id
1591 1252 1653 1289 est
1680 1250 1722 1290 in
1749 1253 1789 1291 te
1812 1251 1903 1304 ipso
1921 1283 1930 1301 ‚
1953 1253 2027 1305 qui
2047 1265 2091 1294 es
2111 1266 2309 1297 mensura

1280 1315 1369 1356 sine
1393 1329 1592 1358 mensura
1606 1350 1618 1368 ,
1637 1320 1870 1373 unicuique
1891 1323 1950 1362 rei
1973 1325 2149 1365 modum
2171 1328 2309 1378 praefi-

1282 1396 1446 1437 gurans
1462 1402 1471 1436 3
1500 1399 1707 1429 numerus
1739 1390 1829 1431 sine
1852 1403 2032 1434 numero
2053 1425 2063 1443 ‚
2101 1396 2218 1437 omni
2249 1399 2308 1438 rei

1280 1456 1463 1507 speciem
1501 1459 1695 1510 praebens
1717 1474 1727 1509 ;
1764 1462 1929 1514 pondus
1965 1463 2055 1505 sine
2095 1466 2279 1517 pondere
2296 1500 2306 1517 ,

1281 1538 1451 1567 omnem
1480 1540 1571 1569 rem
1600 1530 1653 1570 ad
1682 1531 1952 1573 stabilitatem
1984 1535 2158 1577 trahens
2189 1551 2197 1577 :
2228 1538 2310 1590 pri-

1281 1608 1424 1648 mum,
1456 1598 1499 1639 in
1520 1600 1680 1641 ratione
1700 1602 1915 1643 efficientis
1936 1618 1946 1654 3
1981 1606 2214 1648 secundum
2230 1639 2242 1658 ,
2266 1609 2310 1649 in

1281 1669 1443 1710 ratione
1488 1672 1741 1725 exemplaris
1766 1687 1775 1724 ;
1817 1675 1991 1716 tertium
2017 1709 2027 1728 ,
2067 1678 2111 1718 in
2148 1680 2310 1721 ratione

1281 1752 1418 1780 causae
1450 1742 1600 1782 finalis.
1637 1743 1849 1785 Moraliter
1881 1746 1940 1786 sic
1971 1761 1979 1787 ε
2008 1749 2063 1789 In
2081 1759 2306 1802 mensura,

1281 1814 1426 1851 contra
1440 1812 1594 1852 vitium
1609 1813 1838 1855 inflationis
1853 1818 1927 1867 (a);
1945 1818 1993 1858 in
2013 1829 2199 1871 numero,
2215 1833 2310 1862 con-

1281 1882 1346 1920 tra
1365 1881 1519 1922 vitium
1539 1883 1846 1935 singularitatis
1857 1901 1866 1936 3
1885 1888 1933 1928 in
1951 1889 2147 1942 pondere,
2163 1894 2309 1932 contra

1280 1950 1432 1992 vitium
1452 1952 1649 1994 levitatis.

1335 2021 1414 2062 Sed
1436 2023 1633 2075 objicitur
1654 2039 1662 2065 z
1686 2025 1730 2066 Si
1751 2027 1894 2068 omnia
1914 2028 2119 2082 disposuit
2132 2032 2177 2072 in
2195 2045 2310 2074 men-

1281 2103 1395 2144 sura,
1418 2105 1597 2135 numero
1617 2100 1657 2136 et
1674 2097 1879 2150 pondere,
1902 2112 2006 2153 ergo
2034 2101 2084 2143 de
2110 2115 2311 2146 mensura

1280 2163 1324 2203 in
1365 2176 1634 2216 mensuram,
1677 2170 1718 2207 et
1747 2167 1804 2208 sic
1842 2169 1885 2209 in
1916 2170 2144 2215 infinitum.
2170 2173 2311 2216 Potest

1281 2233 1376 2283 dici,
1399 2236 1513 2288 quod
1540 2236 1751 2289 loquendo
1781 2239 1832 2279 de
1851 2252 2046 2292 numero,
2067 2244 2251 2296 pondere
2270 2249 2311 2286 et

1281 2317 1482 2347 mensura
1501 2307 1543 2347 in
1564 2308 1776 2359 increatis,
1799 2310 2038 2353 distributio
2058 2317 2120 2355 est
2138 2316 2310 2358 univer-

1281 2376 1378 2416 salis
1387 2391 1398 2427 ;
1419 2377 1630 2430 loquendo
1656 2391 1758 2420 vero
1791 2381 1842 2422 de
1866 2383 2036 2435 creatis,
2073 2385 2310 2428 distributio

1281 2448 1343 2485 est
1370 2448 1661 2498 accommoda,
1684 2449 1742 2489 ita
1774 2451 1948 2503 scilicet,
1971 2455 2083 2506 quod
2105 2455 2307 2508 intelligi-

1280 2518 1352 2557 tur
1370 2517 1462 2557 fieri
1487 2517 1728 2560 distributio
1759 2533 1835 2573 pro
1864 2525 2135 2577 mensuratis,
2155 2539 2307 2569 nume—

1279 2588 1381 2629 ratis
1410 2591 1452 2630 et
1480 2590 1734 2642 ponderatis.
1770 2592 1846 2634 Vel
1879 2596 2023 2635 omnia
2049 2598 2164 2638 entia
2191 2611 2306 2639 com-

1279 2659 1404 2712 pleta,
1427 2672 1514 2701 non
1533 2660 1580 2701 in
1599 2662 1680 2703 allo
1705 2662 1754 2714 (b)
1775 2668 1994 2706 concreata
2016 2681 2025 2707 ε
2047 2668 2146 2709 talia
2165 2673 2308 2711 autem

1279 2742 1365 2771 non
1385 2733 1485 2772 sunt
1506 2743 1720 2784 mensura,
1744 2746 1950 2776 numerus
1969 2739 2011 2777 et
2029 2739 2217 2791 pondus;
2237 2742 2309 2783 sed

1279 2801 1324 2842 in
1345 2801 1436 2842 aliis
1462 2806 1760 2854 concreantur,
1793 2817 1891 2847 cum
1920 2819 2006 2848 non
2028 2809 2112 2851 sint
2133 2813 2180 2863 (c)
2198 2813 2309 2853 entia

1279 2883 1355 2924 per
1373 2883 1416 2913 se
1433 2873 1602 2923 stantia,
1623 2877 1664 2914 et
1683 2876 1905 2929 completa.

1334 2945 1400 2984 22.
1421 2943 1602 2986 Multum
1628 2946 1764 2996 enim,
1786 2949 1863 2987 etc.
1889 2948 1986 2989 :hic
2017 2951 2188 3002 ponitur
2206 2965 2308 3006 pro-

1279 3013 1393 3055 batio
1415 3015 1614 3067 potentiae
1639 3015 1797 3058 divinae
1821 3032 1829 3057 ε
1854 3019 1991 3070 primo
2011 3032 2087 3073 per
2105 3023 2198 3075 eJus
2215 3036 2306 3064 ma-

1280 3084 1569 3136 gnitudinem;
1592 3086 1777 3127 secundo
1807 3100 1884 3140 per
1908 3090 2160 3142 parvitatem
2192 3106 2305 3136 crea-

1279 3157 1390 3196 turae
1412 3168 1421 3194 r
1447 3156 1661 3207 Quoniam
1680 3161 1899 3210 tanquam,
1923 3164 2000 3202 etc.

1282 3266 1322 3272 —
1341 3249 1355 3270 ⁹
1377 3250 1479 3290 Aug„
1497 3249 1535 3281 cle
1555 3250 1635 3282 Gen.
1667 3251 1712 3281 acl
1739 3252 1821 3293 litt„
1852 3253 1911 3285 lib.
1939 3256 1997 3295 IV,
2016 3266 2045 3288 c.
2077 3264 2136 3298 1115
2160 3267 2195 3290 n.
2214 3261 2243 3291 7.
2260 3268 2308 3283 ·-

1285 3296 1309 3318 ¹⁰
1332 3295 1459 3327 ibid.-
1484 3296 1624 3337 1¹1bid.,
1646 3297 1741 3329 etad
1767 3299 1872 3341 onos„
1902 3310 1934 3341 q.
1957 3311 2075 3343 xxxm,
2097 3304 2182 3336 inter
2206 3306 2306 3346 Oper.

1282 3342 1386 3384 Aug„
1414 3344 1561 3384 append.
1583 3346 1667 3377 tom.
1690 3347 1748 3377 Vl.

1327 3402 1369 3441 (a)
1404 3402 1483 3433 Caet.
1514 3402 1594 3434 edit.
1623 3403 1806 3436 infinitatis.
1825 3423 1867 3429 —
1895 3406 1937 3447 (b)
1970 3409 2051 3439 Item
2084 3410 2250 3451 completa
2274 3412 2308 3444 in

1285 3448 1361 3487 alio,
1382 3457 1462 3480 non.
1482 3466 1522 3471 —
1545 3452 1580 3489 (c)
1605 3451 1685 3481 Item
1706 3451 1785 3483 add.
1806 3461 1889 3484 non.

2126 3519 2150 3556 6
