2634 3853
926 124 1200 168 EXPOSlTIO
1231 123 1284 165 IN
1315 123 1429 166 GAP.
1460 122 1567 164 XIII.

186 218 317 260 tualia
329 233 339 270 3
354 218 466 260 unde
476 217 627 258 dicitur
636 217 682 258 in
691 217 889 260 Malchaeo
901 216 952 268 (α)
969 216 980 238 1
999 229 1038 256 z«
1051 213 1145 256 Non
1154 214 1209 255 le-

187 289 307 341 gistis
320 289 365 329 in
376 288 487 340 lege,
504 289 603 341 quia
614 288 795 329 sabbatis
807 287 1040 328 sacerdotes
1054 286 1098 325 in
1109 286 1210 326 tein-

187 359 256 412 plo
274 359 497 399 sabbatum
508 359 682 410 violant,
699 361 739 400 et
750 360 839 399 sine
853 357 1027 398 crimine
1039 358 1138 397 sunt
1151 357 1170 396 ἱ)
1185 369 1204 393 1>

186 429 278 471 Non
296 432 493 470 vetantur
511 431 637 471 etiam
656 442 782 484 opera
802 429 945 470 divina
963 431 1004 469 et
1024 427 1210 468 miracu-

186 500 289 541 losa.
306 499 421 541 Unde
437 501 479 541 in
490 502 649 544 Jocmne
665 502 738 554 (011
755 514 795 542 z«
806 500 927 540 Pater
941 511 1061 540 meus
1077 510 1212 552 usque

187 571 312 612 modo
344 575 556 625 operatur,
591 576 631 614 et
661 585 743 625 ego
774 583 924 625 operor
951 585 960 612 z
992 585 1012 608 »
1049 571 1063 592 ³
1099 585 1118 608 «
1148 569 1212 610 Me

187 645 351 696 oportet
379 645 544 697 operari
579 657 706 698 opera
733 646 824 697 eJus
860 644 932 696 qui
968 642 1082 683 misit
1118 654 1210 692 me,

188 714 320 755 donec
339 715 425 756 dies
446 718 521 756 est.
544 731 562 753 ›)
587 715 679 757 Non
706 717 903 757 vetantur
930 714 1057 755 etiam
1084 725 1212 766 opera

188 785 424 826 necessaria
454 788 506 826 ad
537 786 725 827 sanitatis
754 785 1137 835 conservationem,
1167 786 1215 825 ut

188 857 407 898 comedere
427 859 467 897 et
487 857 657 898 bibere:
685 857 821 910 igitur
849 869 927 898 000
956 857 1009 897 ad
1034 855 1213 896 curatio-

188 939 302 968 nem.
331 927 396 968 Ex
415 939 498 980 quo
520 928 644 969 datur
665 928 844 980 intelligi
870 930 1032 981 (planta
1050 926 1215 967 homini

189 997 339 1039 debeat
357 1009 446 1040 esse
466 999 701 1040 sollicitudo
728 1000 768 1040 et
793 999 1031 1051 diligentia,
1053 1000 1102 1038 ut
1120 1009 1216 1050 pec-

191 1071 305 1111 cator
341 1070 392 1111 de
427 1070 588 1123 laqueis
621 1070 776 1111 diaboli
808 1070 1065 1112 absolvatur.
1100 1069 1217 1110 Unde

190 1141 317 1182 etiam
332 1173 342 1192 ,
358 1142 394 1182 si
411 1143 504 1183 fieri
522 1145 680 1196 posset,
696 1146 744 1184 ut
764 1155 841 1184 nec
860 1142 1074 1184 modicum
1084 1143 1216 1182 retar-

192 1212 327 1264 detur,
345 1213 454 1254 utin
468 1214 712 1257 Proverbiis
727 1214 759 1255 ⁴:
781 1229 799 1253 <t
819 1214 1030 1264 Discurre,
1051 1212 1215 1259 festina,

193 1284 349 1325 suscita
366 1284 552 1326 amicum
576 1289 724 1326 tuum:
753 1298 806 1326 ne
834 1285 997 1326 dederis
1020 1296 1219 1325 somnum

194 1355 327 1396 oculis
351 1355 456 1407 tuis,
488 1369 565 1397 nec
589 1357 817 1397 dormitent
842 1357 1053 1409 palpebrae
1072 1358 1174 1396 tuae.
1194 1368 1213 1392 ›)

192 1425 240 1467 In
261 1428 384 1480 cujus
401 1427 576 1479 signum
595 1428 749 1468 dicitur
771 1428 821 1468 de
839 1428 925 1468 filio
950 1427 1129 1479 prodigo
1149 1437 1219 1466 re-

191 1500 404 1549 vertente,
423 1498 533 1539 infra
552 1499 588 1539 ⁵:
619 1513 638 1537 α
655 1499 758 1540 Cum
778 1499 918 1540 adhuc
938 1498 1007 1538 lon
1015 1509 1069 1549 ge
1089 1500 1217 1547 esset,

193 1568 300 1610 vidit
317 1569 438 1610 illum
455 1572 572 1622 pater
589 1570 740 1623 ipsius,
764 1572 804 1610 01
824 1568 1109 1610 misericordia
1129 1580 1222 1608 mo-

194 1641 262 1680 tus
292 1642 376 1691 est,
406 1643 448 1681 et
475 1653 696 1682 accurrens
725 1641 871 1681 cecidit
909 1652 1037 1692 super
1068 1640 1223 1680 collum.

195 1712 313 1764 ejns,
341 1714 382 1752 et
409 1711 620 1752 osculatus
648 1715 709 1752 est
734 1724 848 1753 eum.
871 1726 890 1749 »
915 1711 966 1752 Ε1
992 1714 1093 1752 nota
1112 1710 1225 1763 quod

196 1794 283 1824 non
304 1785 364 1824 est
383 1782 496 1824 aliud
515 1783 647 1824 filiam
670 1784 853 1824 Abrahae
882 1783 988 1823 solvi
1008 1795 1033 1823 a
1051 1782 1225 1824 vinculo

196 1857 374 1906 satanae,
395 1867 525 1908 quam
540 1855 727 1896 animam
750 1855 856 1897 solvi
882 1868 906 1895 a
931 1858 1052 1895 reatu
1074 1855 1222 1907 eulpae.

198 1926 316 1968 Unde
334 1926 478 1968 Glossa
495 1928 508 1950 ⁶
525 1942 534 1969 ε
551 1942 570 1965 «
589 1927 694 1968 Filia
712 1927 910 1976 Abrahae,
930 1939 1111 1980 quaeque
1131 1927 1228 1967 fide-

197 1997 249 2038 lis
269 1998 424 2044 anima.
445 2012 463 2036 ))
489 1998 606 2039 Hanc
636 1998 761 2039 solvit
783 1998 971 2039 Christus
991 1998 1227 2038 ministerio

199 2069 464 2110 sacerdotum
484 2073 498 2095 ⁷
516 2082 526 2110 ε
551 2085 571 2108 ι(
591 2069 729 2110 Amen
749 2070 840 2110 dico
859 2069 994 2119 vohis,
1017 2081 1230 2122 quaecum-

199 2153 282 2193 que
302 2140 578 2193 alligaveritis
601 2153 727 2193 super
746 2143 923 2191 terram,
948 2143 1074 2181 eruut
1099 2142 1231 2193 ligata

200 2214 242 2253 et
261 2211 306 2251 in
325 2211 454 2253 coelo:
488 2213 528 2252 et
553 2223 835 2264 quaecumque
862 2212 1071 2252 solveritis
1103 2224 1231 2265 super

199 2286 378 2334 terram,
402 2285 528 2323 erunt
544 2283 680 2323 soluta
702 2282 806 2323 etin
825 2283 944 2323 coelo.
968 2297 985 2319 n
1013 2282 1094 2322 Sed
1113 2294 1233 2334 opor-

156 2342 160 2345 *
201 2356 260 2394 tet
291 2353 406 2405 quod
432 2353 562 2393 homo
590 2352 776 2405 seipsum
809 2352 1001 2405 disponat
1033 2352 1153 2404 quasi
1178 2353 1230 2393 ab

202 2424 416 2475 interiori;
439 2425 582 2466 Isaias
600 2427 636 2464 ³:
664 2439 683 2462 «
700 2423 825 2465 Solve
844 2423 1016 2465 vincula
1037 2423 1130 2463 colli
1150 2424 1231 2475 tui,

203 2496 368 2550 captiva
384 2496 471 2536 filia
490 2495 604 2537 Sion.
629 2510 647 2534 >³
672 2494 722 2536 Et
740 2497 842 2535 tunc
861 2495 969 2535 Deus
985 2496 1185 2546 operatur
1206 2507 1232 2534 a

204 2567 432 2620 superiori;
461 2569 509 2607 ut
535 2566 580 2606 10
606 2566 769 2608 Psalmo
792 2569 832 2606 ⁹:
860 2581 879 2604 «
909 2565 1110 2618 Dirupisti
1135 2566 1232 2606 vin-

205 2639 300 2680 cula
319 2651 436 2680 mea:
465 2639 542 2679 tibi
561 2638 804 2679 sacrificabo
824 2637 1007 2678 hostiam
1037 2637 1185 2678 laudis.
1211 2652 1230 2675 ›)

207 2710 324 2752 Unde
349 2711 395 2751 in
413 2710 494 2751 hac
513 2710 722 2751 solutione
746 2711 979 2761 operantur
1001 2709 1237 2749 sacerdotes

206 2794 282 2836 per
301 2781 556 2822 exteriorem
581 2780 932 2834 dispensationem
965 2779 1236 2830 sacramenti,

208 2857 249 2895 et
283 2855 474 2907 peccator
516 2863 590 2905 per
629 2851 872 2892 interiorem
918 2850 1238 2891 detestationem

208 2925 386 2978 peccati,
410 2926 451 2966 et
468 2924 579 2965 Deus
598 2934 672 2976 per
698 2922 961 2975 superiorem
983 2921 1238 2962 infusionem

213 2996 362 3048 gratiae
384 2995 563 3049 Spiritus
583 2994 732 3034 sancti.

266 3069 331 3107 17.
353 3067 413 3109 Et
431 3077 526 3108 cum
543 3065 627 3107 hoec
657 3064 835 3114 diceret,
868 3067 946 3104 etc.
978 3063 1054 3104 Hic
1087 3064 1239 3115 quarto

213 3137 436 3191 subiungit
459 3136 766 3178 assecutionem
798 3134 994 3187 gloriosae
1025 3133 1236 3184 victoriae,

213 3211 423 3264 quantum
452 3209 503 3249 ad
534 3209 640 3258 duo,
670 3219 768 3261 quae
795 3207 863 3248 hic
881 3206 1235 3248 introducuntur:

257 3292 268 3313 ¹
286 3291 421 3330 Mattlz.‚
440 3299 511 3331 ΧΠ,
532 3293 564 3322 5.
589 3308 624 3313 —
645 3292 658 3313 ἓ
676 3292 784 3329 .]οαη.,
804 3299 837 3331 ν,
860 3292 907 3322 17.
927 3308 968 3313 -
987 3290 998 3308 3
1020 3290 1117 3330 ibid„
1139 3297 1186 3329 ΙΧ,
1207 3291 1239 3321 4.

214 3363 255 3370 —
273 3345 287 3367 ’ν
305 3346 412 3383 Prov.‚
435 3351 482 3384 vi,
502 3345 531 3375 3.
546 3361 586 3367 -
604 3345 615 3362 ⁵
635 3344 712 3385 Inf.,
732 3352 788 3384 XV,
809 3346 860 3375 20.
875 3361 914 3366 —
936 3345 948 3363 ⁶
970 3343 1065 3382 Bed.,
1086 3343 1143 3374 ubi
1164 3352 1240 3383 sup.

214 3410 256 3417 —
275 3392 285 3411 ⁷
308 3391 446 3430 Mami„
476 3399 584 3431 xviii,
620 3392 668 3424 18.
688 3409 730 3416 —
761 3391 775 3413 8
802 3392 879 3430 isa„
906 3399 976 3432 Lu,
1005 3392 1037 3423 2.
1057 3407 1097 3414 —-
1116 3391 1127 3408 ⁹
1149 3389 1239 3422 Psal.

217 3447 293 3481 cxv,
319 3440 368 3471 17.
385 3456 426 3462 -
445 3439 470 3461 ¹0
486 3438 558 3478 Job,
573 3446 669 3479 xxiv,
691 3440 740 3472 13.
761 3457 800 3463 —
821 3440 844 3461 1¹
866 3439 944 3478 Isa.‚
965 3447 1037 3479 xm,
1059 3440 1110 3478 11,
1134 3439 1184 3469 12.
1202 3455 1237 3461 -

2232 124 2307 162 587

1283 213 1438 255 scilicet
1458 211 1647 254 confusio
1671 210 1917 262 rebellium,
1945 213 1986 252 et
2014 211 2237 254 laetificatio
2254 212 2306 255 fi-

1283 285 1459 326 delium.

1339 355 1482 396 Primo
1503 366 1606 407 ergo
1630 356 1838 407 quantum
1859 354 1911 395 ad
1936 354 2220 396 confusionem
2240 367 2312 396 re-

1286 427 1480 476 bellium,
1503 427 1626 468 dicit:
1649 427 1702 468 Et
1724 438 1818 468 cum
1845 426 1932 468 hoec
1955 426 2125 475 diceret,
2149 426 2311 468 erubes-

1287 498 1434 541 cebant
1453 509 1593 540 omnes
1614 498 1858 540 acl‘versarz'i
1879 497 1985 549 effus.
2009 496 2173 537 Glossa:
2199 511 2217 534 α
2234 497 2315 537 Ad-

1289 570 1488 619 versarii,
1508 569 1665 610 Scribae
1685 572 1725 609 et
1745 569 1961 619 Pharisaei,
1984 569 2159 621 quinon
2175 558 2332 620 aperte*

1288 641 1457 683 veritati
1489 640 1773 681 contradicere
1806 642 2003 692 possunt,
2038 651 2116 679 nec
2147 641 2317 692 propter

1288 712 1493 753 invidiam
1508 711 1675 752 credere
1692 711 1885 752 volunt.»
1906 710 2124 751 Detalibus
2136 711 2167 735 ¹⁰
2183 724 2222 751 z«
2234 710 2316 763 Ipsi

1289 784 1460 824 fuerunt
1503 782 1677 822 rebelles
1724 782 1877 822 lumini
1897 814 1908 832 ‚
1950 781 2189 822 nescierunt
2224 781 2316 823 vias

1289 855 1395 906 eius,
1416 868 1435 891 ›>
1461 853 1579 893 Tales
1602 865 1687 894 non
1710 853 2003 901 instruuntur,
2035 852 2106 893 sed
2134 852 2316 892 confun-

1291 925 1466 975 duntur,
1500 937 1598 966 cum
1625 925 1779 966 veritas
1807 923 2064 972 declaratur;
2087 923 2226 964 Isaias
2249 923 2275 944 11
2304 937 2313 963 :

1297 996 1437 1037 «Ecce
1466 996 1775 1037 confundentur
1803 997 1844 1035 et
1868 994 2113 1035 erubescent
2143 1003 2313 1042 omnes,

1291 1067 1365 1119 qui
1384 1069 1579 1120 pugnant
1598 1066 1825 1107 adversum
1853 1067 1894 1106 te
1913 1079 1922 1105 :
1945 1066 2069 1105 erunt
2089 1064 2210 1117 quasi
2230 1075 2316 1104 000

1293 1138 1395 1188 sint,
1418 1140 1457 1178 et
1479 1137 1676 1190 peribunt
1702 1136 1783 1177 viri
1807 1135 1881 1189 qui
1913 1135 2204 1176 contradicunt
2222 1134 2316 1175 tihi.

1294 1208 1462 1257 Quaeres
1481 1219 1576 1259 eOS,
1609 1209 1649 1248 et
1678 1219 1764 1248 non
1783 1206 1973 1248 invenies
2000 1206 2116 1247 viros
2141 1205 2318 1246 rebelles

1291 1282 1402 1320 1005.
1425 1294 1443 1317 »

1348 1351 1555 1401 Secundo,
1577 1352 1785 1402 quantum
1804 1349 1855 1390 ad
1874 1348 2199 1389 laetificationem
2216 1346 2318 1388 fide-

1294 1422 1416 1471 lium,
1438 1420 1597 1461 subdit:
1618 1421 1673 1462 Ec
1693 1421 1831 1462 omnis
1849 1420 2029 1472 populus
2046 1417 2256 1472 gaudebat
2273 1419 2320 1459 in

1295 1493 1526 1542 universis,
1540 1503 1633 1544 quce
1649 1492 1824 1544 moriose
1841 1490 1995 1542 fiebant
2010 1490 2060 1531 ab
2073 1500 2132 1532 eo.
2146 1489 2295 1530 Βο(1011
2309 1502 2317 1529 :

1303 1579 1322 1603 c<
1345 1563 1540 1616 Populus,
1558 1563 1600 1603 id
1614 1565 1688 1614 est,
1706 1563 1914 1615 simplices
1934 1565 1974 1602 et
1993 1562 2176 1602 humiles
2193 1561 2322 1602 verba

1297 1635 1508 1684 veritatis,
1530 1637 1570 1674 et
1590 1633 1795 1674 miracula
1814 1635 2015 1673 amantes.
2038 1647 2056 1669 »
2086 1632 2119 1672 Ii
2140 1631 2326 1684 gaudent

1298 1706 1349 1747 de
1379 1705 1716 1746 manifestatione
1746 1704 1895 1756 gloriae
1924 1704 2100 1752 divinae3
2136 1703 2246 1743 unde
2267 1703 2322 1742 ¹³:

1305 1792 1323 1816 (ι
1349 1777 1563 1829 Pauperes
1585 1776 1780 1816 homines
1795 1775 1840 1815 in
1857 1777 1999 1815 sancto
2019 1774 2145 1815 Israel
2164 1773 2329 1814 exulta-

1300 1849 1423 1889 bunt.
1446 1862 1464 1886 »
1503 1847 1786 1897 Exustabunt,
1820 1847 2015 1899 inquam,
2038 1847 2085 1887 z‘n
2114 1845 2330 1887 universis

1301 1930 1395 1972 quae
1427 1919 1604 1972 qlorz'ose
1642 1918 1800 1970 fiebant
1837 1918 1887 1959 ab
1931 1928 1994 1968 00,
2036 1919 2084 1957 ut
2112 1917 2156 1956 in
2191 1916 2329 1958 Eccle-

1302 1992 1477 2033 siastico
1501 1990 1527 2011 ¹⁸
1543 2004 1552 2030 ε
1571 2004 1589 2027 α
1609 1988 1748 2029 Gloria
1766 1988 1931 2029 Domini
1950 1988 2124 2040 plenum
2144 1989 2206 2028 est
2225 1998 2332 2039 opus

1303 2064 1408 2115 eJ'us.
1432 2076 1450 2099 »
1466 2061 1517 2102 Et
1535 2063 1635 2100 nota
1657 2059 1769 2112 quod
1789 2071 1916 2111 opera
1934 2057 2083 2099 Christi
2103 2060 2222 2098 erant
2240 2070 2334 2110 gra-

1303 2134 1410 2174 tiosa
1441 2134 1649 2184 quantum
1681 2131 1733 2171 ad
1757 2129 2149 2170 condescensionem
2177 2128 2333 2170 divinae

1306 2203 1579 2256 dignationis,
1594 2204 1634 2243 et
1648 2202 1698 2242 de
1709 2201 1775 2241 his
1789 2204 1850 2242 est
1863 2200 2182 2252 regratiandum
2196 2212 2205 2250 ;
2223 2199 2335 2252 apud

1314 2276 1486 2317 Tobiam
1511 2275 1557 2326 (c)
1577 2274 1602 2296 ¹⁵
1616 2288 1624 2314 :
1637 2288 1656 2311 α
1675 2272 1909 2313 Benedicite
1927 2272 2061 2312 Deum
2078 2270 2188 2320 00011,
2211 2272 2251 2310 01
2271 2281 2336 2309 00·

1307 2358 1399 2387 ram
1415 2345 1612 2386 omnibus
1629 2344 1867 2385 viventibus
1881 2342 2140 2384 confitemini
2151 2341 2190 2382 ei
2207 2355 2216 2381 z
2236 2341 2336 2392 quia

1306 2418 1402 2459 fecit
1422 2417 1643 2458 vobiscum
1666 2414 1995 2456 misericordiam
2020 2424 2157 2454 suam.
2173 2427 2192 2450 ›)
2206 2411 2337 2452 Erant

1307 2490 1435 2530 etiam
1459 2488 1645 2540 gloriosa
1664 2489 1873 2539 quantum
1891 2486 1943 2526 ad
1959 2485 2243 2538 operationem
2256 2483 2338 2525 vir-

1307 2561 1430 2611 tutis,
1465 2562 1505 2600 et
1533 2557 1912 2599 manifestationem
1939 2556 2190 2609 majestatis,
2221 2557 2262 2595 et
2286 2555 2337 2595 de

1308 2632 1374 2672 his
1394 2633 1455 2671 est
1475 2629 1750 2682 gaudendum
1771 2631 1810 2668 et
1829 2627 2129 2676 exultandum3
2152 2626 2196 2666 in
2216 2625 2336 2667 Psal—

1309 2712 1374 2744 mo
1389 2702 1471 2742 ¹⁶:(‹
1489 2701 1509 2742 J
1515 2700 1671 2741 ubilate
1694 2699 1791 2749 Deo,
1815 2698 1953 2739 omnis
1974 2700 2101 2748 terra,
2123 2696 2336 2750 psalmum

1310 2775 1431 2815 dicite
1450 2772 1613 2814 nomini
1631 2773 1744 2824 ejus,
1773 2770 1866 2810 date
1891 2769 2071 2821 gloriam
2095 2768 2210 2809 laudi
2229 2769 2335 2820 eJus.

1316 2845 1440 2886 Dicite
1459 2844 1541 2885 Deo
1565 2858 1574 2884 ε
1599 2842 1734 2892 Quam
1760 2841 1964 2882 terribilia
1982 2842 2080 2881 sunt
2099 2851 2226 2892 opera
2245 2842 2335 2889 tua,

1311 2916 1512 2958 Domine!
1546 2914 1593 2954 In
1621 2912 1892 2953 multitudine
1911 2911 2081 2953 virtutis
2100 2913 2188 2952 tuae
2215 2922 2336 2951 men-

1311 2988 1470 3030 tientur
1489 2985 1564 3027 tibi
1584 2984 1745 3024 inimici
1763 2983 1840 3024 tui.
1863 2997 1882 3021 »

1367 3059 1549 3100 Possunt
1567 3058 1711 3097 autem
1738 3055 1832 3095 haec
1856 3054 2081 3106 allegorice
2107 3051 2261 3105 exponi
2289 3052 2339 3092 de

1312 3130 1495 3173 Ecclesia
1524 3141 1577 3170 ex
1609 3127 1808 3180 gentibus
1841 3127 2115 3177 congregata,
2146 3135 2243 3176 quae
2266 3134 2341 3175 per

1313 3203 1520 3256 triplicem
1538 3211 1751 3241 annorum
1767 3198 1981 3240 senarium
2000 3197 2079 3237 fuit
2098 3206 2243 3244 curva,
2259 3193 2339 3234 hoc

1317 3295 1339 3312 ¹²
1365 3293 1472 3325 Gloss.
1501 3301 1542 3323 ex
1568 3290 1663 3328 Bed,
1689 3288 1746 3320 ubi
1772 3298 1847 3329 sup.
1875 3305 1910 3310 -
1935 3287 1961 3308 1³
1982 3286 2060 3326 Jsa„
2086 3292 2195 3324 xxm,
2226 3284 2275 3314 19.
2302 3300 2336 3304 —

1314 3342 1338 3363 ¹⁴
1360 3340 1480 3378 Eccli„
1503 3346 1595 3378 XLII,
1614 3340 1666 3369 16.
1686 3353 1726 3360 —
1746 3336 1772 3357 15
1793 3335 1881 3372 Tob.‚
1900 3342 1970 3374 xn,
1991 3335 2020 3365 6.
2042 3349 2083 3356 —
2100 3331 2126 3354 1⁶
2145 3329 2237 3362 Psal.
2260 3337 2339 3367 LXV,

1315 3391 1346 3429 1,
1366 3390 1441 3420 2.—
1461 3387 1501 3427 (α)
1525 3386 1607 3419 Caet.
1625 3383 1704 3416 edit.
1722 3382 1801 3416 dicit
1814 3382 2046 3415 Matthaeus.—
2062 3378 2107 3421 (b)
2129 3379 2340 3411 bannos—>⁷¹

1313 3435 1353 3477 (c)
1375 3434 1508 3467 Tobias.
