2634 3853
65 2007 176 2035 Timor.

957 122 1230 164 EXPOSlTlO
1261 123 1315 165 ΙΝ
1344 125 1458 166 CAP.
1490 125 1540 166 ΙΙ.

190 215 497 259 observantiam
513 213 641 266 legis;
664 213 777 255 unde
797 215 941 254 sancta
958 212 1125 253 dicitur.
1147 211 1210 252 Ex

191 300 275 341 quo
295 287 418 327 datur
435 284 636 336 intelligi,
658 285 770 337 quod
790 295 962 335 magnae
981 281 1210 323 honestatis

190 359 277 397 erat
295 356 444 405 homo,
467 355 541 408 qui
565 355 610 395 in
634 355 706 395 tali
736 355 901 397 civitate
933 354 1116 394 habebat
1150 352 1209 392 fa-

189 438 318 466 mam.
340 425 390 466 Et
415 426 496 466 hoc
523 426 716 478 designat
745 425 1038 477 Evangelista,
1070 424 1212 476 ipsum

189 509 344 537 nomen
386 498 478 550 ejus
518 497 765 550 explicando
777 512 786 547 3
821 496 935 537 unde
968 494 1047 534 sibi
1079 495 1214 546 potest

189 570 424 620 competere
443 567 547 609 illud
568 569 578 589 ¹
605 582 613 608 ε
644 583 664 606 «
682 568 728 608 In
749 567 886 608 medio
904 565 1098 606 Ecclesiae
1118 576 1213 616 ape-

188 638 274 679 ruit
293 649 340 678 os
367 639 481 690 eJUS,
517 641 558 679 et
584 638 830 691 adimplebit
861 637 983 677 illum
1010 635 1213 676 Dominus

189 708 342 762 spiritu
363 709 592 762 sapientiae.
621 723 639 747 ι)
667 709 716 749 Et
741 710 835 761 post
863 707 1059 748 subditur
1081 721 1089 746 :
1116 720 1135 744 (1
1163 706 1214 746 Et

189 779 360 821 nomine
391 782 549 821 aeterno
580 779 845 821 haereditabit
876 778 1014 819 illum.
1044 791 1063 815 n
1096 776 1215 817 Unde

189 852 300 891 recte
332 851 411 891 iste
441 851 688 903 designatur
718 862 792 903 per
827 849 1045 891 Simonem
1077 849 1215 890 filium

191 921 321 973 Oniae,
343 921 394 963 de
413 934 497 975 quo
516 926 530 947 2
553 936 561 961 :
591 936 610 961 <z
630 920 779 963 Simon
799 921 914 963 Oniae
929 921 1058 970 filius,
1084 932 1215 961 sacer-

191 994 265 1035 dos
284 1005 482 1046 magnus.
505 1007 524 1032 n
550 992 601 1034 Et
619 996 712 1046 post
727 992 936 1043 subditur,
959 992 1215 1045 quibusdam

191 1063 445 1117 interpositis
467 1079 476 1104 :
511 1079 530 1102 c<
550 1063 667 1105 Circa
685 1063 807 1104 illum
828 1074 985 1104 corona
1010 1063 1213 1114 fratrum,

193 1137 234 1176 et
251 1135 371 1188 quasi
389 1134 590 1189 plantatio
620 1134 733 1175 cedri
752 1134 797 1174 in
825 1136 967 1175 monte
995 1133 1167 1174 Libano.
1191 1148 1210 1171 ›>

192 1205 408 1255 Quantum
436 1205 641 1261 advitam
670 1204 867 1245 subditur
890 1219 898 1244 :
923 1204 977 1246 Et
997 1203 1116 1247 homo
1135 1205 1216 1246 iste

183 1276 346 1328 justus,
361 1279 456 1327 etc.;
472 1276 546 1317 ubi
562 1276 796 1317 ostenditur
806 1276 984 1328 perfecte
998 1275 1217 1316 ordinatus

191 1348 237 1389 in
247 1347 335 1390 vita
347 1349 556 1401 quantum
564 1346 616 1387 ad
626 1346 840 1398 eligenda.
853 1345 874 1385 J
879 1346 1021 1387 ustitia
1031 1358 1217 1398 namque

191 1420 253 1460 est
268 1417 474 1459 rectitudo
487 1416 718 1458 voluntatis
731 1448 742 1468 ,
766 1428 863 1469 quae
882 1416 980 1457 facit
996 1416 1217 1457 hominem

192 1501 268 1543 per
285 1491 444 1530 rectam
463 1488 580 1530 viam
592 1487 807 1539 incedere,
828 1489 1001 1540 propter
1020 1488 1134 1541 quod
1153 1488 1215 1529 di-

193 1560 303 1601 citur
321 1559 334 1582 ³
357 1574 367 1600 :
394 1575 414 1599 a
437 1559 458 1600 J
463 1562 607 1600 ustum
625 1559 798 1600 deduxit
814 1558 1019 1600 Dominus
1038 1572 1113 1612 per
1128 1560 1218 1601 vias

195 1633 349 1682 rectas,
372 1633 412 1672 et
431 1631 609 1672 ostendit
622 1630 684 1670 illi
702 1642 887 1682 regnum
905 1630 1000 1680 Dei,
1027 1645 1046 1668 n
1069 1634 1144 1671 etc.
1169 1630 1220 1671 Et

194 1701 264 1742 hic
284 1701 468 1742 maxime
481 1703 497 1754 j
504 1703 605 1742 uvat
623 1702 737 1742 recta
759 1701 936 1741 intentio
951 1701 964 1722 ⁸
983 1716 991 1742 :
1021 1715 1039 1739 c«
1052 1701 1072 1742 J
1078 1701 1220 1742 ustitia

195 1771 395 1825 simplicis
413 1771 567 1824 diriget
596 1771 712 1812 viam
734 1772 841 1823 eius.
865 1785 884 1809 2
917 1771 967 1813 Et
989 1772 1144 1814 iterum
1163 1773 1176 1795 ⁵
1206 1787 1215 1813 ε

202 1857 221 1881 a
230 1842 481 1896 Simplicitas
483 1844 499 1896 j
507 1845 702 1884 ustorum
717 1843 874 1894 diriget
884 1855 969 1884 eos.
988 1856 1006 1880 n
1026 1842 1077 1883 Et
1091 1856 1221 1896 quan-

195 1915 288 1955 tum
309 1914 361 1955 ad
380 1914 602 1966 fugienda;
625 1913 718 1954 ideo
742 1913 960 1966 sequitur:
981 1913 1035 1955 Ec
1051 1914 1221 1956 timora-

196 1987 264 2026 tus·
293 1999 310 2026 .·
334 1999 353 2023 (ι
373 1982 517 2025 Timor
545 1984 659 2024 enim
686 1983 699 2004 ⁶
727 1983 899 2036 expellit
927 1986 1162 2037 peccatum.
1194 1999 1213 2024 1)

195 2052 275 2094 Ρο1·
292 2054 490 2096 timorem
507 2054 673 2095 Domini
694 2054 873 2095 declinat
889 2055 1026 2095 omnis
1046 2067 1071 2095 a
1089 2056 1216 2097 malo.

193 2126 269 2169 Job
290 2130 304 2153 ⁷
318 2139 331 2166 .·
358 2141 377 2165 (‹
394 2126 468 2169 Vir
488 2128 578 2168 erat
595 2127 640 2167 in
658 2128 773 2168 terra
789 2126 893 2177 Hus,
915 2128 1088 2169 nomine
1107 2128 1128 2169 J
1132 2128 1184 2169 ob
1207 2143 1215 2169 :

193 2199 234 2239 et
252 2199 342 2239 erat
360 2197 426 2240 vir
452 2197 523 2239 ille
548 2197 727 2251 simplex
754 2200 795 2238 et
813 2200 973 2247 rectus,
996 2210 1043 2239 ac
1065 2199 1221 2240 timens

194 2267 348 2319 Deum,
371 2270 412 2310 et
430 2268 628 2309 recedens
647 2281 672 2309 a
684 2268 813 2310 malo.
835 2283 854 2306 >i
873 2268 925 2309 Et
943 2272 1152 2321 quantum
1168 2270 1220 2311 ad

195 2340 473 2392 expectanda,
496 2339 610 2380 unde
637 2340 751 2380 addit
772 2354 781 2379 ε
809 2341 1056 2392 Eoepectans
1076 2350 1220 2382 conso-

196 2412 391 2453 lationem
404 2409 547 2462 Israel,
565 2410 799 2451 secundum
812 2410 941 2451 illud⁸
962 2425 970 2451 :
993 2426 1011 2448 «
1028 2411 1221 2452 Salutare

195 2483 321 2522 tuum
351 2481 597 2535 expectabo,
630 2480 819 2521 Domine.
851 2494 869 2517 >³
908 2479 957 2520 Et
984 2480 1136 2523 Judith
1165 2484 1178 2505 ⁹
1207 2495 1216 2520 :

202 2568 220 2592 a
238 2552 518 2606 Expectemus
532 2552 714 2593 humiles
728 2551 1056 2593 consolationem
1071 2553 1107 2604 ej
1114 2564 1179 2592 us.
1195 2565 1215 2589 n

196 2622 312 2665 Unde
332 2624 411 2664 sibi
435 2622 622 2664 maxime
651 2623 813 2664 dicebat
842 2621 1023 2675 Spiritus
1051 2625 1220 2663 sanctus

194 2694 298 2735 illud
315 2694 343 2719 ¹⁰
366 2708 375 2734 :
402 2709 421 2733 α
443 2693 483 2734 Si
508 2705 673 2734 moram
693 2693 857 2744 fecerit,
887 2696 1060 2746 expecta
1085 2705 1184 2734 eum
1208 2707 1216 2733 :

193 2765 293 2818 quia
305 2765 482 2807 veniens
494 2764 652 2814 veniet,
669 2766 709 2805 et
721 2776 806 2805 non
822 2754 1018 2805 tardabit.
1040 2778 1059 2802 ))
1083 2763 1221 2813 Quan-

193 2837 286 2875 tum
303 2835 354 2876 ad
373 2835 554 2887 gratiam
575 2834 771 2876 subditur
790 2846 799 2875 :
816 2836 858 2876 E
860 2838 875 2877 t
893 2836 1087 2887 Spiritus
1102 2846 1221 2877 sanc-

196 2907 263 2946 tus
283 2908 371 2948 erat
390 2906 439 2948 in
458 2915 522 2957 60,
546 2905 703 2946 scilicet
723 2918 799 2958 per
818 2906 1002 2957 gratiam
1023 2909 1063 2946 et
1087 2905 1220 2946 chari-

195 2976 345 3026 tatem,
366 2976 601 3017 secundum
619 2976 725 3017 illud
742 2977 768 2998 11
788 2991 829 3016 :«
845 2976 1035 3018 Charitas
1055 2976 1127 3017 Dei
1147 2976 1219 3017 dif-

195 3042 288 3084 fusa
314 3047 374 3086 est
407 3046 453 3087 in
487 3046 685 3087 cordibus
714 3047 870 3088 nostris
898 3051 974 3100 per
1012 3047 1219 3099 Spiritum

196 3116 407 3166 sanctum,
428 3117 502 3169 qui
521 3117 644 3158 datus
663 3120 724 3158 est
743 3118 880 3159 nobis.
902 3132 921 3156 ›)
946 3117 998 3159 Et
1016 3118 1043 3140 ¹²
1066 3133 1075 3159 z
1104 3117 1218 3167 «Qui

236 3222 247 3243 1
266 3221 386 3261 Εεείί.,
407 3229 465 3263 xv,
484 3223 514 3256 5.
535 3239 574 3247 —
599 3224 610 3242 ²
628 3224 745 3263 Ecclz'.,
770 3233 807 3266 L,
830 3227 879 3258 13.
900 3242 942 3249 —
959 3225 972 3246 3
990 3225 1082 3266 Sap„
1103 3233 1143 3265 x,
1166 3227 1217 3257 10.

196 3285 234 3292 -
254 3269 265 3287 ⁴
285 3269 395 3308 Prov„
415 3277 469 3309 XI,
489 3271 520 3301 5.
540 3285 578 3294 --
603 3271 616 3291 ⁸
634 3271 745 3313 Prov„
763 3280 816 3313 XI,
835 3274 865 3304 3.
889 3291 930 3297 -
949 3274 961 3291 ὃ
980 3273 1098 3312 Εεείι’.,
1118 3280 1144 3313 1,
1164 3273 1217 3303 27.

194 3332 235 3339 —
252 3315 265 3338 '¹
283 3315 356 3354 Iob,
377 3323 407 3355 1,
429 3319 456 3347 1.
476 3332 517 3339 —
535 3317 546 3334 Β
570 3317 664 3358 Gen„
690 3327 789 3356 xmx,
819 3321 868 3353 18.
892 3338 927 3343 —
949 3321 961 3339 θ
986 3319 1119 3358 Judz'tlz,
1139 3326 1217 3358 v111‚

194 3363 298 3395 20‚—-
315 3362 342 3384 1⁰
359 3361 497 3402 Habac„
517 3370 560 3400 11,
581 3365 613 3394 3.
632 3381 674 3388 -
691 3366 716 3387 11
736 3367 840 3407 Rom,
860 3374 893 3406 v,
916 3368 948 3399 5.
969 3384 1009 3391 —
1028 3367 1056 3389 ¹²
1076 3367 1088 3398 l
1108 3367 1212 3404 Jocmu

193 3417 240 3450 iv,
270 3411 320 3441 16.
346 3426 386 3433 —
416 3409 442 3431 1³
466 3409 551 3448 Act„
576 3417 629 3450 w,
653 3413 682 3442 5.
710 3429 752 3437 -
779 3414 805 3435 1⁵
829 3414 842 3445 1
869 3414 960 3455 Com,
984 3421 1064 3454 xvi,
1091 3413 1144 3446 23.
1174 3429 1215 3436 —

2231 134 2305 172 271

1287 216 1428 254 manet
1447 214 1492 254 in
1511 213 1733 263 charitate,
1750 213 1796 254 in
1812 214 1895 254 Deo
1908 217 2098 256 manet.»
2124 216 2240 258 Unde
2258 220 2308 261 de

1286 283 1377 336 ipso
1397 287 1557 337 poterat
1578 284 1659 325 dici
1683 284 1812 335 illud,
1836 285 1948 337 quod
1971 285 2122 327 dicitur
2141 287 2192 327 de
2216 287 2308 329 Ste-

1287 354 1428 406 phano
1454 355 1495 406 13,
1518 356 1630 408 quod
1655 370 1674 395 «
1696 358 1785 396 erat
1813 356 1964 407 plenus
1983 356 2064 398 fide
2085 360 2125 398 et
2149 357 2312 410 Spiritu

1288 428 1445 466 sancto.
1473 440 1491 463 n
1522 426 1579 467 De
1601 439 1686 479 quo
1706 427 1733 449 1⁶
1755 441 1763 468 :
1793 442 1812 465 «
1832 427 1972 469 Gratia
1992 427 2156 469 Domini
2175 430 2309 470 nostri

1287 494 1384 535 Jesu
1405 495 1554 536 Christi
1572 497 1806 538 vobiscum.
1829 512 1849 535 ›>

1324 568 1389 605 26.
1401 566 1707 619 &responsum
1717 573 1942 621 acceperat,
1958 571 2036 610 etc.
2046 568 2121 610 Hic
2128 570 2312 610 secundo

1289 637 1611 678 commendatur
1637 651 1662 678 a
1681 638 1842 691 Spiritu
1872 640 2083 691 veritatis,
2114 642 2163 680 ut
2188 640 2315 681 indu-

1290 708 1407 747 cente
1432 707 1484 747 ad
1509 709 1818 761 expectandum
1837 722 1890 750 ex
1909 710 2052 752 divino
2079 722 2278 763 responso
2301 722 2312 750 ε

1291 779 1498 828 quantum
1519 779 1569 819 ad
1597 779 1676 820 hoc
1699 780 1796 821 dicit
1818 796 1826 822 :
1855 781 1910 823 Ec
1930 792 2176 834 responsum
2202 792 2314 824 acce-

1290 852 1413 898 perat
1437 860 1463 890 a
1482 850 1657 902 Spiritu
1680 854 1824 894 sancto
1839 883 1849 903 ‚
1877 852 2033 893 scilicet
2058 865 2132 905 per
2151 852 2314 894 revela-

1291 917 1450 959 tionem
1470 920 1497 941 ¹⁵
1521 934 1529 960 :
1560 936 1579 959 (‹
1598 921 1662 961 Ad
1681 933 1829 962 vocem
1850 921 2046 963 clamoris
2064 923 2151 973 tui,
2175 922 2317 963 statim

1291 990 1338 1028 ut
1359 989 1560 1042 audierit,
1592 992 1860 1044 respondebit
1887 992 1977 1033 tibi.
2001 1006 2020 1030 1)
2055 992 2317 1045 Responsum

1292 1064 1505 1113 acceperat
1519 1063 1859 1115 consolatorium,
1879 1064 2113 1105 secundum
2133 1063 2237 1104 illud
2256 1063 2284 1085 ¹⁶
2303 1077 2315 1106 ε

1293 1145 1313 1169 α
1337 1131 1562 1185 Respondit
1581 1133 1783 1175 Dominus
1796 1133 1963 1186 angelo,
1981 1134 2054 1187 qui
2066 1134 2319 1187 loquebatur

1291 1202 1335 1242 in
1356 1214 1423 1243 me
1449 1204 1580 1245 verba
1598 1205 1728 1256 bona,
1757 1205 1888 1246 verba
1907 1205 2196 1247 consolatoria.
2221 1219 2240 1243 1)
2267 1204 2319 1246 Et

1291 1277 1513 1326 propterea
1535 1276 1730 1316 subditur
1758 1290 1766 1315 ε
1796 1276 1890 1318 Non
1921 1277 2117 1318 visurum
2140 1287 2183 1318 se
2207 1286 2316 1318 mor-

1293 1348 1393 1396 tem,
1415 1347 1505 1389 nisi
1538 1348 1658 1399 prius
1685 1348 1849 1391 videret
1881 1348 2101 1391 Christum
2123 1349 2316 1391 Domini.

1294 1414 1410 1457 Unde
1430 1419 1594 1469 poterat
1623 1419 1759 1459 dicere
1781 1431 1879 1460 cum
1898 1418 1975 1460 Job
1996 1420 2024 1444 ¹⁷
2046 1433 2061 1460 .·
2087 1434 2106 1457 «
2126 1417 2174 1460 111
2194 1432 2320 1461 carne

1293 1499 1388 1528 mea
1401 1488 1554 1529 videbo
1566 1488 1698 1530 Deum
1712 1503 1720 1529 :
1737 1504 1756 1528 1)
1772 1490 1831 1530 ita
1842 1490 1956 1543 quod
1969 1490 2260 1532 determinatio
2272 1492 2320 1533 in

1293 1565 1418 1598 carne
1430 1559 1625 1611 respiciat
1647 1560 1861 1601 videntem
1880 1564 1921 1601 et
1940 1560 2097 1602 visum.
2119 1560 2170 1602 Et
2191 1561 2320 1602 etiam

1293 1638 1390 1667 cum
1408 1626 1615 1681 Propheta
1632 1632 1796 1683 poterat
1811 1634 1979 1672 cantare
1998 1631 2026 1653 ¹⁸
2044 1647 2052 1673 ε
2073 1647 2092 1671 ε(
2110 1631 2204 1673 Non
2226 1644 2318 1673 mo-

1293 1696 1393 1748 riar,
1416 1699 1486 1739 sed
1508 1700 1665 1741 vivam.
1688 1716 1706 1739 n
1733 1701 1900 1742 Poterat
1919 1702 2048 1743 etiam
2065 1703 2202 1744 dicere
2222 1715 2319 1744 cum

1294 1767 1492 1820 Apostolo
1506 1773 1535 1796 ¹⁹
1552 1784 1591 1811 z«
1610 1770 1693 1812 Nos
1713 1772 1908 1824 spiritum
1924 1773 2055 1826 hujus
2069 1773 2219 1815 mundi
2232 1786 2319 1815 non

1294 1839 1554 1891 accepimus,
1585 1842 1658 1883 sed
1684 1842 1912 1895 Spiritum,
1941 1844 2088 1896 quiex
2119 1845 2202 1886 Deo
2234 1847 2317 1896 est,

1295 1912 1342 1950 ut
1361 1910 1567 1960 sciamuS,
1589 1924 1685 1965 quae
1703 1925 1727 1954 a
1747 1913 1829 1954 Deo
1849 1914 2003 1954 donata
2020 1917 2121 1955 sunt
2140 1915 2275 1956 nobis.
2295 1930 2315 1953 2>

1295 1979 1487 2023 Secundo
1517 1984 1838 2026 commendatur
1860 1997 1885 2025 a
1916 1984 2078 2038 Spiritu
2108 1986 2319 2038 veritatis,

1295 2054 1342 2093 ut
1370 2053 1601 2094 deducente
1633 2055 1684 2095 ad
1715 2056 2024 2097 occurrendum
2051 2056 2096 2097 in
2121 2057 2279 2110 templo
2309 2072 2319 2097 :

1294 2127 1502 2177 quantum
1528 2125 1581 2166 ad
1602 2125 1706 2167 iilud
1733 2126 1885 2168 dicitur
1909 2127 1963 2179 (V.
1986 2127 2051 2180 27)
2087 2142 2095 2168 :
2127 2128 2182 2170 Ec
2206 2129 2324 2171 venit

1294 2196 1343 2236 in
1356 2196 1524 2248 Spiritu
1537 2197 1586 2238 in
1600 2197 1809 2251 templum.
1825 2197 1945 2238 Venit
1963 2198 2106 2251 itaque
2119 2201 2321 2252 tanquam

1295 2266 1454 2319 Spiritu
1473 2270 1614 2308 sancto
1637 2268 1810 2309 ductore
1829 2272 1858 2293 ²0
1879 2283 1916 2307 :«
1938 2267 2203 2322 Quicumque
2223 2269 2321 2323 Spi-

1293 2337 1380 2377 ritu
1399 2337 1471 2377 Dei
1498 2342 1703 2389 aguntur,
1734 2339 1779 2378 hi
1806 2342 1905 2379 sunt
1936 2339 2011 2378 filii
2031 2339 2119 2380 Dei.
2151 2354 2170 2377 ›)
2197 2340 2322 2382 Venit

1294 2407 1435 2460 itaque
1454 2408 1507 2448 ad
1531 2408 1852 2461 obsequendum
1874 2412 1914 2450 et
1931 2410 2222 2451 venerandum
2241 2411 2320 2451 Do-

1295 2478 1476 2529 minum,
1494 2481 1542 2519 ut
1561 2481 1701 2532 posset
1721 2479 1858 2520 dicere
1877 2479 1980 2520 illud
2001 2480 2029 2504 2¹
2054 2492 2065 2520 ε
2094 2495 2114 2519 «
2134 2480 2320 2522 Introibo

1293 2549 1338 2590 in
1359 2549 1535 2590 domum
1555 2552 1695 2600 tuam,
1712 2550 1894 2592 adorabo
1910 2551 1962 2591 ad
1979 2551 2184 2604 templum
2204 2564 2320 2593 sanc-

1293 2622 1385 2661 tum
1414 2623 1540 2667 tuum
1568 2621 1612 2661 in
1641 2623 1793 2662 timore
1820 2624 1950 2662 tuo.»
1988 2621 2039 2663 Et
2063 2622 2221 2664 iterum
2247 2624 2277 2647 ‘³²
2307 2638 2316 2664 :

1300 2707 1319 2730 «
1339 2691 1616 2734 Introibimus
1636 2692 1679 2733 ln
1698 2693 2020 2734 tabernaculum
2042 2695 2153 2746 eJus,
2176 2694 2321 2735 adora-

1294 2762 1434 2803 bimus
1453 2763 1498 2803 in
1527 2762 1640 2814 loco,
1673 2763 1746 2804 ubi
1766 2757 1980 2804 'steterunt
2007 2764 2133 2816 pedes
2159 2765 2265 2816 ers.
2295 2779 2314 2802 n

1294 2833 1512 2875 Postremo
1534 2834 1855 2875 commendatur
1879 2847 1905 2874 a
1930 2833 2088 2887 Spiritu
2109 2835 2316 2886 veritatis,

1293 2907 1342 2946 ut
1368 2905 1638 2958 praeducente
1666 2906 1718 2946 ad
1743 2905 2191 2958 comprehendendum
2221 2919 2319 2947 cum

1293 2974 1474 3026 gaudio;
1499 2978 1538 3016 et
1559 2975 1660 3026 1100,
1683 2987 1781 3015 011111
1799 2974 1952 3015 dicitur
1975 2989 1984 3016 z
2005 2975 2061 3018 Ec
2081 2986 2175 3017 cum
2191 2975 2319 3017 indu-

1292 3048 1431 3087 cerem
1448 3055 1629 3097 puerum
1648 3045 1788 3086 Jesum
1810 3050 2004 3097 parentes
2028 3045 2140 3098 ejus,
2165 3046 2317 3086 scilicet

1292 3114 1337 3155 in
1353 3115 1576 3168 templum,
1593 3115 1825 3157 secundum
1837 3116 1943 3158 illud
1960 3117 1991 3141 ²³
2013 3130 2022 3157 :
2042 3131 2062 3156 ε(
2080 3117 2230 3159 Statim
2250 3128 2317 3159 ve-

1291 3270 1318 3292 15
1339 3270 1418 3308 Isa.,
1440 3278 1523 3312 xxx,
1547 3273 1596 3303 19.
1615 3289 1656 3295 —
1674 3272 1700 3293 ¹⁶
1724 3271 1839 3310 Zach„
1859 3279 1884 3311 1,
1906 3272 1956 3304 13.
1972 3288 2013 3295 -
2032 3272 2056 3293 1⁷
2075 3270 2147 3310 Job,
2167 3277 2239 3311 xlx,
2260 3271 2314 3301 26.

1291 3334 1330 3341 —
1350 3318 1376 3339 1⁸
1396 3319 1484 3351 Psal.
1506 3327 1617 3360 mvn,
1642 3321 1693 3351 17.
1713 3336 1754 3345 —
1773 3320 1799 3342 1⁹
1823 3320 1834 3350 l
1856 3320 1947 3360 Corn,
1966 3327 2012 3360 11,
2034 3321 2083 3351 12.
2107 3335 2147 3342 —
2165 3318 2190 3337 ²⁰
2208 3317 2314 3354 Rom„

1289 3372 1372 3406 vm,
1400 3367 1450 3398 14.
1477 3383 1512 3388 -
1541 3366 1565 3387 ²1
1593 3366 1683 3399 Psal.
1715 3374 1747 3407 v,
1775 3368 1806 3399 8.
1831 3384 1871 3391 —
1897 3367 1926 3388 ¹²
1951 3366 2044 3398 Psal.
2071 3372 2196 3406 cxxx1,
2219 3365 2251 3397 7.
2275 3379 2314 3388 -

1288 3409 1317 3432 2⁸
1335 3411 1490 3452 Malaclc„
1510 3421 1562 3452 111,
1586 3417 1616 3445 1.
