2587 3845
1114 178 1280 221 CAPUT
1310 179 1379 221 IV.
2229 188 2280 225 27

159 270 251 318 lus;
271 283 290 306 υ
314 269 416 309 item
435 269 574 321 quoad
594 269 735 322 ipsum
766 269 981 309 mundum
998 298 1008 317 ,
1030 268 1075 308 in
1095 280 1180 321 quo

157 339 265 385 nihil
279 341 340 380 est
357 339 471 391 quod
491 342 593 379 tunc
614 339 783 389 latebit,
799 339 869 379 vel
887 338 1179 389 abscondetur,

158 409 390 450 secundum
420 409 524 449 illud
555 409 739 450 Psalmi¹
766 423 774 448 :
803 424 822 446 α
854 408 1052 449 Revelata
1084 411 1184 449 sunt

157 479 430 520 fundamenta
458 480 572 520 orbis
605 483 830 520 terrarum.
853 494 871 516 »
900 480 981 521 Neo
1005 481 1053 520 in
1084 479 1154 536 die
1171 512 1180 530 ,

156 549 334 602 inquam
357 581 368 600 ,
404 551 642 602 uqnitionis
667 581 678 599 ,
714 552 855 602 repete
896 564 904 590 :
943 549 1149 592 habebunt
1171 564 1179 590 :

157 608 448 662 allocutionem
462 653 472 671 ,
497 621 540 661 id
559 623 640 670 est,
662 619 880 669 blandam,
903 619 971 660 vel
992 620 1180 660 consola-

155 690 330 740 toriam;
363 691 435 731 sed
454 691 734 744 asperrimam
753 689 991 740 licentiam,
1015 690 1178 731 unde²z

159 775 178 797 «
200 760 401 802 Discedite
422 774 447 802 a
468 774 537 802 me
557 760 768 801 maledicti
782 792 795 811 ,
822 775 841 798 ›>
863 763 939 801 etc.

209 834 274 872 19.
298 831 504 874 Nationes
524 832 637 873 enim
658 832 838 884 iniquae,
862 831 903 871 id
922 834 1007 879 est,
1030 832 1183 884 iniqui-

155 901 250 942 tatis
266 904 439 953 actoreS,
464 901 573 943 cliroe
590 906 691 944 sunt
715 903 1094 944 consummationis
1110 903 1180 954 (a),

154 973 198 1014 id
214 976 275 1014 est
298 974 397 1013 finis
423 988 431 1014 :
454 974 631 1025 scilicet,
654 974 923 1027 asperitatem
946 986 1083 1026 poenae
1100 974 1177 1015 ba-

154 1043 259 1084 bent,
283 1043 328 1083 in
355 1044 460 1094 fine,
483 1044 688 1097 quidquid
708 1044 760 1085 sit
788 1045 839 1085 de
863 1044 1092 1098 principio,
1115 1044 1182 1086 vel

156 1111 207 1151 de
226 1111 364 1151 medio
377 1142 390 1161 ,
417 1111 516 1163 quia
537 1126 545 1151 :

214 1218 290 1249 Non
309 1217 430 1249 eodem
448 1226 547 1249 cursu
566 1217 774 1258 respondent
791 1217 909 1249 ultima
926 1217 1055 1258 primis.

206 1324 221 1346 ³
239 1337 258 1360 c(
274 1313 768 1374 Filiorumpeccatorum
786 1322 917 1374 periet
936 1321 1177 1371 haereditas,

151 1394 303 1434 etcum
314 1393 474 1434 semine
488 1393 660 1433 illorum
677 1392 902 1432 assiduitas
915 1392 1173 1445 opprobrii.»

489 1550 701 1595 CAPUT
749 1550 831 1595 IV.

203 1681 242 1716 1.
265 1676 278 1697 ⁴
303 1676 335 1716 O
355 1686 482 1728 quam
499 1707 512 1726 ,
544 1678 621 1717 etc.
644 1675 693 1726 (b)
723 1674 799 1716 Hic
824 1674 915 1726 agit
940 1674 991 1715 de
1012 1674 1180 1727 Justitia

149 1747 336 1788 hominis
355 1747 409 1787 ad
425 1747 624 1800 seipsum.
643 1745 916 1787 Commendat
935 1747 1076 1785 autem
1088 1746 1178 1797 jus-

148 1817 312 1868 titiam,
349 1818 546 1870 reprobat
575 1816 827 1868 injustitiam
850 1847 859 1864 ,
890 1815 1176 1868 comparando

149 1889 302 1928 statum
318 1889 534 1939 Justorum
548 1918 557 1935 ,
570 1886 697 1927 statui
719 1886 1001 1937 injustorum:
1019 1886 1175 1938 primo,

148 1960 245 1998 ante
260 1958 490 2011 Judicium,
513 1957 668 1998 scilicet
687 1957 732 1997 in
760 1956 841 1997 hoc
873 1956 1082 2008 capitulo;
1107 1968 1174 1996 se-

147 2027 298 2078 cundo,
312 2028 356 2068 in
367 2028 540 2080 judicio,
557 2027 741 2080 capitulo
754 2026 962 2080 sequenti.
977 2027 1086 2066 Ante
1101 2027 1177 2075 ju—

146 2097 300 2138 dicium
311 2098 532 2151 tripliciter
545 2112 554 2138 :
565 2098 718 2151 primo,
729 2100 940 2150 quantum
955 2097 1006 2137 ad
1018 2099 1177 2137 statum

146 2169 245 2210 vitae
261 2170 497 2222 praesentis3
511 2170 709 2220 secundo,
726 2172 935 2222 quantum
951 2169 1003 2209 ad
1018 2172 1176 2210 statum

145 2241 292 2282 mortis
313 2242 413 2294 (v.7)
439 2255 447 2281 ε
470 2241 617 2284 Justus
649 2242 694 2282 in
715 2244 863 2290 morte,
892 2243 997 2290 ete.;
1027 2241 1173 2291 tertio,

145 2316 353 2365 quantum
371 2313 424 2354 ad
434 2315 590 2353 statum
600 2317 691 2365 post
704 2316 884 2354 mortem
902 2313 956 2364 (v.
973 2315 1021 2353 16
1036 2313 1059 2365 z)
1071 2313 1174 2355 Con-

145 2382 332 2433 demnat,
344 2385 422 2423 etc.
438 2382 486 2423 In
495 2383 632 2436 prima
640 2385 772 2435 parte,
789 2383 928 2435 primo
940 2384 1176 2424 ostenditur

145 2455 277 2494 status
300 2455 516 2506 justorum
547 2454 893 2494 commendabilis
925 2466 977 2494 ex
1008 2466 1077 2503 se;
1108 2466 1172 2494 se-

146 2524 284 2564 cundo
303 2536 357 2564 ex
380 2526 491 2564 statu
515 2524 559 2576 (c)
591 2523 793 2576 oppositi,
815 2523 971 2563 scilicet
991 2524 1172 2576 injUsto-

148 2607 243 2635 rum
263 2594 554 2648 reprobatione
571 2595 624 2647 (v.
643 2594 695 2646 3):
712 2594 964 2647 Mulciqena,
987 2597 1063 2635 etc.
1081 2594 1175 2636 Sta-

144 2668 237 2706 tum
250 2667 468 2719 Justorum
495 2665 634 2717 primo
657 2665 923 2706 commendat
943 2678 967 2705 a
989 2665 1138 2707 decore
1160 2681 1170 2716 ;

143 2736 342 2787 secundo,
355 2736 408 2776 ab
428 2735 745 2777 immortalitate
763 2736 817 2788 (v.
835 2735 890 2788 &³):
912 2736 1173 2779 Immortalis

145 2809 228 2857 est,
251 2809 347 2857 etc.;
364 2806 507 2857 tertio,
528 2807 580 2847 ab
601 2806 878 2847 aedificatione
902 2820 911 2846 ι
937 2807 1040 2848 Cum
1056 2818 1172 2860 prce-

142 2887 260 2929 sens,
281 2880 376 2927 etc.;
411 2878 587 2930 quarto,
609 2888 634 2916 a
652 2876 991 2918 remuneratione
1013 2891 1020 2917 :
1047 2878 1103 2920 Et
1123 2879 1171 2920 in

140 2953 408 3001 perpetuum,
432 2950 508 2988 etc.

198 3018 230 3060 Ο
248 3029 378 3071 quam
401 3018 605 3071 pulchra,
629 3020 724 3059 etc.:
747 3018 868 3071 quasi
892 3019 1002 3059 dicat
1024 3033 1033 3060 ε
1058 3019 1171 3061 Bene

143 3089 230 3129 dixi
250 3120 261 3140 ,
293 3089 406 3142 quod
437 3090 629 3130 nationes
660 3089 894 3142 impiorum
927 3093 1026 3131 sunt
1064 3091 1169 3133 dirae

144 3159 517 3200 consummationis
538 3173 547 3201 :
569 3160 641 3201 sed
655 3172 678 3200 o
702 3172 831 3212 quam
850 3160 1028 3213 pulchra
1041 3193 1050 3211 ,
1071 3164 1166 3202 ete.!

186 3263 295 3295 ¹Psal.
316 3272 404 3304 xvir,
426 3266 531 3296 16.—
552 3266 562 3283 ²
583 3265 716 3303 Mami„
737 3273 818 3307 xxv,
839 3268 890 3297 41.
907 3283 948 3288 —
969 3266 982 3287 3
1002 3266 1122 3305 Eoi-li„
1144 3275 1170 3306 1,

145 3312 218 3342 9.—
236 3310 250 3332 '0
262 3311 323 3342 Hie
341 3311 470 3352 primus
490 3311 676 3343 versiculus
695 3321 766 3344 non
786 3315 836 3344 est
849 3312 887 3344 in
904 3312 1021 3344 codice
1043 3322 1168 3354 graeco,

147 3357 204 3388 sed
228 3359 379 3398 sumptus
399 3360 449 3390 est
467 3368 511 3389 cx
529 3359 652 3397 Eccle.,
674 3367 721 3399 ix,
741 3359 777 3390 in
796 3360 876 3391 fine.
895 3376 936 3383 —
955 3361 968 3381 ⁵
990 3360 1100 3400 Cant„
1123 3367 1170 3399 lv,

145 3403 176 3432 7.
192 3419 227 3424 -
248 3403 261 3424 θ
280 3403 369 3441 Luc„
387 3413 451 3445 ΧΠ,
472 3406 521 3437 35.
540 3421 581 3428 —-
601 3406 610 3424 ⁷
628 3407 743 3446 Pron„
763 3414 796 3446 x,
817 3407 848 3437 7.
866 3423 906 3430 —
926 3407 938 3428 ὅ
956 3407 984 3437 ΙΙ
1008 3407 1105 3441 Tim„
1129 3413 1171 3452 ΙΙ,

147 3451 195 3481 19.
212 3466 250 3473 -
270 3450 414 3491 ⁹Eccli.‚
432 3459 523 3491 xmv,
541 3454 590 3484 15.
605 3469 645 3475 —
667 3453 690 3475 ¹⁰
703 3453 842 3494 Philip„
859 3461 912 3494 111,
931 3456 979 3486 17.
1000 3471 1038 3478 -
1057 3455 1076 3473 ¹¹
1096 3451 1173 3491 Job,

1256 267 1501 309 admirando
1522 267 1602 309 hoc
1621 269 1720 309 dicit
1742 283 1751 310 :
1775 269 1956 312 Pulchra
1972 300 1982 320 ,
2001 273 2211 323 quantum
2230 274 2282 314 ad

1257 351 1383 392 opera
1411 353 1421 388 3
1461 342 1579 381 casia
1604 371 1618 390 ,
1657 342 1866 392 quantum
1909 341 1961 381 ad
1999 340 2282 383 innocentiam

1256 409 1434 458 mentis3
1466 420 1560 450 cum
1591 410 1810 461 claritate,
1841 414 2049 463 quantum
2074 411 2126 452 ad
2146 411 2283 452 virtu-

1256 482 1348 520 tum
1377 480 1575 530 nitorem,
1601 481 1835 522 secundum
1855 481 2043 522 Glossam
2063 483 2076 503 ⁵
2100 496 2109 522 :
2139 496 2158 520 α
2179 481 2282 522 Tota

1255 549 1433 602 pulchra
1452 562 1495 590 es
1513 550 1649 591 amica
1667 563 1761 591 mea
1775 583 1787 602 ,
1809 566 1829 589 ›>
1851 554 1928 592 etc.
1947 551 2053 592 Item
2072 552 2085 574 ⁶
2110 566 2118 591 :
2147 566 2167 590 ε(
2191 551 2283 592 Sint

1254 619 1389 659 lumbi
1409 620 1539 659 vestri
1558 621 1800 673 praecincti,
1823 636 1841 659 n
1870 634 1945 674 per
1970 621 2279 673 innocentiam,

1261 706 1279 729 (ι
1291 695 1330 731 et
1338 690 1522 731 lucernae
1532 691 1762 742 ardentes,›)
1776 704 1851 745 per
1862 692 2066 732 virtutum
2078 691 2280 732 nitorem:

1261 777 1280 799 (‹
1299 764 1338 802 et
1348 773 1424 803 vos
1436 761 1593 802 similes
1604 761 1851 803 hominibus
1864 762 2203 815 exspectantibus
2215 763 2284 803 do-

1255 833 1421 872 minum
1444 844 1594 882 suum,
1620 847 1639 868 »
1657 844 1731 884 per
1749 832 1962 873 bonorum
1981 845 2158 885 operum
2172 833 2283 873 solli-

1255 903 1499 943 citudinem.
1522 902 1572 942 Et
1600 903 1708 942 bene
1728 902 1840 953 dixi,
1865 903 1978 955 quod
1997 903 2172 956 pulchra
2191 907 2281 954 est,

1255 973 1412 1013 scilicet
1434 972 1750 1025 pulchritudine
1769 973 1977 1026 spirituali
1997 988 2004 1013 ;
2024 974 2283 1017 Immortalis

1255 1045 1369 1085 enim
1396 1048 1456 1086 esc
1476 1044 1679 1085 memoria
1698 1043 1844 1093 illius,
1867 1055 1942 1096 per
1961 1043 2126 1084 felicem
2143 1055 2282 1084 recor-

1254 1115 1481 1156 dationem.
1500 1115 1513 1136 ⁷
1533 1113 1771 1157 «Memoria
1786 1115 1890 1167 justi
1910 1127 2009 1155 cum
2029 1115 2241 1156 laudibus.
2259 1130 2278 1152 »

1257 1186 1469 1237 Quoniam
1490 1185 1607 1238 apud
1633 1187 1766 1227 Deum
1796 1189 1897 1227 noca
1927 1188 2008 1235 est,
2029 1197 2104 1237 per
2130 1197 2282 1238 appro-

1253 1257 1469 1297 bationem
1480 1256 1493 1277 ⁸
1509 1271 1518 1297 ε
1542 1256 1698 1298 «Novit
1715 1256 1777 1309 (d)
1794 1256 1917 1307 Deus,
1931 1256 2004 1309 qui
2020 1260 2119 1297 sunt
2133 1258 2167 1309 ej
2176 1269 2245 1308 us;
2261 1271 2282 1295 n

1254 1331 1292 1368 et
1311 1326 1427 1378 apud
1448 1327 1659 1376 homines,
1682 1327 1838 1367 scilicet
1870 1326 2031 1366 ratione
2057 1329 2222 1367 utentes
2243 1330 2284 1368 et

1257 1397 1485 1450 sapientes,
1507 1408 1582 1449 per
1602 1397 1772 1437 laudem
1784 1428 1797 1447 ,
1820 1409 1896 1437 seu
1910 1396 2046 1436 laudis
2067 1396 2285 1437 continua·

1257 1468 1429 1507 tionem.
1446 1470 1459 1491 ⁹
1485 1481 1504 1505 (ι
1525 1466 1797 1519 Sapientiam,
1813 1482 1831 1504 ›)
1852 1466 2006 1507 scilicet
2020 1469 2281 1519 sanctorum,

1258 1554 1277 1577 α
1297 1538 1488 1591 ipsorum
1509 1541 1688 1578 narrent
1706 1538 1866 1591 populi,
1889 1540 1929 1578 et
1947 1537 2117 1578 laudem
2133 1549 2284 1579 eorum

1252 1609 1419 1650 nuntiet
1432 1608 1653 1650 Ecclesia.»
1673 1608 1723 1649 Et
1741 1609 1849 1649 bene
1866 1608 1971 1659 dixi,
1987 1609 2100 1661 quod
2112 1608 2283 1650 immor-

1250 1679 1344 1720 talis
1365 1682 1446 1730 est,
1470 1682 1547 1720 etc.
1569 1693 1577 1720 :
1600 1679 1655 1732 (v.
1675 1679 1712 1731 2)
1746 1679 1848 1721 Cum
1864 1679 1976 1720 enim
1992 1689 2180 1731 praesens
2199 1684 2277 1730 esc,

1252 1751 1405 1791 scilicet
1433 1750 1478 1790 in
1517 1750 1604 1791 vita
1633 1750 1851 1802 praesenti,
1880 1750 2000 1792 illam
2028 1751 2281 1802 imitantur,

1252 1821 1374 1873 quasi
1393 1820 1612 1873 exemplar
1631 1820 1971 1873 pulcherrimum
1991 1819 2019 1845 ¹⁰
2042 1831 2079 1860 τι(
2099 1819 2283 1861 Imitato-

1252 1903 1318 1931 res
1341 1891 1423 1931 mei
1445 1894 1573 1931 estote
1591 1903 1600 1940 3
1620 1905 1639 1928 ›)
1665 1891 1722 1932 Et
1741 1889 1986 1932 desiderant
2004 1900 2109 1940 eam,
2126 1890 2281 1931 scilicet

1246 1963 1464 2014 ¹iustorum
1483 1960 1708 2013 pulchram
1724 1963 1765 2001 et
1783 1963 1940 2002 castam
1962 1960 2281 2012 generationem

1251 2032 1410 2083 videre,
1427 2031 1580 2072 scilicet
1594 2031 1647 2071 ad
1665 2031 1936 2081 imitandum,
1951 2041 2047 2072 cum
2060 2041 2102 2072 se
2123 2030 2280 2073 eduxe-

1251 2104 1312 2145 rit
1332 2103 1384 2143 de
1406 2102 1493 2143 vita
1512 2102 1591 2142 ista
1611 2113 1686 2154 per
1704 2100 1931 2142 mortem.¹¹
1952 2116 1970 2140 α
1987 2100 2278 2152 Transierunt,

1251 2174 1372 2227 qnasi
1393 2185 1523 2213 naves
1543 2184 1670 2225 poma
1698 2175 1935 2225 portantes,
1960 2186 1979 2209 n
2004 2184 2101 2225 quaa
2127 2173 2282 2214 scilicet

1251 2248 1345 2298 post
1367 2256 1495 2285 suum
1513 2243 1742 2284 transitum
1764 2243 2014 2296 relinquunt
2029 2243 2202 2284 odorem
2221 2245 2248 2266 ¹²
2268 2259 2277 2286 z

1257 2330 1275 2354 (ι
1295 2315 1524 2356 Curremus
1551 2314 1597 2353 in
1628 2314 1801 2355 odorem
1826 2315 2150 2365 unguentorum
2180 2316 2277 2355 tuo-

1250 2398 1362 2427 rum.
1388 2401 1407 2423 »
1436 2383 1702 2434 Notandum,
1724 2384 1837 2437 quod
1853 2385 1992 2437 ²justos
2014 2384 2153 2425 educit
2171 2384 2280 2426 Deus

1250 2457 1301 2496 de
1318 2456 1405 2497 vita
1435 2455 1634 2508 praesenti
1659 2455 1848 2496 effective
1868 2486 1880 2505 ,
1912 2455 2144 2496 secundum
2173 2455 2280 2496 illud

1252 2525 1407 2566 Psalmi
1426 2525 1454 2547 ¹³
1481 2539 1520 2565 2«
1539 2524 1656 2565 Educ
1680 2525 1732 2565 de
1759 2525 1966 2575 custodia,
1992 2538 2012 2563 ›)
2033 2523 2103 2564 vel
2122 2524 2173 2565 de
2191 2536 2279 2565 car-

1250 2608 1369 2646 cere,
1398 2611 1417 2635 a
1437 2596 1625 2637 animam
1659 2607 1823 2645 meam;
1848 2609 1867 2633 n
1895 2595 1976 2647 ipsi
2006 2597 2147 2635 autem
2174 2594 2277 2635 edu-

1250 2669 1350 2707 cunt
1380 2667 1538 2719 seipsos
1567 2665 1890 2717 consentiendo,
1921 2665 1991 2706 vel
2012 2665 2105 2706 haec
2125 2664 2279 2705 deside-

1248 2737 1394 2788 rando,
1429 2740 1468 2777 et
1497 2737 1698 2789 petendo,
1731 2736 1776 2776 in
1808 2736 1975 2777 Psalmo
1998 2736 2024 2757 Γ*
2049 2747 2059 2776 :
2088 2750 2107 2773 (ι
2136 2734 2276 2776 Sitivit

1249 2808 1392 2848 anima
1412 2820 1506 2848 mea
1527 2808 1579 2848 ad
1598 2807 1730 2848 Deum
1749 2807 1907 2847 fontem
1927 2806 2092 2855 vivum,
2108 2805 2278 2859 quando

1247 2878 1440 2928 veniam,
1462 2880 1503 2918 et
1525 2877 1736 2931 apparebo
1768 2879 1865 2918 ante
1894 2877 2045 2917 faeiem
2070 2877 2157 2918 Dei.
2177 2891 2197 2914 ))
2221 2877 2279 2919 Ec

1247 2949 1296 2990 in
1314 2951 1564 3001 perpetuum
1583 2951 1785 2998 coronata
1799 2979 1810 2998 ,
1832 2947 1987 2987 scilicet
2003 2958 2158 2987 corona
2177 2946 2277 2987 vitae

1246 3022 1464 3072 perpetuae
1491 3020 1519 3045 ²5
1546 3033 1554 3060 :
1583 3034 1602 3057 «
1625 3018 1723 3060 Esto
1758 3017 1890 3058 fidelis
1919 3030 2052 3071 usque
2079 3017 2132 3058 ad
2158 3028 2273 3057 mor-

1246 3093 1347 3141 tem,
1363 3093 1402 3130 et
1415 3090 1522 3130 dabo
1533 3089 1608 3130 tibi
1625 3100 1824 3130 coronam
1838 3088 1953 3130 vitae.
1969 3102 1987 3126 n
2007 3087 2273 3140 Triumphat,

1248 3159 1551 3213 triumphando
1571 3159 1767 3212 acquirit,
1787 3160 2014 3212 praemium
2032 3158 2274 3210 incoinqui-

1247 3261 1296 3294 Ix,
1317 3255 1368 3286 26.
1384 3270 1423 3277 —
1447 3254 1469 3272 ¹²
1489 3254 1602 3293 Cant„
1622 3261 1647 3292 1,
1666 3254 1751 3285 3.—
1770 3252 1795 3275 ¹³
1811 3252 1902 3285 Psal.
1923 3260 2014 3293 CXLI,
2035 3253 2066 3284 8.
2082 3269 2123 3275 —-
2139 3252 2161 3273 ¹⁴
2181 3250 2271 3282 Psal.

1246 3308 1320 3338 xm,
1339 3303 1369 3332 3.
1385 3319 1425 3325 —
1447 3301 1471 3323 ¹5
1484 3302 1596 3341 Apoc„
1619 3309 1657 3340 11,
1681 3302 1731 3332 10.

1291 3360 1332 3400 (a)
1351 3361 1451 3401 Vulg.
1471 3360 1628 3392 Nationz‘s
1642 3361 1729 3391 enim
1748 3360 1870 3402 iniquae
1885 3360 1968 3390 dirce
1983 3360 2060 3390 sunt
2075 3365 2273 3389 consumma-

1249 3409 1361 3439 tiones.
1378 3425 1418 3431 —
1437 3407 1481 3448 (b)
1497 3408 1578 3440 Caet.
1601 3407 1680 3440 edit.
1703 3407 1797 3439 deest
1817 3408 1842 3440 Ο
1862 3417 1973 3448 quam,
1991 3409 2055 3438 etc.
2073 3422 2108 3428 ——
2127 3404 2167 3445 (c)
2190 3403 2270 3437 Coet.

1247 3455 1327 3488 edit.
1348 3457 1398 3488 est
1417 3458 1533 3488 status.
1548 3472 1588 3479 —
1608 3454 1657 3495 (d)
1683 3455 1782 3495 Vuly.
1804 3453 1982 3495 Cognovit.
