2634 3853
930 159 1202 203 EXPOSITIO
1234 159 1286 200 IN
1317 159 1430 200 CAP.
1462 158 1570 200 VIII.

189 261 234 299 in
252 258 389 300 debito
408 257 520 296 statu
545 256 690 295 contra
716 251 1090 306 inquietationem,
1112 248 1212 301 quia

189 339 409 381 nunquam
458 326 719 378 quiescebat,
774 322 977 377 quamdiu
1021 318 1212 360 diabolus

188 410 288 440 eum
313 396 550 449 possidebat
571 400 582 421 ¹
608 409 616 435 :
641 410 660 433 «
685 394 808 447 Impii
835 393 956 446 quasi
984 401 1101 432 mare
1129 390 1210 429 ser-

188 479 306 518 vens,
329 467 445 520 quod
468 466 681 519 quiescere
699 477 787 505 non
804 465 951 517 potest.
973 476 992 500 ›)
1018 461 1050 502 E
1069 463 1213 501 contra

187 537 238 577 de
257 549 321 586 eo,
343 537 388 582 in
408 548 492 589 quo
512 536 672 576 habitat
697 534 876 587 Spiritus
895 531 1087 581 Domini,
1110 531 1210 571 dici-

185 610 256 648 tur
273 607 288 629 2
307 622 316 649 ε
336 622 356 646 (ι
377 607 542 648 Sedebit
561 606 791 656 solitariUS,
808 607 849 645 et
869 603 1067 644 tacebit.»
1091 601 1209 652 Quia,

187 678 420 718 secundum
438 677 542 718 illud
562 677 575 698 ³
592 690 601 717 ε
630 691 649 715 ε(
667 676 816 716 Factus
838 676 899 714 est
916 673 961 713 in
980 684 1081 724 pace
1096 672 1213 712 Iocus

187 749 294 800 ejus,
316 749 357 787 et
374 746 575 786 habItatio
596 747 687 798 eJus
708 745 753 784 in
773 743 889 784 Sion.
911 756 930 780 1)
954 741 1214 782 Invenerunt

187 819 317 860 etiam
335 830 436 858 eum
454 818 499 858 in
518 817 656 858 debito
675 816 824 857 habitu
844 817 990 856 contra
1015 814 1210 854 nudatio—

187 901 286 930 nem
312 902 322 929 :
344 890 514 941 propter
533 887 646 940 quod
672 886 785 927 addit
816 900 826 926 2
860 886 1081 927 Vestitum.
1104 883 1213 924 Talis

187 959 302 1001 enim
327 959 500 999 habitus
520 959 635 999 decet
659 957 878 998 hominem
901 959 988 997 tam
1011 967 1213 1008 corpora-

186 1031 296 1080 liter,
318 1041 449 1082 quam
469 1028 740 1082 spiritualiter
759 1028 772 1048 ⁶
793 1042 802 1068 ε
837 1042 856 1066 α
882 1027 1035 1068 Beatus
1055 1027 1127 1079 qui
1147 1027 1214 1067 vi-

187 1100 293 1153 gilat
317 1102 358 1140 et
386 1099 567 1140 custodit
591 1099 841 1139 vestimenta
861 1109 962 1148 sua,
993 1109 1046 1138 ne
1072 1096 1214 1137 nudus

187 1170 400 1220 ambulet,
431 1182 451 1207 ›>
485 1171 562 1209 etc.
597 1168 856 1210 Invenerunt
880 1168 1005 1209 etiam
1038 1179 1138 1208 eum
1170 1167 1214 1206 in

188 1240 326 1281 debito
345 1251 472 1280 sensu
490 1240 634 1292 contra
652 1238 876 1279 insaniam.
902 1238 1019 1279 Unde
1040 1237 1182 1278 subdit
1201 1252 1210 1277 :

187 1311 248 1352 Ac
275 1320 385 1351 sana
412 1312 563 1351 mente.
591 1307 709 1349 Unde
744 1310 905 1360 poterat
938 1308 1077 1348 dicere
1110 1307 1215 1347 illud

187 1378 570 1421 Nabuchodonosor
584 1377 597 1399 ⁵
618 1390 627 1417 :
654 1391 673 1415 «
687 1377 734 1417 In
754 1377 843 1429 ipso
860 1379 1050 1429 tempore
1066 1388 1214 1417 sensus

187 1459 312 1490 meus
331 1458 530 1489 reversus
548 1448 610 1487 est
630 1446 684 1487 ad
711 1458 794 1486 me.
824 1460 843 1484 ›>
881 1446 1015 1495 Quem
1042 1458 1214 1486 sensum

187 1519 323 1559 aufert
348 1516 539 1558 diabolus
571 1516 624 1556 ab
659 1516 720 1556 eis
754 1527 860 1569 quos
889 1516 1084 1568 possidet,
1105 1515 1212 1556 infa-

188 1588 344 1629 tuando
364 1599 513 1628 eorum
531 1588 694 1627 mentes
713 1586 726 1608 ⁶
743 1599 752 1627 ε
774 1585 822 1626 16
837 1585 990 1638 quibus
1009 1586 1120 1627 Deus
1138 1586 1215 1627 hu-

184 1661 258 1711 jus
295 1657 440 1698 saeculi
462 1655 690 1698 excaecavit
716 1658 879 1696 mentes
910 1656 1162 1697 infidelium.
1189 1670 1208 1693 ι)

190 1730 449 1771 Invenerunt
467 1727 594 1768 etiam
613 1739 711 1768 6616
732 1727 777 1767 16
801 1727 939 1767 debito
967 1727 1050 1767 situ
1070 1730 1215 1768 contra

188 1799 572 1847 deordInationem3
605 1799 775 1850 propter
812 1797 925 1849 quod
961 1796 1074 1837 addit
1099 1809 1110 1836 ε
1146 1797 1216 1839 Ad

187 1870 311 1923 pedes
332 1869 439 1921 ejus,
467 1871 670 1921 tanquam
689 1867 899 1908 intentum
927 1866 1215 1919 praedicationi

189 1943 297 1994 erS,
336 1940 568 1981 secundum
595 1939 699 1979 illud
718 1939 731 1960 '¹
772 1953 781 1979 :
823 1953 842 1977 ((
875 1938 953 1986 061
987 1938 1212 1990 appropin-

189 2014 322 2064 quant
344 2011 522 2063 pedibus
556 2011 662 2062 eJus,
698 2008 900 2061 accipient
936 2008 987 2048 de
1025 2007 1215 2048 doctrina

189 2081 318 2122 111165.
340 2095 359 2119 1)
385 2080 436 2121 Ε1
454 2080 589 2120 infra⁸
611 2093 620 2119 :
647 2094 666 2117 «
687 2078 818 2119 Maria
839 2078 987 2118 sedens
1005 2089 1124 2118 secus
1141 2090 1213 2130 pe-

189 2152 261 2193 des
294 2150 481 2199 Domini,
515 2149 712 2190 audiebat
742 2148 922 2189 verbum
947 2147 1076 2188 illius.
1105 2161 1124 2185 1)
1165 2147 1215 2188 Ε1

187 2234 263 2276 per
282 2222 375 2263 haec
404 2220 557 2261 indicia
587 2219 806 2260 manifeste
829 2221 1125 2271 cognoverunt
1148 2219 1214 2271 ip-

188 2304 284 2334 sum
300 2292 525 2333 liberatum
551 2302 605 2331 ex
620 2290 792 2343 proprio
811 2290 924 2331 visu.
945 2289 1118 2330 Modum
1136 2302 1214 2330 au-

188 2366 274 2404 tem
300 2365 341 2404 et
361 2360 588 2402 curationis
615 2372 785 2401 causam
815 2363 1113 2412 cognoverunt
1140 2373 1215 2413 per

189 2433 398 2480 auditum,
418 2431 493 2483 qui
518 2430 742 2471 audierunt
771 2431 864 2471 haec
888 2431 994 2471 facta
1023 2442 1111 2471 esse
1141 2443 1216 2483 per

190 2502 416 2543 ChriStum.
434 2500 607 2553 Propter
621 2500 734 2552 quod
754 2500 972 2541 subditur:
993 2500 1035 2542 E
1038 2504 1053 2542 c
1070 2501 1216 2543 timue-

190 2575 305 2624 runt,
328 2571 482 2612 scilicet
499 2569 726 2619 Christum,
751 2570 1009 2610 attendentes
1029 2571 1121 2622 eJus
1141 2570 1216 2610 mi-

189 2654 281 2683 ram
313 2640 544 2695 potentiam
571 2641 612 2680 et
640 2639 953 2690 fortitudinem,
985 2640 1216 2680 secundum

187 2714 291 2754 illud
310 2713 324 2735 ⁹
347 2727 356 2754 ε
394 2712 534 2761 ((0615
561 2722 647 2752 606
669 2710 832 2752 timebit
862 2713 917 2762 te,
951 2723 975 2751 o
1008 2723 1085 2752 rex
1108 2723 1216 2762 gen-

188 2785 320 2826 tium?
340 2783 481 2825 Tuum
511 2785 574 2823 est
603 2782 717 2823 enim
747 2782 873 2823 decus
908 2782 1018 2822 inter
1046 2783 1216 2822 cunctos

189 2855 398 2907 sapientes
420 2852 632 2905 gentium,
648 2866 666 2889 1)
687 2853 765 2892 616.
782 2852 845 2892 Ad
859 2852 939 2892 hoc
958 2852 1120 2892 inducit
1132 2863 1217 2892 cer-

188 2927 282 2965 tum
299 2923 603 2972 testimonium,
623 2922 716 2963 ideo
734 2922 878 2962 subdit
901 2922 954 2974 (v.
980 2922 1041 2974 36)
1067 2937 1075 2962 :
1099 2923 1217 2964 Nun-

191 2994 406 3037 naverunt
425 2996 565 3036 autem
584 2992 674 3035 illis
697 2995 735 3034 et
762 2993 837 3045 qui
856 2992 1072 3043 viderant,
1105 2992 1216 3032 scili-

190 3065 254 3103 cet
270 3065 472 3115 pastoreS,
493 3063 596 3115 quia
622 3062 726 3103 tales
754 3062 905 3103 debent
925 3062 1134 3103 testificari
1154 3064 1182 3088 1⁰
1204 3077 1213 3103 ι

198 3147 218 3171 (‹
245 3131 298 3172 Et
325 3132 398 3184 qui
436 3131 564 3183 vidit,
606 3132 896 3173 testimonium
936 3132 1162 3185 perhibuit.
1192 3146 1211 3170 1)

195 3201 409 3254 Quomodo
437 3211 568 3244 sanus
614 3203 751 3254 factus
780 3204 933 3254 fuisset
970 3215 997 3245 a
1027 3204 1212 3256 leqz'one,

235 3285 242 3302 ¹
263 3285 343 3321 Isa„
361 3289 445 3322 Lvn,
463 3284 513 3313 20.
532 3300 567 3305 -
588 3285 602 3305 2
623 3284 753 3323 Thren„
776 3293 829 3325 111,
849 3287 900 3317 28.
916 3302 958 3308 —
973 3286 984 3303 ³
1004 3284 1090 3317 Psal.
1113 3292 1215 3324 Lxxv,

192 3332 223 3362 3.
244 3347 285 3354 -—-
303 3329 316 3350 ⁸
331 3330 443 3369 Apoc„
461 3337 538 3369 XVI,
560 3333 611 3361 15.
633 3348 668 3352 —
690 3331 703 3352 ⁵
724 3332 822 3370 Dan„
844 3340 890 3372 lv,
911 3334 963 3363 33.
983 3348 1024 3355 ·—
1044 3332 1055 3350 ⁰
1078 3333 1102 3363 II
1125 3332 1214 3369 Corn,

194 3384 240 3415 ιν,
272 3378 302 3407 4.
334 3393 375 3399 -
403 3376 412 3394 '
443 3376 553 3416 Dent„
584 3384 715 3417 xxxin,
743 3380 772 3410 3.
802 3395 841 3402 —
875 3380 886 3396 ⁸
916 3379 993 3419 1nf.,
1027 3387 1068 3419 x,
1097 3379 1147 3410 39.
1178 3395 1218 3401 -

194 3426 205 3444 ⁹
225 3425 359 3462 Jerem„
376 3431 410 3463 X,
428 3424 458 3455 Ἰ.
476 3439 518 3446 --
539 3424 567 3446 ¹⁰
584 3424 693 3464 Joan„
711 3432 784 3466 mx,
804 3426 854 3458 35.
877 3443 915 3450 —-
935 3426 959 3447 ¹²
977 3427 987 3458 I
1008 3427 1115 3465 Joan„
1137 3433 1161 3465 1,
1184 3428 1212 3459 1.

2232 162 2307 197 437

1285 259 1361 299 per
1381 246 1533 288 Christi
1553 246 1798 298 imperium.
1820 245 1871 285 Et
1890 245 1962 284 tali
1987 244 2225 284 testimonio
2250 249 2312 286 est

1286 318 1543 358 credendum
1560 317 1585 338 ¹¹
1610 330 1619 356 ε
1641 315 1792 365 «Quod
1806 314 2062 364 audivimus,
2081 314 2192 366 quod
2209 315 2312 355 vidi-

1286 400 1383 428 mus
1397 387 1528 428 066115
1542 386 1709 436 nostris,
1729 385 1844 437 quod
1856 384 2166 437 perspeximus,
2179 398 2198 421 ›)
2215 387 2291 424 etc.
2300 399 2309 433 ;

1287 459 1475 511 sequitur
1499 474 1507 498 z
1538 456 1809 504 «Testamur,
1843 457 1883 496 et
1908 454 2213 495 annuntiamus
2233 465 2313 493 voa

1285 528 1348 568 bis
1370 542 1379 568 :
1401 543 1420 566 n
1452 527 1682 569 Psalmista
1704 527 1733 550 ²²
1756 541 1795 566 z«
1815 525 2040 566 Narrantes
2064 524 2210 564 laudes
2239 523 2315 564 Do-

1286 598 1408 647 mini,
1428 599 1469 637 et
1488 597 1665 637 virtutes
1678 598 1785 648 6165,
1808 599 1848 636 et
1868 594 2074 635 mirabilia
2089 596 2195 646 ejus,
2219 604 2315 645 quae

1286 668 1381 709 fecit
1403 681 1412 707 :
1433 681 1452 704 ›)
1472 666 1571 718 quia
1585 666 1736 706 dicitur
1754 666 1781 687 ¹³
1799 678 1838 706 z«
1852 665 1943 706 Non
1959 664 2073 705 enim
2086 674 2315 716 possumus

1287 748 1384 790 quae
1403 736 1590 777 vidimus
1610 737 1651 775 et
1671 735 1914 775 audivimus
1932 746 2017 774 non
2037 734 2169 785 loqui.
2191 747 2211 770 »

1342 806 1498 856 Quarto
1516 817 1642 855 vero,
1678 807 1886 858 quantum
1918 805 1970 844 ad
1999 803 2317 844 venerationem

1288 877 1476 918 veritatis
1494 877 1701 926 inventae,
1725 875 1919 915 subditur
1942 877 2014 925 (v.
2038 875 2109 924 37)
2138 888 2147 913 ε
2171 876 2229 915 Et
2247 884 2316 916 ro-

1286 950 1495 1000 gaverunt
1510 947 1630 989 illum
1647 946 1785 988 omnis
1796 944 2026 987 multitudo
2040 945 2227 996 remonis
2242 944 2318 986 Ge—

1287 1027 1547 1066 rasenorum,
1570 1019 1648 1057 etc.
1664 1015 1893 1068 Postquam
1916 1016 2208 1065 cognoverunt
2227 1026 2318 1053 ma-

1282 1088 1445 1140 jestatis
1465 1086 1716 1139 imperium,
1739 1085 2043 1134 formidabant3
2065 1084 2178 1124 unde
2195 1096 2318 1135 roga-

1287 1160 1444 1200 verunt
1472 1169 1592 1207 eum,
1622 1161 1670 1199 ut
1698 1155 1936 1198 discederet
1960 1155 2011 1196 ab
2044 1156 2168 1207 ipsis.
2198 1154 2318 1204 Quod

1288 1228 1460 1281 quidem
1489 1240 1576 1268 non
1595 1227 1788 1268 dicebant
1808 1227 2053 1279 contemptu
2077 1225 2287 1277 superbiae
2305 1256 2316 1274 ,

1288 1299 1396 1339 sicut
1430 1298 1490 1337 illi
1519 1298 1570 1338 de
1597 1298 1753 1350 quibus
1786 1297 1859 1339 Job
1879 1297 1905 1319 Γ*
1934 1311 1943 1337 :
1972 1295 2089 1345 «Qui
2120 1295 2319 1336 dixerunt

1287 1368 1371 1408 Deo
1396 1382 1405 1408 :
1429 1368 1587 1408 Recede
1617 1380 1642 1407 a
1662 1368 1784 1408 nobis
1803 1399 1816 1417 ,
1848 1369 1889 1408 et
1912 1366 2128 1407 scientiam
2148 1365 2317 1407 viarum

1289 1441 1463 1478 tuarum
1485 1438 1689 1478 nolumus
1712 1452 1721 1476 :
1744 1451 1762 1475 ›)
1789 1437 1862 1477 sed
1882 1449 1935 1477 ex
1955 1436 2106 1476 timore
2125 1447 2316 1477 reveren-

1287 1507 1372 1548 tiae.
1396 1507 1494 1548 Ideo
1514 1507 1708 1548 subditur
1734 1521 1743 1548 :
1772 1507 1881 1554 Quia
1898 1516 2050 1559 maqno
2081 1506 2229 1548 timore
2259 1508 2316 1547 te-

1286 1578 1513 1628 nebantur,
1537 1577 1646 1618 sicut
1663 1576 1812 1617 Petrus
1831 1588 1960 1629 supra
1980 1578 2007 1603 ¹⁵
2021 1590 2037 1618 .·
2050 1590 2070 1615 α
2092 1575 2170 1616 Exi
2188 1588 2213 1616 a
2232 1587 2316 1625 me,

1287 1648 1491 1699 Domine,
1511 1648 1613 1701 quia
1638 1648 1767 1688 homo
1792 1650 1983 1700 peccator
2011 1659 2121 1688 sum.
2148 1660 2167 1684 ›>
2191 1646 2316 1687 Etsi-

1288 1720 1360 1760 cut
1379 1718 1577 1760 Centurio
1609 1730 1738 1771 supra
1764 1718 1795 1740 ¹⁶
1819 1730 1833 1758 :
1851 1733 1869 1756 (ι
1888 1717 2087 1767 Domine,
2107 1728 2194 1758 non
2221 1728 2319 1758 sum

1287 1789 1446 1841 dignus
1467 1791 1516 1829 ut
1534 1789 1613 1830 sub
1633 1791 1792 1830 tectum
1811 1800 1957 1829 meum
1974 1788 2119 1828 intres.
2141 1801 2160 1825 »
2186 1787 2315 1839 Quia,

1288 1859 1522 1900 secundum
1543 1859 1646 1900 illud
1667 1861 1695 1885 ¹⁷
1719 1871 1759 1900 t«
1779 1860 1950 1900 Pondus
1971 1870 2096 1912 super
2116 1870 2160 1899 se
2177 1858 2316 1908 tollet,

1288 1930 1361 1983 qui
1387 1930 1617 1970 honestiori
1644 1942 1688 1971 se
1709 1930 2007 1971 communicat.
2033 1944 2051 1968 1)
2078 1929 2194 1970 Unde
2214 1929 2318 1969 Am-

1286 2000 1452 2041 brosius
1472 2000 1501 2025 ¹⁸
1534 2011 1544 2039 z
1572 2014 1592 2038 (ι
1625 2000 1799 2040 Infirma
1837 2011 1958 2040 mens
1993 2012 2079 2040 non
2110 1999 2220 2051 capit
2247 1999 2320 2039 Dei

1288 2071 1493 2122 verbum,
1515 2082 1594 2111 nec
1628 2072 1764 2123 potest
1793 2070 1960 2123 pondus
1989 2069 2207 2122 sapientiae
2226 2080 2319 2110 sus·

1288 2142 1435 2182 tinere.
1454 2155 1473 2179 1)
1495 2141 1546 2182 Et
1565 2141 1769 2194 quoniam
1801 2141 1853 2182 ad
1884 2141 2073 2182 divinam
2105 2140 2318 2181 cohabita-

1286 2213 1448 2253 tionem
1480 2213 1624 2254 minus
1654 2214 1773 2253 erant
1801 2211 1969 2261 idonei,
1993 2211 2086 2252 ideo
2106 2213 2226 2252 erant
2246 2222 2320 2251 ex-

1289 2283 1438 2323 auditi.
1472 2282 1647 2336 Propter
1677 2282 1791 2335 quod
1825 2281 1991 2322 additur
2020 2295 2030 2322 ε
2061 2282 2154 2334 Ipse
2185 2284 2321 2323 autem

1289 2351 1518 2394 ascendens
1558 2354 1706 2394 navim
1728 2384 1742 2403 ,
1785 2362 1976 2394 reversus
2023 2354 2098 2394 est.
2146 2350 2321 2392 Nolebat

1287 2423 1491 2464 Dominus
1517 2423 1729 2475 aliquibus
1759 2433 1849 2463 esse
1888 2432 2104 2463 onerosus.
2135 2419 2252 2461 Unde
2274 2420 2319 2460 16

1288 2493 1483 2536 Matthceo
1509 2493 1559 2545 (a)
1583 2493 1681 2533 dicit
1701 2493 1728 2515 ¹⁹
1752 2506 1792 2533 ιε(
1813 2492 2078 2544 Quicumque
2096 2503 2184 2532 non
2202 2502 2315 2532 rece-

1288 2565 1397 2618 perit
1416 2576 1516 2615 VOS,
1537 2576 1676 2616 neque
1698 2563 1878 2604 audierit
1897 2573 2113 2603 sermones
2135 2564 2314 2613 vestros,

1290 2638 1492 2677 exeuntes
1506 2636 1619 2676 foras
1636 2635 1687 2675 de
1700 2635 1826 2675 domo
1840 2633 1910 2676 vel
1926 2632 2116 2683 civitate,
2134 2633 2317 2673 excutite

1290 2708 1512 2760 pulverem
1528 2707 1578 2747 de
1591 2706 1769 2759 pedibus
1787 2704 1951 2746 vestris.
1972 2717 1991 2742 n
2014 2703 2066 2745 Et
2086 2703 2240 2749 iterum
2255 2705 2284 2729 ²⁰
2304 2719 2314 2745 t

1295 2794 1314 2818 α
1330 2778 1464 2819 Nolite
1485 2777 1585 2818 dare
1617 2778 1810 2817 sanctum
1841 2775 2036 2826 canibus,
2057 2786 2196 2827 neque
2217 2774 2315 2814 mit-

1289 2850 1386 2890 tatis
1405 2848 1657 2901 margaritas
1676 2850 1840 2890 vestras
1867 2849 1965 2888 ante
1995 2858 2158 2899 porcos.
2180 2861 2200 2884 »
2236 2845 2317 2887 Sed

1289 2919 1540 2973 prudentius
1559 2919 1626 2960 his
1651 2919 1841 2960 fecerunt
1860 2916 2116 2958 Samaritani
2138 2917 2189 2957 de
2216 2916 2316 2969 qui-

1289 2991 1369 3032 bus
1383 2991 1409 3012 2¹
1431 3002 1470 3031 z«
1490 2990 1596 3031 Cum
1612 2989 1823 3032 venissent
1838 2989 1891 3029 ad
1911 2988 2028 3028 illum
2045 2986 2314 3038 Samaritani,

1289 3062 1555 3112 rogaverunt
1574 3071 1674 3101 eum
1702 3061 1749 3100 ut
1775 3059 1834 3099 ibi
1864 3060 2067 3099 maneret.
2090 3057 2140 3098 Et
2162 3057 2317 3097 mansit

1289 3130 1349 3171 ibi
1377 3130 1484 3171 duos
1515 3130 1617 3171 dies.
1648 3143 1668 3168 1)
1695 3129 1777 3171 Sed
1808 3131 1955 3181 stupor
1985 3127 2316 3168 circumdederat

1291 3239 1332 3246 -
1351 3222 1376 3243 ²2
1395 3222 1482 3253 Psal.
1504 3229 1638 3261 Lxxvn,
1658 3222 1688 3251 4.
1711 3237 1745 3242 ——
1765 3221 1789 3241 1³
1808 3220 1893 3258 Act„
1915 3227 1961 3260 1ν,
1983 3221 2034 3251 20.
2052 3236 2091 3241 —
2108 3218 2135 3240 ²4
2151 3217 2223 3255 Job,
2240 3225 2313 3257 xxi,

1292 3270 1342 3300 14.
1361 3285 1402 3291 —
1426 3269 1451 3290 1⁵
1476 3270 1572 3309 Sap„
1595 3276 1627 3307 v,
1655 3270 1685 3299 8.
1709 3285 1747 3290 —
1771 3268 1799 3289 ¹⁶
1824 3268 1919 3307 Sup.‚
1944 3273 2011 3306 Vll,
2034 3267 2064 3297 6.
2087 3282 2128 3288 —
2151 3265 2175 3285 1⁷
2197 3263 2313 3302 Eccli„

1290 3323 1375 3355 xm,
1401 3317 1431 3347 1.
1458 3332 1498 3338 —
1525 3316 1550 3336 ¹³
1576 3315 1747 3354 Ambros„
1773 3314 1808 3345 In
1834 3314 1922 3353 Luc„
1952 3313 2010 3344 lib.
2040 3312 2104 3352 vl,
2132 3320 2167 3342 11.
2197 3311 2248 3341 51.
2274 3327 2315 3333 —

1293 3363 1316 3381 ¹⁹
1336 3362 1525 3407 Matth.‚4x,
1547 3364 1598 3394 14.
1612 3378 1652 3385 —
1671 3362 1700 3383 ²⁰
1717 3361 1817 3402 ibid„
1834 3368 1894 3402 v11,
1916 3362 1946 3395 6.
1961 3377 2002 3385 —
2021 3359 2047 3382 ¹¹
2063 3359 2176 3392 loon..
2194 3363 2239 3398 IV,
2261 3359 2312 3389 40.

1334 3424 1378 3464 (α)
1404 3423 1482 3455 Coec.
1503 3423 1582 3462 edit,
1602 3423 1790 3456 Matthaeus.
