2634 3853
958 145 1231 188 EXPOSlTlO
1262 146 1315 187 lN
1345 145 1458 187 CAP.
1488 145 1537 186 X.

187 243 404 282 tonsarum
425 271 436 290 ,
476 249 572 291 quae
608 238 886 279 ascenderunt
921 235 972 277 de
1005 235 1174 276 lavacro
1193 265 1206 285 ,

188 322 333 353 omnes
366 309 558 361 gemellis
586 309 756 350 foetibus
771 340 780 357 ,
804 310 846 348 et
873 306 1024 347 sterilis
1042 317 1129 345 non
1151 307 1212 345 est

187 383 430 422 intereas.»
457 380 503 419 In
530 380 662 432 hujus
689 380 815 420 etiam
844 378 904 418 rei
926 377 1138 427 figuram,
1164 378 1212 416 ut

186 452 284 493 dicit
303 451 465 501 Glossa‚
487 451 688 491 animalia
707 451 808 491 bina
826 451 836 472 ¹
858 449 1031 489 fuerunt
1050 447 1093 486 in
1115 459 1211 487 arca

184 521 285 563 Noe.
317 521 368 562 Et
387 521 589 574 quoniam
608 522 700 562 haec
726 520 868 561 missio
898 531 985 559 non
1012 520 1100 559 erat
1131 518 1211 557 nisi

185 592 294 632 sicut
311 592 509 645 quaedam
528 592 781 645 praeparatio
800 592 852 632 ad
870 590 1100 640 Christum,
1117 589 1210 630 ideo

168 663 297 714 ,addit
318 677 327 704 :
351 665 405 705 ln
424 674 583 706 omnem
613 665 830 706 civitatem
859 666 899 705 ec
929 661 1063 703 locum
1088 693 1098 710 ‚
1130 671 1210 713 quo

185 738 278 777 erat
313 736 402 787 ipse
439 737 657 777 venturus.
698 733 815 774 Unde
853 733 961 773 sicut
994 743 1210 784 praecones

184 805 495 859 praecedebant,
522 804 757 846 secundum
789 803 895 843 illud
922 803 938 824 ²
970 817 978 843 :
1009 818 1028 840 (ι
1063 802 1210 842 Parate

184 877 298 917 viam
317 875 505 926 Domini,
528 878 663 916 rectas
682 874 804 914 facite
830 873 1000 914 semitas
1021 873 1092 913 Dei
1112 885 1212 913 nos-

184 947 253 996 tri,
274 961 294 985 »
320 946 436 987 Unde
455 946 627 987 Glossa:
660 960 678 983 α
697 944 772 986 Ubi
794 945 926 985 verba
951 943 1212 996 praedicatio-

183 1017 251 1057 nis
281 1019 571 1070 praecurrunt,
594 1016 710 1058 venit
740 1015 940 1056 Dominus
972 1014 1024 1054 ad
1059 1014 1211 1054 mentis

184 1087 489 1129 habitaculum.
513 1102 532 1125 »

237 1157 398 1208 Tertio,
427 1161 636 1211 quantum
666 1158 718 1198 ad
746 1157 1068 1210 praemissorum
1099 1169 1213 1198 acce-

183 1228 431 1270 lerationem
452 1228 504 1269 ad
528 1228 706 1269 salutem
736 1228 990 1277 electorum,
1015 1227 1213 1268 subditur

187 1301 198 1348 (
221 1311 263 1340 v.
295 1301 319 1338 2
347 1299 358 1350 )
386 1313 395 1339 :
425 1299 480 1340 Et
499 1289 670 1341 'dicebat
702 1299 791 1340 ielis
816 1313 830 1339 .·
855 1299 1004 1339 Messz's
1036 1298 1212 1351 quidem

183 1367 345 1420 multa,
367 1368 410 1409 id
438 1370 527 1419 est,
558 1369 683 1409 turba
704 1369 756 1409 ad
788 1368 1106 1409 conversionem
1136 1381 1209 1420 pa-

184 1442 289 1480 rata.
312 1438 448 1489 Unde,
467 1439 636 1492 quando
655 1438 909 1479 Samaritani
929 1439 1208 1489 crediderunt,

182 1503 520 1552 Dominusdixit
546 1511 560 1533 ³
596 1524 605 1551 :
633 1525 652 1549 (ι
678 1509 822 1550 Videte
851 1509 1048 1561 regiones
1070 1542 1079 1560 ,
1113 1511 1214 1562 quia

183 1582 290 1623 albae
309 1584 410 1623 sunt
427 1583 516 1633 giam
539 1581 592 1622 ad
613 1592 809 1621 messem.
831 1594 850 1617 >³
870 1579 970 1620 Haec
982 1581 1128 1621 messis
1146 1593 1209 1621 se-

184 1651 344 1692 minata
362 1651 442 1691 suit
460 1652 505 1691 in
524 1651 619 1703 lege
646 1653 832 1701 naturae,
855 1651 987 1690 crevit
1007 1655 1147 1690 autem
1167 1650 1213 1690 in

182 1722 280 1774 lege
314 1723 473 1774 figurae
495 1754 506 1773 ,
542 1722 613 1762 sed
648 1724 711 1762 est
745 1721 915 1762 collecta
946 1721 990 1760 in
1021 1724 1212 1773 tempore

183 1793 349 1847 gratiae.
368 1793 485 1834 Unde
504 1792 684 1834 dicitur¹³
706 1806 714 1833 :
739 1807 758 1830 (ι
782 1792 872 1844 Ego
899 1791 996 1831 misi
1022 1804 1097 1832 vos
1118 1804 1209 1832 me-

182 1867 269 1905 tere
289 1864 401 1917 quod
420 1875 498 1905 vos
528 1875 612 1904 non
639 1863 856 1903 laborastis
878 1874 888 1902 ε
911 1862 980 1903 alii
996 1862 1213 1904 laborave-

183 1937 305 1985 runt,
328 1937 369 1976 et
398 1946 474 1976 vos
501 1935 544 1975 in
570 1935 734 1975 labores
766 1945 913 1974 eorum
946 1934 1164 1974 introistis.
1186 1948 1205 1971 ›>

183 2005 323 2058 Hujus
353 2007 495 2046 autem
528 2005 676 2045 messis
709 2004 863 2056 duplex
894 2007 956 2044 est
989 2004 1207 2055 collectio,

181 2076 334 2117 scilicet
371 2075 622 2118 universalis
657 2076 701 2115 in
735 2077 926 2127 tempore
960 2075 1136 2125 ultimo,
1161 2076 1211 2116 de

180 2160 266 2200 qua
284 2147 436 2188 dicitur
455 2146 620 2203 Angelo
640 2146 653 2167 ⁸
686 2160 694 2186 :
724 2161 743 2184 ((
766 2145 881 2186 Mitte
913 2146 1063 2187 falcem
1090 2150 1210 2187 tuam

186 2222 226 2259 et
244 2220 376 2267 mete,
398 2218 500 2271 quia
532 2217 647 2258 venit
674 2217 778 2258 hora
808 2219 855 2257 ut
873 2219 1080 2268 metatur,
1100 2230 1208 2270 quo-

180 2290 295 2330 niam
313 2288 426 2329 aruit
447 2288 596 2329 messis
615 2290 754 2328 terrae.
778 2301 797 2325 n
820 2287 913 2327 Alia
931 2290 993 2327 est
1024 2287 1209 2328 collectio

179 2372 255 2400 seu
302 2359 458 2400 messio
507 2357 773 2410 particularis
818 2357 864 2396 in
911 2357 1210 2409 praedicatione

179 2428 418 2481 Evangelii.
438 2428 519 2469 Sed
541 2428 642 2481 quia
658 2427 781 2481 pauci
802 2430 899 2468 sunt
926 2429 1026 2468 boni
1057 2441 1210 2469 messo-

180 2512 247 2541 res
269 2533 281 2552 ,
312 2495 612 2540 ideo'subdit:
645 2499 841 2550 Operarz'i
879 2502 1019 2541 autem
1059 2502 1205 2552 pauci·

180 2570 409 2622 Signanter
425 2569 524 2610 dicit
541 2583 550 2609 :
572 2569 769 2621 Operarii
780 2601 792 2620 ,
809 2570 908 2622 quia
927 2570 979 2611 ad
997 2572 1077 2612 hoc
1095 2573 1210 2624 quod

179 2641 267 2681 falx
286 2639 598 2693 praedicationis
616 2652 796 2680 messem
816 2641 986 2692 colligat
1006 2674 1015 2692 ,
1041 2654 1210 2683 necesse

180 2713 242 2752 est
267 2711 380 2763 quod
407 2722 561 2751 manus
594 2711 733 2763 operis
767 2723 861 2752 eam
892 2714 1054 2761 teneat,
1086 2715 1211 2766 juxta

180 2781 294 2834 quod
322 2781 420 2821 dicit
445 2779 674 2833 Gregorius
696 2781 710 2802 ⁶
734 2794 742 2821 :
771 2796 791 2820 ε(
817 2781 875 2821 Ad
902 2782 983 2823 hoc
1009 2786 1058 2823 ut
1076 2795 1211 2825 serve-

179 2853 251 2891 tur
271 2851 428 2891 veritas
458 2850 740 2903 praedicandi,
763 2853 997 2893 necessaria
1025 2857 1087 2895 est
1113 2855 1207 2896 alti-

179 2921 282 2962 tudo
311 2921 498 2963 vivendi.
524 2936 544 2960 ›>
565 2921 685 2962 Tales
713 2922 788 2974 qui
817 2923 976 2963 faciunt
1004 2925 1117 2977 quod
1137 2938 1210 2967 ore

183 2991 350 3042 dicunt,
372 2994 472 3033 sunt
493 2993 694 3045 operarii,
717 2995 757 3034 et
775 3006 799 3034 a
819 2993 996 3036 Domino
1015 3008 1210 3038 remune-

182 3061 324 3112 randi,
345 3062 578 3103 secundum
602 3063 706 3104 illud
722 3068 735 3089 ⁷
759 3075 769 3104 z
798 3079 817 3103 c(
842 3064 953 3105 Voca
978 3067 1206 3119 operarios,

183 3133 224 3171 et
253 3131 381 3172 redde
410 3132 493 3173 illis
525 3134 775 3175 mercedem.
803 3148 821 3172 >³
855 3134 937 3176 Sed
962 3137 1085 3188 pauci
1113 3140 1212 3178 sunt

228 3237 240 3258 ¹
262 3237 355 3275 Gen„
375 3245 441 3277 vn,
464 3239 557 3271 15.—
579 3241 594 3261 ²
612 3240 688 3281 isa„
711 3248 773 3281 xL,
797 3242 870 3272 3.—
892 3242 902 3259 ³
920 3242 1027 3281 Joan„
1045 3251 1092 3282 1V,
1110 3244 1212 3275 35.—

186 3283 205 3334 ⁴.
221 3283 321 3323 lbid„
345 3284 397 3315 38.
412 3301 450 3306 —
472 3285 482 3302 ⁵
505 3285 615 3326 Apoc„
634 3295 705 3328 xiv,
733 3290 782 3320 15.
797 3305 838 3311 —
857 3288 870 3309 6
891 3290 1004 3329 Greg.‚
1025 3290 1059 3321 in
1078 3291 1210 3332 Ezeclz.²

185 3329 393 3369 hb.1‚hom.
410 3338 461 3371 xl,
475 3340 510 3362 n.
526 3333 600 3364 7.—
616 3333 627 3354 ⁷
648 3335 783 3374 Matth„
804 3343 863 3376 xx,
878 3337 952 3367 8.—
971 3337 984 3358 ⁸
1005 3338 1031 3367 ΙΙ
1053 3337 1142 3378 Cor„
1163 3347 1213 3379 xi,

188 3377 239 3406 13.
258 3393 300 3398 -
325 3377 338 3398 ⁹
360 3377 494 3415 Matth„
524 3386 589 3419 xx,
615 3382 643 3412 6.
674 3398 711 3403 -
738 3383 764 3403 1·
793 3382 892 3423 lbid.,
921 3391 1026 3422 xx111,
1055 3386 1091 3424 3,
1118 3387 1146 3416 4.
1173 3404 1213 3410 —

191 3422 214 3444 ¹¹
233 3421 325 3456 Psal.
352 3430 468 3464 cxmx,
488 3426 518 3458 6.
539 3443 579 3448 —
600 3427 626 3448 ¹²
645 3428 672 3459 ll
691 3428 788 3471 Em..
808 3437 856 3471 1v,
876 3432 925 3463 17.
946 3447 985 3456 -
1004 3431 1143 3473 ¹³Gen„
1168 3440 1212 3473 11,

2230 145 2306 184 489

1285 234 1462 288 operarii
1494 232 1690 283 studiosi;
1712 233 1855 285 plures
1885 234 2024 272 autem
2056 234 2153 272 sunt
2183 231 2304 272 mali-

1285 307 1400 354 tiosi,
1433 304 1665 346 secundum
1696 301 1832 343 illud⁸
1865 317 1874 342 ι
1912 317 1931 340 «
1968 301 2306 353 Pseudoapostoli
2336 352 2343 358 Ι

1286 378 1384 416 sunt
1405 378 1458 426 (α)
1479 375 1660 428 operarii
1684 373 1870 422 subdoli,
1891 373 2243 424 transfigurantes
2263 384 2306 412 se

1283 446 1325 485 in
1355 447 1562 499 apostolos
1594 445 1759 486 Christi.
1781 458 1800 482 n
1826 443 2004 484 Plurimi
2038 444 2181 482 autem
2209 445 2308 482 sunt

1285 517 1501 567 desidiosi;
1534 517 1646 557 unde
1673 515 1780 557 dixit
1808 514 2011 555 Dominus
2033 512 2234 565 operariis
2254 511 2266 533 ⁹
2292 526 2301 552 ε

1287 601 1306 625 <‹
1330 586 1438 636 Quid
1458 587 1526 626 hic
1545 587 1664 626 statis
1684 589 1771 626 tota
1790 585 1856 625 die
1873 584 2025 625 otiosi?
2045 598 2064 621 >³
2091 582 2198 623 Sunt
2218 582 2309 634 plu-

1284 657 1383 696 rimi
1413 656 1570 696 similes
1591 657 1672 696 illis
1702 657 1753 697 de
1784 655 1941 708 quibus
1961 654 1989 676 1⁰
2014 666 2023 694 :
2051 668 2071 693 «
2093 653 2242 693 Dicunt
2269 654 2308 692 et

1284 739 1370 768 non
1400 728 1571 767 faciunt.
1607 727 1798 779 Alligant
1830 729 1972 766 autem
2002 736 2128 777 opera
2159 723 2310 776 gravia

1285 800 1325 837 et
1341 797 1622 850 importabilia
1639 812 1649 847 ;
1676 811 1695 834 1>
1717 797 1907 849 sequitur
1931 811 1938 836 ς
1968 810 1987 833 (ι
2006 795 2146 847 Digito
2165 797 2307 834 autem

1284 880 1360 909 suo
1377 868 1528 909 nolunt
1547 880 1596 908 ea
1615 880 1800 908 movere.
1822 882 1841 905 »
1867 867 1918 907 Et
1937 867 2137 919 quoniam
2160 865 2308 906 messis

1284 939 1519 989 amittitur,
1558 938 1728 991 quando
1767 938 1869 979 boni
1910 937 2088 990 operarii
2128 937 2305 986 desunt,

1283 1009 1376 1050 ideo
1407 1009 1552 1050 addit:
1575 1012 1726 1062 Roqate
1756 1019 1848 1062 erqo
1877 1009 2102 1051 Dominum
2132 1009 2306 1058 messis,

1285 1085 1334 1123 ut
1353 1081 1492 1123 mittat
1510 1080 1725 1133 operarios
1746 1081 1791 1121 ῖη
1809 1090 1983 1122 messem
2002 1090 2122 1121 suam
2137 1110 2149 1129 ,
2171 1079 2212 1119 id
2233 1080 2308 1129 est,

1284 1152 1578 1205 praedicatores
1616 1152 1749 1193 bonos
1772 1182 1784 1201 ,
1822 1152 1895 1204 qui
1939 1150 2131 1203 gladium
2177 1148 2310 1190 divini

1285 1223 1435 1273 verbi,
1467 1234 1552 1275 quo
1578 1225 1741 1274 segetes
1773 1224 2015 1271 metuntur,
2035 1233 2121 1261 non
2140 1222 2309 1260 tantum

1285 1295 1330 1334 in
1358 1306 1450 1344 ore,
1482 1294 1552 1334 sed
1575 1294 1702 1334 etiam
1730 1294 1775 1333 in
1815 1305 1947 1333 manu
1978 1293 2158 1345 portent.
2192 1290 2310 1331 Unde

1285 1365 1336 1405 de
1356 1365 1476 1404 bonis
1495 1363 1841 1416 praedicatoribus
1863 1363 2015 1403 dicitur
2034 1363 2060 1383 ¹¹
2085 1375 2093 1401 :
2113 1375 2133 1399 «
2147 1359 2312 1401 Exalta-

1286 1436 1420 1475 tiones
1444 1435 1490 1487 (b)
1520 1435 1591 1475 Dei
1625 1435 1670 1474 in
1703 1436 1879 1485 gutture
1911 1444 2080 1481 eorum,
2109 1434 2149 1472 et
2181 1430 2311 1483 gladii

1286 1505 1486 1557 ancipites
1506 1505 1550 1544 in
1570 1505 1766 1545 manibus
1785 1515 1948 1544 eorum.
1976 1517 1995 1540 ›>
2021 1501 2138 1542 Unde
2157 1500 2311 1554 praedi-

1287 1576 1393 1616 catio
1412 1578 1475 1616 est
1505 1575 1691 1627 gladius,
1714 1574 1787 1627 qui
1818 1574 1899 1614 nisi
1931 1585 2063 1613 manu
2094 1574 2311 1621 teneatur,

1286 1659 1371 1688 non
1390 1650 1520 1688 terret
1535 1647 1843 1688 adversarium.
1876 1646 1995 1694 Quod
2019 1645 2127 1685 bene
2146 1646 2312 1696 figura-

1286 1722 1380 1759 tum
1402 1721 1462 1759 est
1490 1719 1541 1760 de
1570 1718 1926 1759 reaedificantibus
1954 1716 2186 1757 Jerusalem
2209 1730 2217 1756 :
2237 1715 2311 1756 ubi

1286 1791 1438 1831 dicitur
1459 1791 1487 1812 ¹²
1503 1790 1616 1842 quod
1636 1805 1655 1828 «
1674 1789 1969 1841 unusquisque
1987 1800 2076 1828 una
2094 1800 2227 1828 manu
2247 1788 2309 1827 fa-

1286 1861 1421 1901 ciebat
1455 1873 1584 1913 opus,
1616 1861 1812 1901 etaltera
1844 1860 2014 1900 tenebat
2047 1859 2255 1910 gladium.
2285 1872 2304 1895 »

1287 1930 1407 1971 Tales
1435 1932 1616 1984 operarii
1644 1932 1797 1972 dantur
1827 1931 2055 1979 divinitus,
2078 1929 2309 1969 secundum

1286 2001 1399 2053 quod
1438 2005 1499 2042 est
1533 2002 1751 2054 signatum
1770 2002 1823 2051 ¹³,
1856 2000 1969 2053 quod
1996 2000 2139 2040 «Deus
2172 1998 2312 2052 posuit

1286 2071 1503 2112 hominem
1524 2073 1568 2112 in
1588 2072 1783 2125 paradiso
1812 2069 2040 2122 voluptatis
2057 2102 2067 2120 ,
2089 2072 2137 2110 ut
2164 2081 2311 2122 opera-

1285 2145 1402 2183 retur
1423 2145 1463 2182 et
1495 2142 1721 2182 custodiret
1754 2142 1876 2182 illum
1899 2155 1907 2181 :
1934 2154 1953 2177 »
1983 2143 2023 2181 et
2049 2140 2142 2181 ideo
2171 2142 2271 2180 sunt
2289 2151 2313 2178 a

1286 2215 1464 2256 Domino
1495 2214 1732 2268 postulandi
1758 2246 1767 2265 ,
1801 2217 1848 2254 ut
1881 2224 1952 2253 eos
1983 2212 2188 2253 conducat
2214 2224 2313 2264 pro-

1286 2287 1490 2327 mittendo
1512 2318 1523 2336 ,
1563 2286 1790 2326 conductos
1828 2285 1968 2325 mittat
2000 2283 2310 2336 praecipiendo,

1286 2356 1518 2396 secundum
1538 2356 1643 2396 illud
1663 2356 1691 2380 ¹¹·
1714 2370 1722 2395 :
1753 2369 1772 2393 <t
1799 2355 1879 2404 Qui
1908 2354 2012 2395 exiit
2030 2355 2168 2406 primo
2188 2365 2312 2393 mane

1287 2427 1518 2467 conducere
1542 2426 1755 2479 operarios
1771 2426 1817 2465 in
1841 2425 2012 2467 vineam
2039 2436 2176 2465 suam.
2211 2424 2313 2464 Con-

1286 2498 1485 2539 ventione
1504 2499 1645 2538 autem
1669 2498 1777 2537 facta
1793 2528 1803 2547 ,
1825 2510 1843 2534 ›)
1870 2499 1947 2536 etc.

1340 2570 1498 2619 Quarto
1518 2571 1660 2609 autem
1671 2601 1681 2620 ,
1695 2570 1905 2621 quantum
1923 2568 1975 2608 ad
1986 2567 2311 2608 acceleratorum

1286 2641 1649 2682 confirmationem
1696 2642 1840 2679 contra
1877 2638 2039 2678 rabiem
2070 2640 2311 2690 persecuto-

1286 2723 1383 2751 rum
1402 2710 1559 2760 subdit,
1584 2711 1638 2760 (v.
1663 2712 1699 2760 3)
1721 2722 1731 2750 ε
1752 2711 1816 2752 Ite
1843 2721 1856 2749 :
1879 2711 1985 2750 Ecce
2006 2719 2077 2761 690
2097 2709 2217 2750 mitto
2239 2717 2311 2750 vos

1286 2783 1399 2824 sicut
1416 2791 1547 2834 aqnos
1559 2782 1672 2823 inter
1683 2780 1817 2833 lupos.
1834 2781 1911 2831 Ite,
1930 2780 2084 2820 scilicet
2099 2780 2289 2832 expedite
2300 2810 2310 2828 ,

1287 2853 1394 2893 sicut
1412 2852 1611 2892 animalia
1636 2851 1708 2892 illa
1736 2852 1764 2876 ¹⁵
1797 2865 1805 2891 :
1830 2865 1849 2889 «
1870 2851 2081 2892 Animalia
2103 2851 2242 2901 ibant,
2273 2852 2313 2890 et

1286 2922 1606 2965 revertebantur
1625 2922 1671 2962 in
1696 2921 2016 2962 similitudinem
2034 2921 2221 2973 fulguris
2241 2932 2310 2961 co-

1286 2995 1507 3035 ruscantis.
1529 3008 1548 3031 ›)
1574 2993 1624 3034 Et
1643 2993 1689 3033 in
1708 2991 1946 3034 Proverbiis
1966 2993 1994 3014 ¹⁶
2018 3006 2027 3033 t
2055 3006 2075 3031 <‹
2093 2991 2308 3041 Discurre‚

1286 3065 1454 3116 festina,
1487 3065 1641 3105 suscita
1668 3064 1853 3104 amicum
1880 3065 2020 3104 tuum.
2042 3060 2061 3100 i>
2090 3062 2164 3103 Vel
2187 3076 2195 3102 ε
2223 3063 2308 3111 Ite,

1287 3136 1329 3176 id
1349 3138 1433 3186 est,
1462 3147 1540 3188 pro
1559 3134 1694 3175 salute
1713 3133 1906 3174 omnium
1925 3133 2120 3186 periculis
2137 3144 2212 3174 vos
2235 3143 2309 3172 ex-

1288 3207 1449 3259 ponite,
1485 3205 1718 3247 secundum
1745 3204 1849 3245 illud
1867 3205 1896 3229 ¹⁷
1925 3216 1936 3245 ε
1964 3203 2142 3244 «Bonus
2169 3204 2312 3255 pastor

1291 3323 1339 3353 15.
1360 3337 1399 3344 -
1419 3320 1443 3341 ¹³
1464 3317 1600 3357 Meum,
1620 3325 1683 3356 xx,
1705 3319 1719 3348 1
1743 3318 1776 3347 et
1793 3325 1863 3357 seq.
1884 3333 1924 3339 —
1946 3316 1973 3338 ¹5
1992 3315 2120 3353 Ezech„
2145 3322 2175 3354 1,
2198 3314 2246 3346 14.
2272 3330 2312 3338 --

1290 3368 1314 3386 ¹⁶
1333 3367 1444 3404 Prov.,
1464 3374 1511 3406 v1,
1533 3367 1563 3396 3.
1583 3381 1624 3388 —
1645 3365 1668 3385 ¹7
1686 3365 1793 3402 doun..
1814 3371 1849 3404 x,
1871 3365 1921 3403 11,
1946 3363 1996 3394 12.

1333 3430 1378 3472 (a)
1396 3430 1475 3463 Coet.
1492 3430 1571 3466 edit.
1592 3429 1687 3462 sieut.
1708 3445 1748 3453 —
1766 3427 1812 3469 (b)
1835 3426 1914 3460 Coet.
1934 3425 2014 3458 edit.
2038 3423 2272 3458 exultationes.
