2634 3853
937 128 1210 172 EXPOSITIO
1240 132 1295 173 IN
1325 134 1438 176 CAP.
1469 137 1573 179 XIV.

194 227 364 258 morum
387 217 562 268 horum,
584 229 722 270 neque
749 217 855 257 mihi
875 217 1026 258 fecistis
1040 249 1051 267 ,
1077 233 1097 257 n
1118 219 1220 260 dicit

192 286 409 327 Dominus.
430 287 501 326 Ait
525 287 638 327 enim
668 289 678 310 ¹
710 303 718 328 :
749 303 767 326 α
799 287 892 329 Non
920 288 970 328 de
1003 288 1218 342 discipulis

191 357 271 397 hoc
288 357 426 397 solum
446 356 604 398 dictum
623 360 700 408 est,
721 370 858 410 neque
880 358 930 399 de
949 359 1015 398 his
1035 359 1107 411 qui
1128 360 1213 400 ele-

190 429 346 479 gerunt
377 427 681 468 monachorum
713 428 865 478 vitam,
899 429 970 468 sed
1008 428 1058 469 de
1094 431 1212 470 omni

189 496 360 537 homine
378 497 506 538 fideli.
531 498 611 546 Qui
627 497 742 537 enim
760 498 852 537 talis
871 501 947 548 est,
970 499 1047 538 etsi
1064 511 1214 541 servus

186 566 326 617 fuerit,
343 567 418 606 etsi
436 579 584 608 eorum
603 567 678 619 qui
692 567 736 606 in
750 567 838 608 foro
854 568 1111 619 mendicant,
1130 581 1214 609 cre-

186 635 256 676 dat
273 638 415 676 autem
435 636 479 676 in
500 636 633 677 Deum
649 669 659 688 ,
680 639 846 689 Justum
867 640 928 678 est
949 640 995 678 ut
1019 639 1212 679 omnium

184 706 349 747 fruatur
368 706 603 749 devotione.
626 707 677 747 Et
695 707 728 747 si
745 707 1061 760 despexerimus
1085 709 1211 749 talem

183 776 401 817 hominem
428 778 592 818 nudum
618 778 684 818 vel
710 778 989 829 esurientem,
1018 779 1111 819 haec
1133 792 1209 820 au-

182 847 346 888 diemus
363 848 507 897 verba,
528 862 547 884 n
574 850 652 888 etc.
676 848 855 898 Debiles,
878 851 1048 900 propter
1071 849 1206 890 defec-

181 919 275 957 tum
311 917 470 959 virium
509 919 522 938 2
559 931 568 958 :
604 932 624 956 ε(
658 917 751 958 Νο11
784 920 825 958 te
861 918 1004 970 pigeat
1038 919 1209 960 visitare

180 987 426 1037 infirmum,
449 999 502 1028 ex
520 988 587 1028 his
606 988 719 1028 enim
745 988 790 1029 in
814 988 1036 1029 dilectione
1064 990 1208 1030 firma-

180 1057 305 1098 beris.
331 1072 349 1096 »
373 1057 425 1098 Et
443 1058 488 1098 in
511 1059 709 1100 Matthoeo
736 1062 749 1082 ³
772 1073 779 1098 ε
806 1073 824 1097 ε(
849 1057 1048 1099 Infirmus
1067 1071 1203 1111 eram,

181 1130 223 1168 et
241 1128 438 1169 visitastis
458 1129 508 1182 (a)
523 1141 605 1179 me,
618 1129 754 1169 »dicet
767 1129 993 1181 Dominus,
1017 1131 1117 1183 quia
1134 1131 1206 1184 qui

179 1199 416 1240 infirmitati
435 1199 583 1240 alienae
601 1199 908 1250 condescendit,
931 1201 1043 1252 quod
1064 1201 1124 1240 illi
1141 1201 1205 1241 fa-

180 1269 257 1318 cit,
291 1269 451 1310 Christo
486 1269 704 1322 impendit.
749 1270 934 1312 claudos
971 1274 1010 1312 ec
1049 1281 1175 1313 ccecos
1189 1303 1202 1322 ,

179 1342 350 1392 propter
368 1339 575 1380 defectum
602 1341 896 1380 membrorum
913 1341 926 1361 '·
950 1356 958 1381 :
986 1356 1004 1378 α
1024 1340 1103 1381 Exi
1124 1342 1204 1383 cito

176 1410 221 1450 in
246 1409 403 1462 plateas
429 1412 470 1449 et
496 1409 611 1449 vicos
640 1409 842 1460 civitatis,
865 1412 906 1450 et
930 1423 1137 1463 pauperes
1158 1424 1204 1452 ac

176 1479 354 1529 debiles,
375 1481 416 1520 et
435 1490 567 1520 caecos
587 1481 628 1520 et
651 1478 821 1520 claudos
840 1480 1037 1521 introduc
1057 1482 1157 1522 huc.
1179 1497 1197 1519 ι)

177 1549 228 1590 Et
251 1549 331 1590 hoc
358 1550 528 1602 quidem
555 1551 689 1600 recte,
722 1550 822 1602 quia
849 1551 1012 1590 miseris
1044 1551 1204 1603 impen-

177 1621 314 1662 denda
333 1623 395 1661 est
413 1620 719 1671 misericordia,
742 1623 784 1660 et
802 1621 1023 1661 subventio
1044 1622 1109 1662 his
1129 1623 1203 1674 qui

176 1691 333 1731 habent
353 1691 591 1744 penuriam.
617 1689 733 1730 Unde
755 1690 908 1730 dicitur
927 1691 939 1712 ⁵
971 1703 980 1731 :
1005 1690 1203 1732 Misereor

175 1773 302 1814 super
327 1761 520 1812 turbam,
543 1761 643 1813 quia
666 1773 760 1801 ecce
784 1762 876 1814 Jam
905 1761 1046 1802 triduo
1075 1763 1200 1803 susti-

174 1836 276 1874 nent
294 1846 381 1885 me,
403 1845 480 1874 nec
498 1833 656 1873 habent
675 1832 787 1885 quod
807 1833 1075 1874 manducent.
1099 1848 1118 1872 i)
1147 1883 1149 1885 ,

228 1904 444 1954 Secundo,
467 1905 675 1957 quantum
698 1904 750 1944 ad
776 1904 1106 1955 assignationem
1132 1917 1199 1945 ra-

174 1975 299 2017 tionis
326 1975 579 2025 inductivae,
609 1975 749 2015 subdit
772 1976 833 2025 (v.
857 1975 927 2026 14)
955 1988 963 2015 z
986 1976 1040 2017 Εῑ
1059 1975 1202 2018 beatus

174 2049 281 2098 eris,
303 2047 407 2100 quia
431 2057 517 2089 non
543 2045 697 2088 hubent
726 2045 954 2087 retribuere
985 2046 1072 2088 tibi.
1105 2046 1201 2087 Ideo

172 2121 336 2171 oportet
354 2118 468 2171 quod
485 2117 594 2157 alius
612 2116 817 2157 retribuat
834 2128 909 2168 pro
931 2116 989 2157 eis
1003 2121 1016 2142 ⁶
1037 2130 1046 2157 t
1071 2131 1090 2155 <t
1109 2117 1140 2157 F
1143 2129 1199 2158 oe—

170 2191 344 2230 neratur
363 2188 563 2238 Domino,
589 2187 662 2240 qui
683 2187 909 2227 miseretur
926 2188 1123 2240 pauperis
1146 2200 1156 2228 z
1175 2202 1193 2225 i)

171 2260 285 2315 quod
308 2259 461 2299 dicitur
481 2260 652 2311 propter
677 2258 1005 2298 immensitatem
1036 2270 1198 2300 merce—

170 2332 250 2382 dis,
273 2331 325 2372 de
343 2343 429 2383 qua
446 2329 645 2370 subditur
666 2344 675 2370 :
704 2329 968 2371 Retribuetur
988 2331 1100 2372 enim
1121 2331 1200 2373 tib-z·

170 2403 221 2444 in
239 2402 542 2444 resurreccione
556 2400 792 2452 justorum,
815 2400 857 2440 id
879 2403 962 2451 est,
991 2401 1035 2441 in
1063 2401 1199 2452 gloria

170 2475 342 2514 aeterna.
383 2471 441 2512 De
480 2482 565 2523 qua
604 2471 910 2511 resurrectione
952 2471 996 2511 in
1033 2472 1199 2523 Apoca-

168 2542 286 2595 lypsi
303 2543 316 2564 ⁷
341 2555 351 2582 ε
379 2556 398 2580 α
419 2540 572 2581 Beatus
599 2542 640 2580 et
667 2543 835 2581 sanctus
864 2541 939 2594 qui
963 2540 1088 2581 habet
1107 2554 1198 2594 par-

168 2615 254 2653 tem
283 2612 329 2652 in
361 2610 671 2652 resurrectione
704 2612 856 2664 prima.
884 2626 903 2649 »
929 2611 979 2652 Et
1008 2612 1116 2653 infra
1141 2615 1154 2636 ⁸
1186 2628 1195 2654 :

177 2697 197 2722 <t
225 2682 315 2732 Illi,
356 2681 429 2734 qui
466 2681 590 2732 digni
626 2680 896 2722 habebuntur
933 2682 1086 2723 saeculo
1125 2683 1196 2724 illo

167 2756 210 2795 et
236 2753 286 2806 (b)
313 2752 618 2793 resurrectione
643 2763 697 2792 ex
723 2752 924 2803 mortuis,
955 2765 1091 2806 neque
1114 2766 1194 2795 nu-

166 2824 288 2874 bent,
323 2833 463 2875 neque
499 2821 650 2862 ducent
688 2832 844 2862 uxores
861 2854 870 2872 ,
907 2834 1045 2874 neque
1083 2824 1196 2865 ultra.

167 2893 277 2934 mori
303 2894 517 2946 poterunt.
540 2891 737 2944 AEquales
756 2892 871 2932 enim
897 2892 1059 2945 angelis
1078 2898 1191 2944 sunt,

168 2965 209 3005 et
232 2963 309 3003 filii
334 2965 436 3003 sunt
466 2962 561 3013 Dei,
590 2973 687 3002 cum
719 2962 802 3002 sint
829 2962 904 3002 filii
929 2965 1195 3005 resurrectio-

168 3033 249 3074 nis.
280 3046 299 3070 »
333 3031 381 3072 In
404 3032 484 3072 bac
508 3031 815 3072 resurrectione
842 3036 1068 3084 resurgent
1092 3035 1195 3075 mali

168 3103 221 3144 ad
240 3103 447 3151 mortem3
467 3102 539 3142 sed
554 3102 680 3154 Justi,
703 3101 755 3142 ad
774 3101 908 3142 vitam
929 3105 942 3127 ⁹
966 3114 975 3143 ι
1003 3117 1023 3141 α
1041 3102 1191 3144 Proce-

213 3207 224 3228 1
249 3206 437 3247 Chrysost„
458 3206 493 3237 in
512 3206 647 3245 Matth„
666 3207 758 3238 hom.
780 3214 896 3247 LXXIX,
919 3207 960 3239 al.
981 3215 1084 3248 Lxxx,
1103 3217 1137 3241 n.
1162 3211 1193 3249 1,

173 3253 285 3294 quoad
305 3261 455 3284 sensum.
479 3267 517 3275 —
537 3253 548 3271 ²
567 3253 685 3293 Eccli„
708 3261 770 3293 vu,
794 3253 843 3285 39.
866 3270 906 3276 -
926 3253 936 3271 ³
955 3254 1090 3292 Matth„
1112 3263 1194 3295 xxv,

168 3302 220 3332 35.
240 3317 281 3323 -
302 3300 313 3318 ⁴
335 3298 410 3339 lnf„
437 3300 488 3330 21.
509 3316 550 3322 —
574 3300 587 3321 ⁵
606 3301 724 3340 Marc„
744 3307 826 3339 vin,
853 3302 883 3332 2.
904 3316 942 3323 —
966 3302 977 3319 ὅ
994 3301 1104 3340 Ρνου.,
1121 3310 1191 3342 xlx,

173 3349 225 3378 17.
247 3363 288 3370 —
307 3347 317 3364 ⁷
337 3346 450 3386 Apoc„
470 3354 529 3385 xx,
546 3347 577 3377 6.
601 3363 639 3369 -
663 3347 676 3368 8
697 3347 778 3387 Ins„
800 3354 857 3387 xx,
879 3348 928 3378 35.
952 3364 987 3369 -
1007 3348 1140 3389 ⁹Joan.‚
1163 3358 1192 3390 v,

168 3394 218 3425 29.
242 3409 284 3417 -
309 3393 334 3414 1¹³
358 3392 473 3432 Eccli„
500 3400 569 3432 xii,
600 3394 632 3424 2.
659 3411 694 3416 —
720 3395 744 3415 11
776 3393 909 3433 ΜατίΙι.,
940 3401 1024 3435 ΧΗ,
1058 3397 1114 3435 34,
1141 3399 1192 3429 35.

2239 155 2316 195 613

1297 223 1396 265 dent
1425 226 1498 278 qui
1529 226 1640 269 bona
1671 229 1857 270 fecerunt
1888 232 1932 271 in
1962 239 2315 280 resurrectionem

1294 293 1411 344 vitae;
1435 296 1509 348 qui
1537 309 1639 339 vero
1668 299 1780 339 mala
1807 308 2013 353 egerunt,
2036 304 2079 344 in
2101 319 2312 351 resurrec-

1293 363 1450 404 tionem
1462 367 1627 417 judicii.
1650 383 1669 405 ›>
1696 369 1743 408 [n
1762 370 1840 410 hac
1859 371 2078 414 retributio
2099 376 2168 416 fiet
2187 379 2312 420 mise-

1292 431 1539 476 ricordibus.
1565 436 1682 479 Unde
1701 439 1744 478 in
1764 440 2056 485 Ecclesiastico
2077 444 2231 487 dicitur
2250 451 2278 474 ¹0
2302 465 2311 491 :

1297 516 1315 539 α
1334 501 1510 545 Benefac
1533 507 1669 558 justo,
1704 511 1744 548 et
1773 510 1962 551 invenies
1992 515 2313 559 retributionem

1289 583 1516 625 magnam,
1552 579 1592 616 et
1621 578 1655 616 si
1686 590 1771 619 non
1798 581 1850 620 ab
1883 581 1997 633 ipso,
2033 587 2144 625 certe
2175 599 2201 627 a
2231 588 2310 629 Do-

1288 643 1418 683 mino.
1452 659 1471 682 >³
1506 645 1555 699 Et
1586 649 1771 689 maxime
1801 651 1850 690 de
1880 652 2145 708 eleemosyna
2155 672 2166 707 ;
2200 651 2313 700 unde

1287 712 1329 751 in
1359 713 1559 758 Matthoeo
1593 718 1618 739 ¹¹
1655 733 1663 757 z
1705 719 1911 771 «Venite,
1946 723 2150 766 benedicti
2181 729 2312 779 patris

1285 782 1389 832 mei,
1414 798 1432 821 »
1454 787 1532 826 etc.
1556 786 1604 827 Et
1632 791 1724 840 post
1746 804 1754 829 :
1782 806 1800 828 «
1820 791 1987 833 Esurivi
2014 795 2151 847 enim,
2180 800 2221 838 et
2244 799 2313 840 de·-

1284 852 1399 893 distis
1432 855 1538 896 mihi
1573 859 1845 911 manducare,
1870 876 1889 899 »
1926 865 2004 904 etc.
2046 864 2097 905 Et
2130 867 2223 908 ideo
2260 871 2308 921 (c)

1285 925 1342 965 ait
1363 926 1391 951 ¹2
1411 938 1421 966 :
1445 927 1903 984 «Beatimisericordes,
1917 936 2120 986 quoniam
2131 938 2210 991 ipsi
2224 942 2308 981 mi-

1284 997 1555 1039 sericordiam
1579 1006 1901 1054 consequentur.
1924 1019 1943 1042 ))
1971 1005 2087 1047 Unde
2112 1011 2310 1061 operibus

1282 1065 1447 1117 pietatis
1492 1070 1678 1111 maxime
1728 1073 1775 1113 fit
1821 1075 2040 1116 retributio
2087 1078 2309 1126 felicitatis,

1281 1134 1455 1188 Propter
1480 1139 1592 1190 quod
1623 1140 1775 1182 dicitur
1806 1142 1832 1164 ¹³
1854 1157 1862 1182 :
1897 1158 1916 1180 «
1933 1144 2208 1200 Eleemosyna
2227 1150 2309 1191 viri

1281 1206 1400 1258 quasi
1443 1208 1711 1259 signaculum
1756 1211 1809 1263 (d)
1847 1225 1944 1253 cum
1980 1215 2089 1267 ipso,
2127 1220 2168 1258 et
2207 1231 2307 1270 gra-

1279 1276 1382 1316 tiam
1409 1277 1593 1319 hominis
1622 1282 1741 1333 quasi
1768 1283 1972 1335 pupillam
2001 1288 2267 1330 conservabit
2294 1304 2304 1332 z

1279 1348 1318 1386 et
1340 1349 1483 1398 postea
1507 1353 1724 1401 resurget,
1749 1354 1789 1391 et
1809 1353 2015 1394 retribuet
2040 1354 2100 1394 illi
2120 1358 2304 1399 retribu-

1277 1416 1434 1457 tionem
1456 1418 1684 1471 unicuique
1706 1421 1749 1460 in
1769 1426 1893 1474 caput
1911 1423 2116 1475 ipsorum.
2141 1441 2160 1464 »
2187 1428 2304 1469 Ratio

1278 1488 1420 1526 autem
1456 1488 1587 1540 hujus
1628 1493 1714 1541 est,
1752 1492 1851 1543 quia
1888 1505 2014 1534 nemo
2049 1498 2112 1535 est
2150 1497 2305 1549 dignus

1278 1557 1583 1611 misericordia,
1611 1561 1692 1600 nisi
1717 1563 1790 1614 qui
1822 1563 1917 1604 facit
1948 1565 2280 1609 misericordiam
2290 1585 2301 1620 ;

1278 1629 1377 1680 quia
1398 1629 1426 1652 ¹¹¹
1452 1643 1490 1669 :(‹
1509 1630 1530 1671 J
1534 1631 1720 1672 udicium
1740 1633 1830 1673 sine
1850 1634 2133 1677 misericordia
2152 1637 2211 1678 illi
2231 1640 2304 1691 qui

1277 1710 1362 1738 non
1399 1699 1496 1739 facit
1534 1701 1879 1743 misericordiam.
1921 1718 1939 1741 n
1981 1705 2032 1745 Et
2069 1707 2212 1748 nullus
2251 1710 2302 1750 ad

1278 1772 1481 1809 aeternam
1503 1771 1805 1813 beatitudinem
1825 1775 1959 1825 venit,
1981 1775 2065 1816 nisi
2086 1789 2160 1829 per
2177 1779 2304 1821 mise-

1277 1840 1502 1881 ricordiam
1525 1842 1553 1866 15
1577 1856 1622 1883 :«
1643 1843 1844 1884 Homines
1875 1847 1916 1885 et
1940 1847 2134 1897 Jumenta
2162 1849 2299 1891 salva-

1275 1911 1362 1961 bis,
1394 1911 1591 1962 Domine,
1623 1915 1982 1966 quemadmodum
2015 1918 2300 1971 multiplicasti

1276 1983 1611 2025 misericordiam
1637 1988 1779 2036 tuam,
1810 1986 1931 2027 Deus.
1958 2001 1977 2025 n
2002 1988 2052 2029 Et
2071 1990 2099 2014 1⁶
2123 2003 2132 2030 :
2161 2004 2180 2028 «
2206 1989 2300 2032 Non

1275 2065 1328 2093 ex
1347 2054 1546 2106 operibus
1560 2055 1762 2106 justitiae,
1784 2068 1880 2109 quae
1906 2058 2081 2099 fecimus
2102 2071 2202 2110 nOS,
2233 2061 2304 2101 sed

1273 2124 1506 2164 secundum
1539 2136 1662 2165 suam
1695 2126 2031 2168 misericordiam
2065 2128 2202 2171 salvos
2228 2141 2305 2171 nos

1273 2193 1381 2233 fecit.
1404 2207 1423 2231 n

1326 2263 1485 2314 Tertio,
1523 2267 1731 2317 quantum
1767 2267 1819 2307 ad
1853 2268 2197 2319 approbationem
2235 2281 2304 2311 ra-

1271 2334 1398 2374 tionis
1418 2335 1616 2385 inductae,
1639 2336 1780 2377 subdit
1805 2338 1859 2388 (v.
1882 2337 1944 2389 15)
1965 2352 1974 2378 2
1995 2338 2096 2380 Hoec
2114 2349 2207 2381 cum
2226 2351 2303 2382 au·
2359 2341 2364 2344 '

1271 2404 1405 2446 disset
1419 2404 1595 2457 quidum
1611 2407 1662 2449 cle
1678 2407 1807 2449 simul
1827 2407 2201 2452 discumbentibus.
2215 2410 2303 2452 Au-

1270 2474 1410 2525 disset,
1432 2475 1631 2528 inquam,
1662 2489 1749 2518 non
1776 2480 1941 2519 tantum
1973 2491 2077 2519 aure
2104 2481 2303 2533 corporis,

1269 2556 1423 2585 verum
1445 2546 1572 2586 etiam
1592 2559 1693 2588 aure
1720 2548 1873 2588 mentis
1899 2550 1967 2589 vel
1987 2549 2138 2600 cordis,
2161 2562 2306 2592 secun-

1270 2613 1372 2655 dum
1390 2615 1494 2656 illud
1509 2617 1536 2642 ¹⁷
1561 2631 1599 2657 z«
1620 2616 1698 2666 Qui
1715 2618 1842 2658 habet
1861 2630 2023 2669 aurem,
2043 2619 2186 2661 audiat
2204 2622 2306 2673 quid

1271 2684 1454 2737 Spiritus
1473 2686 1582 2727 dicat
1599 2687 1793 2728 Ecclesiis
1809 2702 1850 2738 3»
1876 2691 1917 2729 et
1935 2689 2135 2741 quoniam
2155 2692 2229 2743 qui
2247 2692 2306 2733 sic

1270 2755 1404 2807 audit,
1431 2757 1575 2806 credit,
1601 2758 1834 2799 secundum
1861 2759 1965 2799 illud
1985 2759 2012 2781 ¹⁸
2035 2773 2043 2799 ε
2076 2774 2094 2799 c(
2112 2760 2233 2802 Fides
2252 2773 2306 2804 ex

1272 2828 1432 2878 auditu,
1454 2827 1622 2869 auditus
1639 2831 1782 2869 autem
1800 2840 1875 2881 per
1895 2829 2075 2870 verbum
2091 2829 2260 2881 Christi;
2280 2845 2299 2869 n

1268 2897 1310 2938 id
1342 2900 1404 2938 est
1434 2912 1442 2937 :
1485 2898 1559 2950 qui
1597 2898 1726 2939 credit
1762 2898 1982 2950 audiendo,
2013 2900 2304 2942 testimonium

1268 2967 1404 3008 reddit
1423 2967 1632 3020 loquendo
1655 2970 1696 3009 et
1721 2969 1957 3010 confitendo
1976 2969 2004 2992 ¹⁹
2027 2984 2068 3009 z«
2085 2970 2212 3011 Auris
2233 2983 2304 3012 au-

1269 3037 1385 3078 diens
1403 3038 1670 3079 beatificabat
1689 3050 1772 3090 me,
1798 3041 1839 3079 et
1857 3039 2004 3081 oculus
2024 3040 2170 3082 videns
2191 3041 2301 3082 testi—

1267 3107 1463 3148 monium
1506 3108 1703 3149 reddebat
1740 3109 1861 3150 mihi.
1895 3123 1914 3148 ›)
1966 3109 2061 3150 Ideo
2105 3110 2245 3151 subdit
2287 3125 2297 3151 z

1272 3218 1306 3224 -
1337 3201 1362 3222 12
1390 3201 1491 3241 ibid„
1519 3209 1550 3241 ν,
1576 3203 1608 3233 7.
1628 3217 1667 3224 —-
1687 3202 1712 3223 1³
1730 3202 1850 3241 Eccli.‚
1868 3211 1958 3242 xv1i,
1981 3205 2082 3235 18-19,
2105 3219 2146 3227 —-
2169 3203 2196 3225 ¹⁸
2224 3204 2294 3236 Jac.

1272 3256 1309 3287 11,
1333 3250 1382 3279 13.
1401 3265 1441 3271 —
1461 3249 1487 3269 15
1502 3248 1592 3279 Psal.
1610 3256 1714 3289 xxxv,
1734 3251 1766 3281 8.
1780 3265 1820 3272 —
1837 3250 1863 3270 1⁶
1881 3251 1955 3289 Tit„
1978 3257 2031 3290 111,
2048 3252 2078 3281 5.
2091 3267 2131 3274 —
2154 3252 2176 3270 ¹⁷
2194 3251 2306 3297 Alma,

1270 3302 1309 3334 11,
1329 3295 1468 3334 passim.
1485 3311 1523 3317 —
1548 3295 1575 3317 18
1595 3295 1700 3334 Rom„
1719 3304 1754 3336 x,
1779 3298 1828 3328 17.
1850 3312 1888 3319 -
1908 3297 1935 3318 1⁹
1953 3295 2025 3335 Job,
2046 3304 2143 3336 XXIX,
2165 3300 2215 3329 11.

1312 3353 1353 3392 (a)
1376 3353 1457 3385 Coet.
1470 3353 1551 3384 edit.
1572 3353 1768 3385 visitasti-
1787 3354 1831 3394 (b)
1851 3353 1897 3384 in.
1915 3355 2023 3386 Graec.
2037 3358 2147 3387 καὶ.-
2168 3355 2208 3395 (c)
2225 3356 2307 3387 Item

1267 3400 1602 3433 ccdd.lt1atthaeus.—
1619 3400 1667 3441 (d)
1686 3401 1768 3432 Item
1790 3400 1951 3433 saeculus.
1975 3402 2064 3435 LXX
2092 3412 2098 3434 z
2125 3405 2265 3445 σφραγὶς.
