2634 3853
265 257 341 295 552

261 343 305 383 in
329 353 476 394 carne,
498 345 539 383 et
558 341 616 382 ita
635 341 754 395 quasi
776 342 916 390 extra,
935 341 984 380 ut
1002 338 1046 379 in
1065 338 1288 379 vestimen-

262 416 333 463 to,
357 413 483 466 juxta
501 412 613 466 quod
641 411 821 452 dicitur-¹
844 424 853 450 :
881 424 900 448 c<
922 408 1129 451 Nolumus
1159 420 1288 462 expo—

260 483 383 535 liari,
420 483 492 524 sed
529 480 813 536 supervestiri.
849 493 868 518 1)
904 479 999 520 Ideo
1043 479 1288 532 Chrysosto·

262 566 358 596 mus
380 568 390 595 ε
419 570 437 593 (1
459 554 633 606 Propter
659 551 847 592 animam
867 549 975 591 Deus
995 550 1088 590 fecit
1107 561 1261 603 corpus
1275 581 1287 600 ,

262 628 301 666 et
325 625 508 666 multum
530 624 639 664 hanc
667 622 770 663 zelat
793 625 834 662 et
852 621 1118 674 persequitur
1146 620 1289 661 inimi-

262 709 351 738 cus.
385 696 542 748 Corpus
568 705 670 734 vero
694 693 997 734 vestimentum
1025 694 1087 733 est
1117 692 1285 734 animae.

263 767 378 810 Sicut
399 778 526 819 ergo,
549 766 584 806 si
615 766 710 818 quis
742 764 891 806 scindit
909 767 1070 807 vestem
1089 764 1262 806 alterius
1276 795 1289 816 ,

263 838 330 879 ille
349 837 521 891 quidem
540 836 742 890 injuriam
760 836 906 887 sentit,
922 836 1128 877 damnum
1147 838 1290 876 autem

262 909 305 950 in
326 920 505 961 persona
531 920 617 949 non
643 908 803 960 patitur
817 922 829 958 3
859 907 917 948 510
943 907 1085 948 61111116
1106 908 1157 960 (α)
1180 907 1288 948 occi-

262 980 390 1021 sionis
417 979 541 1021 sentit
563 978 774 1030 dolorem,
796 978 1000 1020 damnum
1032 982 1172 1020 autem
1204 990 1290 1020 non

261 1051 422 1104 patitur
440 1050 484 1091 in
503 1052 670 1091 natura.
692 1049 919 1103 Propterea
947 1050 1162 1103 corporale
1192 1062 1291 1103 sup·

260 1121 434 1174 plicium
461 1133 549 1162 non
581 1123 643 1162 est
675 1120 938 1171 timendum,
959 1133 1036 1162 nec
1066 1121 1193 1162 etiam
1221 1121 1291 1162 ille

260 1192 334 1245 qui
356 1192 504 1242 insert3
528 1192 600 1232 sed
623 1191 840 1244 spirituale
861 1196 922 1232 est
941 1192 1128 1233 maxIme
1147 1192 1291 1233 formi-

260 1263 446 1304 dandum
464 1294 475 1313 ‚
502 1264 543 1303 et
566 1262 679 1303 solus
701 1263 769 1304 ille
798 1264 871 1316 qui
903 1263 1006 1304 illud
1038 1263 1177 1304 insert.
1196 1277 1215 1301 1)
1241 1262 1292 1304 Ε1

260 1336 431 1387 propter
451 1333 530 1374 hoc
559 1333 673 1374 addit
695 1333 761 1386 (v.
785 1334 836 1387 6)
863 1348 872 1376 :
899 1333 1125 1376 Ostendam
1151 1337 1292 1377 autem

260 1405 376 1448 vobis
396 1390 518 1458 quem
547 1405 761 1456 timeatis,
789 1407 836 1446 ut
854 1405 965 1447 bono
988 1405 1142 1447 scilicet
1160 1407 1289 1448 timo-

260 1488 324 1527 re,
348 1476 508 1516 malum
528 1475 741 1516 declinetis
750 1507 764 1527 ,
787 1476 1022 1518 secuudum
1053 1476 1157 1519 illud
1178 1478 1291 1521 Jere-

260 1547 358 1589 mioe
375 1547 418 1588 ²:
448 1562 466 1586 α
487 1545 622 1588 Nolite
650 1546 799 1588 timere
828 1559 878 1588 ea
895 1578 910 1598 ‚
941 1548 1042 1600 quia
1074 1561 1151 1590 nec
1183 1550 1291 1591 male

262 1620 439 1671 possunt
458 1618 614 1668 facere,
636 1629 713 1659 nec
741 1618 862 1660 bene.
884 1633 904 1657 1)
928 1616 979 1659 Ε1
998 1623 1090 1672 post
1110 1635 1119 1661 :
1149 1636 1169 1660 «
1189 1620 1291 1670 Quis

263 1701 349 1731 11011
367 1689 531 1730 timebit
549 1692 610 1740 te,
632 1701 657 1730 o
676 1702 752 1730 rex
772 1689 997 1741 gentium?
1017 1705 1037 1729 1)
1063 1694 1142 1732 610.
1164 1691 1292 1733 Caete-

263 1772 384 1811 rum,
419 1759 616 1813 quamvis
649 1771 735 1799 non
766 1759 991 1804 timeamus
1030 1761 1292 1803 mundanam

262 1830 492 1884 potentiam
521 1861 532 1879 ‚
576 1832 739 1883 oportet
774 1842 851 1870 nos
891 1830 1043 1873 timere
1085 1833 1288 1875 divinam.

205 1892 210 1894 ’
264 1901 438 1954 Propter
474 1901 587 1954 quod
623 1901 776 1942 dicitur
806 1917 815 1942 :
855 1902 1012 1946 Timete
1051 1914 1180 1957 eum,
1217 1908 1294 1959 qui

261 1976 483 2026 postquam
513 1972 730 2023 occiderit,
764 1972 888 2017 habet
921 1979 1165 2027 potestatem
1201 1979 1294 2020 mic-

264 2051 346 2087 tere
376 2046 424 2086 z'n
451 2045 701 2097 gehennam.
725 2044 843 2086 Unde
863 2046 905 2086 in
935 2047 1102 2090 Psalmo
1122 2051 1163 2088 ⁸:
1194 2065 1213 2087 «
1232 2049 1295 2090 Ti-

266 2118 378 2157 meat
403 2116 628 2157 Dominum
654 2117 791 2157 omnis
818 2119 954 2168 terra3
988 2119 1040 2159 ab
1073 2131 1121 2160 eo
1151 2125 1293 2163 autem

265 2189 612 2229 commoveantur
632 2199 780 2228 omnes
794 2188 1077 2231 inhabitantes
1090 2192 1250 2234 orbem.
1269 2208 1288 2231 ))

991 248 1274 291 EVANGELII
1304 234 1490 290 51111011
1521 247 1670 289 1.thAE

1367 337 1466 389 duo,
1487 337 1568 378 hoc
1583 337 1822 391 dipondius.
1842 338 1949 380 Huic
1962 341 2199 392 concordat,
2222 351 2299 381 nee
2313 340 2392 381 dis-

1367 409 1526 461 cordat,
1543 408 1656 462 quod
1667 409 1821 450 dicitur
1831 409 1875 449 in
1887 410 2085 453 Matlhoeo
2101 412 2146 464 (b)
2159 411 2173 434 ⁷
2191 426 2227 452 :a
2243 409 2392 453 Nonne

1366 478 1451 520 duo
1481 491 1669 532 passeres
1697 491 1786 520 asse
1817 481 2034 521 veneunt?
2063 493 2082 518 1)
2118 481 2252 533 Quia,
2283 481 2392 522 sicut

1365 549 1582 600 videmus,
1605 562 1702 591 cum
1723 550 1910 604 quinque
1933 561 2016 591 ova
2045 551 2288 593 venduntur
2314 565 2392 607 pro

1366 631 1452 661 uno
1472 620 1665 671 denario,
1685 620 1769 662 duo
1799 621 1954 661 dantur
1982 631 2060 673 pro
2093 621 2231 662 obolo.
2265 623 2389 665 Parvi

1366 690 1501 743 igitur
1522 691 1645 744 pretii
1664 694 1726 732 est
1746 702 1911 745 passer,
1935 702 2034 731 cum
2053 692 2114 730 tot
2133 691 2191 731 ibi
2211 696 2392 734 veneant

1366 774 1442 815 pro
1461 774 1549 803 uno
1569 762 1755 804 denario.
1773 762 1933 803 Tamen
1954 773 2032 802 nec
2046 761 2136 814 ipse
2150 763 2212 802 est
2231 761 2393 804 alienus

1366 845 1391 874 6
1403 833 1548 874 divino
1561 833 1793 886 patrocinio
1804 846 1814 883 ;
1830 835 2000 886 propter
2011 831 2123 885 quod
2134 831 2302 873 additur
2316 846 2326 873 z
2341 833 2395 876 Et

1367 914 1480 946 unus
1492 913 1546 946 ex
1557 903 1643 946 illis
1661 914 1746 946 non
1766 904 1888 946 estin
1907 903 2113 945 oblivione
2134 913 2276 945 coram
2289 903 2395 951 Deo;

1366 974 1453 1015 imo
1477 974 1620 1015 divina
1644 974 1910 1027 providentia
1933 973 2221 1026 gubernatur,
2244 986 2393 1015 secun-

1367 1045 1470 1086 dum
1490 1045 1593 1086 illud
1609 1045 1623 1066 ⁸
1645 1059 1655 1085 ι
1678 1044 1857 1097 «Diligis
1874 1045 2018 1086 omnia
2037 1057 2133 1098 quae
2155 1047 2316 1096 sunt,et
2333 1045 2397 1085 ni-

1367 1116 1427 1156 hil
1441 1127 1592 1157 eorum
1610 1115 1732 1156 odisti
1747 1127 1844 1168 quae
1859 1115 1988 1156 fecisti
2002 1129 2012 1165 ;
2029 1127 2107 1156 nec
2123 1115 2239 1156 enim
2252 1115 2398 1156 odiens

1367 1186 1527 1240 aliquid
1557 1186 1829 1227 constituisti.
1858 1199 1878 1224 »
1903 1186 1967 1228 Ex
1987 1198 2073 1239 quo
2090 1187 2264 1239 apparet
2282 1186 2398 1239 quod

1367 1257 1512 1299 divina
1531 1257 1794 1310 providentia
1813 1269 1950 1310 usque
1969 1257 2021 1298 ad
2052 1256 2233 1298 minima
2263 1268 2309 1298 se
2328 1268 2400 1298 ex-

1366 1327 1513 1377 tendit,
1534 1339 1611 1368 nec
1631 1328 1892 1379 contradicit,
1908 1330 2029 1381 juxta
2049 1327 2204 1369 illud⁹z
2226 1342 2247 1366 «
2266 1327 2400 1369 Num-

1366 1400 1469 1454 quid
1496 1401 1547 1441 de
1576 1399 1714 1442 bobus
1744 1412 1845 1442 cura
1867 1403 1929 1441 est
1961 1400 2072 1441 Deo‘?
2099 1415 2118 1437 ))
2154 1399 2262 1441 Illud
2281 1400 2396 1441 enim

1366 1471 1618 1523 intelligitur
1648 1472 1698 1512 de
1734 1484 1838 1512 cura
1874 1471 2150 1525 providentiae
2185 1471 2394 1524 specialis,

1367 1555 1449 1596 qua
1468 1543 1715 1584 manuducit
1735 1556 1809 1595 per
1824 1543 1939 1584 viam
1952 1545 2121 1583 aeternae
2134 1543 2280 1583 salutis
2293 1557 2303 1593 ;
2319 1543 2398 1584 hoc

1367 1617 1511 1654 61116111
1539 1614 1794 1666 intelligitur
1827 1614 1876 1654 de
1904 1613 2168 1666 providentia
2188 1613 2399 1664 generalis

1367 1685 1740 1725 administrationis
1759 1688 1800 1724 et
1822 1683 2166 1735 conservationis,
2185 1683 2236 1724 de
2255 1696 2340 1737 quo
2353 1683 2399 1724 in

1368 1755 1532 1797 Psalmo
1555 1755 1582 1781 ¹⁰
1605 1767 1615 1796 t
1650 1770 1668 1792 <‹
1689 1754 1768 1804 Qui
1789 1755 1858 1795 dat
1885 1756 2092 1807 Jumentis
2116 1766 2256 1795 escam
2287 1755 2398 1808 ipso-

1367 1838 1464 1867 rum
1477 1857 1486 1876 ‚
1499 1830 1539 1867 et
1554 1826 1677 1879 pullis
1691 1838 1917 1867 corvorum
1932 1826 2228 1867 invocantibus
2243 1839 2356 1867 eum.
2373 1841 2392 1865 1)

1368 1897 1419 1938 Ε1
1438 1900 1536 1938 11016
1557 1897 1669 1950 quod
1689 1898 1869 1938 dicitur:
1899 1898 1993 1940 Non
2021 1901 2083 1940 est
2114 1899 2163 1940 in
2192 1897 2398 1941 oblivione

1368 1980 1506 2011 coram
1526 1970 1627 2011 Deo.
1650 1968 1790 2009 Minus
1810 1969 1923 2009 enim
1949 1968 2113 2018 dicens,
2145 1968 2240 2022 plus
2261 1969 2401 2022 signi-

1368 2042 1480 2091 ficat,
1504 2041 1604 2093 quia
1623 2040 1730 2080 nihil
1748 2040 1808 2080 015
1829 2040 1970 2081 evenit
1983 2039 2065 2079 nisi
2083 2040 2317 2080 secundum
2337 2041 2398 2081 di-

1367 2113 1514 2155 vinam
1551 2112 1860 2165 providentiam
1898 2112 2176 2153 ordinantem.
2202 2111 2321 2153 Unde
2354 2113 2399 2153 in

1369 2183 1568 2225 Matthoeo
1583 2183 1627 2235 (c)
1645 2184 1669 2205 ¹¹
1688 2195 1725 2223 z«
1738 2183 1856 2224 Unus
1870 2195 1923 2224 ex
1941 2183 2024 2223 illis
2036 2195 2122 2224 non
2141 2183 2258 2224 cadet
2272 2195 2398 2236 super

1369 2259 1526 2297 terram
1546 2255 1635 2295 sine
1653 2258 1770 2307 patre
1784 2257 1969 2297 vestro.»
1989 2254 2039 2295 Et
2052 2258 2196 2295 tamen
2208 2267 2395 2307 passeres
2418 2266 2556 2291 passeres

1368 2327 1562 2368 facillime
1594 2327 1748 2367 cadunt
1772 2341 1780 2367 :
1813 2326 1926 2368 unde
1960 2326 2160 2367 morbum
2187 2326 2395 2367 caducum
2417 2305 2562 2372 222¹}ssss

1368 2400 1525 2440 habere
1544 2399 1756 2440 dicuntur.
1778 2397 1829 2438 Et
1847 2399 2068 2450 propterea
2089 2397 2306 2449 potissime
2327 2409 2398 2450 po·
2418 2385 2555 2454 ἀζζξξζζ

1367 2472 1432 2512 1111
1453 2471 1502 2511 de
1522 2470 1580 2510 eis
1599 2469 1863 2522 exemplum⁷
1884 2472 2087 2521 tanquam
2107 2467 2158 2508 de
2186 2479 2233 2508 16
2262 2468 2399 2508 mani-

267 2258 316 2299 Et
335 2258 435 2310 quia
462 2257 709 2310 hujusmodi
736 2258 865 2299 timor
890 2260 1077 2301 maxime
1098 2263 1212 2303 utilis
1232 2268 1295 2305 est

266 2333 307 2370 et
328 2329 612 2381 necessarius,
635 2329 727 2369 ideo
754 2329 878 2370 iterat
897 2343 906 2370 z
929 2332 1000 2375 lca
1031 2332 1126 2376 clz'co
1148 2335 1265 2377 vobis
1281 2369 1291 2388 ,

266 2401 377 2442 hunc
414 2401 564 2443 timete.
605 2399 722 2441 Unde
759 2401 902 2443 Isaias
933 2402 946 2423 ¹·
983 2417 992 2444 ε
1025 2404 1294 2448 «Dominum

144 3273 252 3309 Dipon-

116 3314 192 3342 dius.

266 2471 532 2513 exercituum
564 2471 703 2524 ipsum
735 2472 1012 2524 sanctificate;
1046 2475 1134 2527 ipse
1162 2489 1295 2529 pavor

266 2545 420 2592 vester,
435 2546 475 2583 et
491 2543 581 2596 ipse
600 2546 736 2584 terror
756 2546 909 2584 vester.
925 2559 945 2582 1)
964 2545 1014 2586 Et
1035 2547 1238 2591 Jeremz'as
1254 2550 1292 2589 ⁵:

273 2629 292 2654 «
311 2613 377 2654 Me
399 2625 504 2666 ergo
524 2626 611 2655 non
643 2614 869 2664 timebitis,
891 2615 950 2656 ait
970 2615 1189 2670 Dominus,
1208 2623 1250 2661 et
1272 2633 1296 2662 a

267 2685 369 2726 facie
390 2697 484 2726 mea
500 2717 512 2736 ‚
536 2700 554 2723 ))
582 2687 690 2726 etc.?

322 2755 515 2797 Secundo
531 2768 634 2799 vero
650 2760 821 2798 revocat
839 2769 863 2798 a
882 2759 1034 2800 timore
1052 2760 1294 2812 hominum,

269 2828 369 2881 quia
405 2827 513 2868 nihil
549 2830 727 2880 possunt
768 2832 911 2870 contra
950 2832 1193 2882 generalem
1225 2834 1298 2876 Dei

269 2898 594 2951 providentiam.
621 2898 836 2948 Quantum
855 2900 904 2941 ad
922 2901 1003 2942 hoc
1021 2902 1120 2942 dicit
1135 2904 1201 2955 (v.
1225 2908 1249 2945 6
1264 2905 1296 2958 ):

270 2971 416 3013 Nonne
433 2973 619 3024 quinque
630 2982 822 3024 passeres
851 2978 1037 3016 veneunt
1059 2974 1298 3028 dipondio?

270 3042 500 3096 Dipondius
536 3043 605 3083 1110
634 3056 790 3084 nomen
823 3047 886 3085 est
927 3050 1109 3088 monetae
1141 3047 1299 3089 haben-

270 3114 323 3154 tis
361 3113 465 3154 duos
502 3113 668 3164 0110105,
691 3117 779 3155 sive
814 3127 942 3157 asses.
977 3116 1095 3158 Unde
1128 3117 1295 3159 Beda⁶z

277 3200 296 3224 α
315 3185 544 3238 Dipondius
577 3188 637 3225 est
666 3186 831 3238 pondus
855 3200 908 3228 ex
937 3188 1102 3229 duobus
1135 3190 1299 3231 assibus

271 3256 569 3310 compositum.
591 3269 610 3293 1)
637 3255 755 3305 Quod
775 3260 917 3298 autem
946 3259 991 3300 in
1023 3261 1212 3301 numeris
1238 3264 1300 3302 est

272 3341 438 3380 unum,
461 3331 502 3370 et
535 3327 616 3369 hoc
648 3327 693 3368 in
721 3329 978 3380 ponderibus
1005 3334 1068 3371 est
1085 3343 1157 3382 as;
1186 3333 1299 3385 quod

314 3460 370 3491 ¹-11
404 3460 494 3500 Com,
524 3467 575 3502 lv,
605 3463 633 3493 4.
660 3477 699 3484 —
732 3461 742 3479 ²
771 3462 901 3498 Jerem„
933 3470 972 3502 x,
999 3464 1036 3502 5,
1062 3464 1091 3494 7.
1115 3480 1155 3486 -—
1178 3464 1189 3481 ³
1209 3463 1296 3495 Psal.

270 3514 386 3546 xxxv,
415 3509 444 3538 8.
481 3526 512 3530 ——
538 3509 548 3527 ⁴
576 3510 654 3550 Isa.,
675 3517 756 3549 vlu,
789 3511 836 3540 13.
866 3527 905 3532 -
931 3511 945 3532 5
968 3510 1102 3549 Jerem„
1131 3517 1160 3549 v,
1186 3513 1237 3542 22.
1258 3528 1297 3534 —-

270 3554 281 3571 ἦ
302 3554 395 3595 8611,
419 3556 451 3585 in
477 3555 566 3596 Luc„
588 3555 646 3587 lib.
672 3557 729 3596 lv,
750 3565 779 3588 0.
802 3564 848 3588 1.1.
870 3574 909 3579 —
931 3557 944 3579 ⁷
971 3557 1103 3596 Mami„
1125 3567 1164 3598 x,
1185 3560 1236 3590 29.
1258 3575 1297 3581 -

1368 2545 1487 2585 festa.
1518 2541 1582 2583 Ex
1610 2553 1693 2594 quo
1714 2540 1928 2592 colligitur
1953 2542 2158 2592 tanquam
2177 2551 2202 2578 a
2219 2538 2397 2590 minori,

1369 2615 1484 2669 quod
1503 2613 1689 2654 maxime
1709 2612 1818 2653 circa
1838 2611 2036 2663 regimen
2054 2610 2241 2651 hominis
2256 2610 2402 2652 divina

1370 2684 1635 2739 providentia
1653 2683 1705 2723 sit
1726 2683 1900 2723 intenta.
1930 2681 1994 2722 Ad
2019 2682 2142 2734 quus
2168 2683 2402 2734 expressio-

1370 2768 1470 2798 nem
1493 2756 1606 2797 addit
1628 2755 1684 2808 (v.
1708 2755 1744 2808 7)
1764 2769 1773 2795 :
1797 2753 1887 2796 Sed
1907 2757 1944 2796 et
1964 2754 2111 2807 capilli
2132 2755 2289 2806 capitis
2307 2765 2400 2797 ves-

1372 2830 1430 2872 trz'
1449 2838 1588 2871 omnes
1611 2827 1828 2869 numerati
1855 2829 1972 2868 sunt.
2002 2826 2065 2867 Ex
2089 2838 2174 2878 quo
2194 2826 2316 2867 datur
2341 2827 2402 2866 in-

1370 2900 1509 2952 telligi
1522 2932 1534 2951 ‚
1551 2900 1663 2953 quod
1679 2900 1864 2940 maxime
1881 2901 1942 2939 est
1958 2898 2019 2939 illi
2033 2911 2132 2949 cura
2146 2898 2196 2939 de
2209 2899 2398 2940 homine.

1372 2971 1489 3013 Unde
1510 2970 1621 3012 Beda
1640 2972 1668 2996 ¹²
1694 2985 1702 3011 :
1733 2986 1752 3010 <‹
1773 2970 1853 3013 Sed
1873 2974 1912 3013 et
1930 2969 2091 3023 capilli,
2114 2971 2162 3010 ut
2183 2969 2234 3009 de
2263 2981 2402 3010 massa

1372 3043 1558 3097 corporis
1579 3045 1759 3094 16066111,
1788 3054 1889 3083 116111
1919 3044 1961 3082 et
1987 3041 2164 3081 minutae
2183 3040 2402 3092 particulae

1372 3115 1443 3156 Dei
1477 3114 1739 3167 providentia
1772 3113 2086 3154 conservantur.
2111 3124 2130 3148 ›)
2166 3110 2285 3151 Unde
2314 3123 2401 3151 nu-

1372 3186 1551 3226 meratio
1578 3187 1771 3226 nontam
1799 3184 1980 3225 refertur
2004 3182 2054 3222 ad
2085 3182 2397 3234 cognitionem,

1372 3270 1502 3311 quam
1533 3257 1586 3298 ad
1618 3255 1986 3308 diligentissimam
2007 3254 2396 3305 conservationem,

1372 3330 1475 3383 quia
1502 3330 1553 3371 de
1588 3327 1834 3382 corporibus
1865 3327 2110 3367 sanctorum
2147 3324 2398 3378 patientium

1372 3464 1382 3481 ⁶
1403 3462 1497 3502 Sap.‚
1517 3469 1566 3501 xi,
1588 3462 1638 3492 25.
1660 3476 1698 3482 -
1721 3462 1732 3478 ⁰
1753 3459 1765 3491 Ι
1787 3459 1875 3494 Cor„
1896 3466 1945 3498 1x,
1968 3459 2000 3490 9.
2015 3475 2055 3480 —
2073 3457 2102 3479 ¹0
2120 3456 2210 3488 Psal.
2231 3464 2344 3497 cxnvt,
2366 3459 2396 3490 9.

1371 3527 1411 3533 —
1430 3510 1455 3531 ¹¹
1478 3508 1614 3549 Mami„
1633 3515 1667 3546 x,
1687 3508 1781 3538 29.-
1801 3506 1825 3527 ¹²
1838 3505 1933 3545 Bed„
1954 3505 2011 3536 ubi
2029 3503 2204 3545 sup.—(a)
2223 3503 2302 3536 Caet.
2317 3503 2397 3536 edit.

1370 3558 1523 3589 ruina.—
1539 3555 1582 3597 (11)
1603 3554 1681 3587 dicit
1698 3554 1930 3586 Matthaeus-
1952 3553 1995 3594 (c)
2016 3553 2114 3585 Unde
2133 3552 2323 3584 Matthaeus.

2609 3589 2624 3618 ‘s'

2611 3455 2634 3590 ι’ςικνικ
2597 3387 2634 3443 34<
2615 3246 2634 3382 mss-..v
2630 3205 2634 3211 .

2625 3602 2634 3625 Α

2603 3630 2634 3853 m?
