2634 3853
1054 120 1330 163 EXPOSITIO
1360 122 1413 164 IN
1441 123 1555 166 CAP.
1588 125 1617 165 I.

276 215 555 273 promiserat¹
580 228 589 255 ε
619 227 638 252 α
656 212 905 253 Benedicam
924 211 1020 262 tibi,
1046 213 1087 252 et
1103 211 1301 263 magnifi-

276 290 378 329 cabo
400 297 557 327 nomen
579 286 704 325 tuum
716 314 728 334 ,
750 283 916 335 erisque
936 281 1195 322 benedictus.
1218 281 1299 321 Be-

273 357 463 399 nedicam
492 353 832 396 benedicentibus
863 353 959 403 tibi,
990 354 1030 392 et
1050 352 1298 392 maledicam

273 425 618 468 maledicentibus
631 424 721 474 tibi,
738 425 864 476 atque
882 422 927 462 in
944 424 984 462 te
998 421 1299 462 benedicentur

271 498 484 540 universae
509 495 782 548 cognationes
806 496 947 534 terrae.
974 508 992 531 n
1027 493 1145 534 Hanc
1171 494 1300 534 bene-

272 568 498 609 dictionem
529 565 726 619 praedixit
758 564 872 604 Isaac
898 564 943 603 in
968 565 1112 615 figura
1132 564 1230 616 agri
1250 564 1263 584 ²
1284 578 1293 603 :

277 654 297 678 «
316 639 418 679 Ecce
437 639 540 679 odor
561 637 635 677 filii
656 636 760 685 mei,
787 635 893 675 sicut
919 635 1021 675 odor
1040 635 1134 687 agri
1160 635 1295 687 pleni,

271 709 341 750 cui
360 709 573 750 benedixit
592 707 811 748 Dominus.
844 721 863 743 >³
900 705 1019 746 Hanc
1042 705 1299 746 benedictio-

270 792 368 821 nem
389 778 656 821 confirmavit
674 778 801 818 Jacob
823 777 836 797 ³
859 791 868 818 2
894 791 914 815 (ι
937 775 1211 828 Omnipotens
1227 776 1298 817 be-

270 850 435 891 nedicet
466 849 541 889 tibi
575 847 938 888 benedictionibus
969 846 1062 887 coeli
1099 846 1294 899 desuper,

269 919 628 962 benedictionibus
674 919 814 971 abyssi
855 918 1034 970 jacentis
1075 918 1271 958 deorsum
1285 950 1294 967 ‚

270 991 632 1032 benedictionibus
652 991 835 1031 uberum
854 993 894 1030 et
909 989 1051 1031 vulvae
1074 1004 1082 1030 t
1106 990 1297 1030 benedic-

270 1061 404 1102 tiones
423 1062 552 1114 patris
569 1061 633 1101 tui
655 1061 897 1101 confortatae
917 1061 1018 1099 sunt
1038 1059 1296 1100 benedictio-

270 1133 395 1174 nibus
421 1136 590 1186 patrum
616 1134 728 1185 eJus,
764 1132 896 1172 donec
928 1130 1092 1172 veniret
1131 1131 1292 1172 deside-

270 1204 384 1244 rium
407 1204 576 1253 collium
593 1206 868 1243 aeternorum.
898 1215 917 1239 ›)
948 1201 1066 1241 Hanc
1086 1202 1297 1242 desidera-

269 1274 359 1323 bat,
388 1276 428 1314 et
446 1274 556 1313 hanc
574 1273 885 1325 imprecabatur
918 1271 1081 1324 Moyses
1105 1275 1117 1296 ⁴
1141 1286 1150 1312 ε
1180 1288 1199 1310 α
1219 1272 1296 1313 Be-

267 1343 455 1385 nedictus
475 1344 634 1384 fructus
654 1343 814 1383 ventris
833 1342 908 1392 tui,
932 1343 974 1381 et
992 1342 1156 1382 fructus
1171 1345 1295 1384 terrae

267 1417 367 1455 tuae.
389 1427 408 1451 ›>
433 1413 482 1454 Et
501 1414 594 1455 ideo
613 1416 832 1454 cantemus
851 1424 949 1452 cum
970 1412 1101 1453 David
1118 1417 1131 1438 ὅ
1157 1426 1166 1453 :
1190 1428 1209 1452 (‹
1223 1413 1297 1454 Be-

266 1485 489 1536 nedixisti,
513 1485 709 1534 Domine,
728 1487 887 1524 terram
908 1487 1040 1524 tuam.
1067 1499 1086 1522 »
1109 1484 1297 1538 Comple-

267 1558 360 1597 tum
380 1560 440 1597 est
459 1557 586 1597 etiam
615 1556 660 1595 in
680 1556 811 1596 Maria
832 1555 937 1596 illud
953 1555 966 1577 ⁶
996 1567 1005 1596 ε
1029 1569 1049 1593 c<
1072 1555 1116 1596 In
1147 1556 1295 1597 multi-

267 1627 415 1668 tudine
434 1627 664 1668 electorum
692 1626 865 1667 habebit
893 1626 1088 1678 laudem,
1120 1631 1160 1666 et
1184 1628 1294 1668 inter

267 1696 508 1738 benedictos
527 1697 814 1737 benedicetur.
837 1711 854 1733 n
882 1696 1103 1737 Benedicta
1122 1697 1202 1737 suit
1225 1696 1295 1738 Ja-

267 1768 336 1809 hel
364 1769 376 1791 ⁷
403 1782 411 1808 :
447 1783 466 1807 (ι
491 1767 713 1809 Benedicta
745 1767 854 1808 inter
885 1767 1084 1807 mulieres
1114 1767 1248 1809 Jahel.
1269 1782 1288 1806 n

267 1838 491 1879 Benedicta
510 1839 589 1879 fuit
616 1838 729 1878 Ruth
749 1838 762 1859 ⁸
784 1850 794 1878 ;
822 1853 840 1876 (ι
860 1837 1081 1878 Benedicta
1107 1850 1150 1878 es
1170 1851 1194 1879 a
1213 1839 1292 1880 Do-

268 1910 511 1960 mino,f1lia.
529 1923 548 1947 ›>
567 1909 790 1950 Benedicta
800 1908 969 1961 Abigail
985 1912 997 1934 ⁹
1018 1924 1057 1949 :a
1070 1908 1294 1952 Benedicta

266 1984 333 2032 tu,
357 1992 452 2033 quae
474 1980 727 2033 prohibuisti
755 1991 820 2020 me
846 1980 971 2020 hodie
983 2011 997 2031 ,
1027 1992 1081 2020 ne
1110 1981 1217 2021 irem
1242 1983 1294 2023 ad

265 2051 540 2103 sanguinem,
574 2053 615 2091 et
645 2050 869 2091 ulciscerer
901 2063 984 2091 me.
1015 2065 1033 2089 ))
1072 2051 1294 2095 Benedicta

262 2121 284 2162 J
290 2121 409 2163 udith
430 2122 458 2144 ¹⁰
482 2136 490 2162 z
520 2136 540 2159 <‹
558 2121 781 2162 Benedicta
799 2133 841 2162 es
858 2124 927 2171 tu,
948 2122 1049 2173 filia,
1070 2135 1093 2163 a
1114 2123 1293 2166 Domino

264 2193 348 2234 Deo
369 2193 533 2234 excelso
554 2206 641 2246 prae
666 2193 866 2234 omnibus
891 2194 1141 2236 mulieribus
1167 2208 1294 2248 super

263 2265 437 2305 terram.
458 2278 477 2302 >)
512 2263 625 2304 Inter
643 2264 718 2304 has
749 2264 971 2315 mulieres,
994 2268 1035 2306 et
1056 2278 1184 2319 super
1216 2268 1293 2307 has

263 2334 462 2375 mulieres
492 2334 709 2375 benedicta
742 2337 803 2375 est
836 2336 964 2387 virgo
997 2336 1153 2386 Maria,
1192 2338 1291 2390 quia

264 2403 436 2444 illarum
455 2405 768 2445 benedictiones
793 2405 979 2457 impletae
1000 2409 1098 2446 sunt
1122 2408 1165 2447 in
1193 2407 1288 2449 hac.

317 2477 385 2516 43.
405 2474 460 2516 Et
475 2474 587 2516 unde
600 2475 674 2516 hoc
688 2475 818 2526 mihi,
837 2477 1060 2527 utvem'at,
1077 2480 1155 2518 etc.
1175 2477 1291 2519 Prae-

263 2545 392 2586 missa
428 2546 738 2598 opportunitate
778 2546 1051 2597 testificandi,
1096 2548 1291 2590 subditur

261 2615 331 2656 hic
349 2615 504 2657 veritas
533 2616 784 2668 testimonii;
814 2617 867 2657 ad
896 2619 1018 2670 cuius
1046 2619 1288 2672 explicatio-

262 2698 361 2727 nem
390 2687 473 2728 tria
500 2688 728 2729 introducit
758 2687 1032 2740 Evangelista
1055 2704 1064 2730 ε
1099 2691 1288 2743 primum

261 2761 322 2800 est
340 2758 602 2811 praeconium
623 2759 943 2810 admirativum3
966 2762 1202 2802 secundum
1229 2767 1290 2804 est

261 2829 435 2881 signum
457 2830 806 2882 approbativum3
825 2832 999 2872 tertium
1026 2845 1150 2885 vero,
1172 2835 1289 2874 testi-

260 2902 453 2942 monium
474 2902 792 2944 affirmativum.
821 2902 1011 2944 Primum
1031 2908 1144 2945 tenet
1165 2907 1289 2947 ratio-

261 2983 358 3012 nem
388 2973 704 3025 propositionis;
739 2974 992 3026 secundum,
1028 2978 1285 3030 assumptio-

262 3040 351 3091 nis;
373 3044 411 3082 et
431 3043 602 3084 tertium
616 3075 626 3095 ,
652 3044 946 3085 conclusionis.

316 3110 544 3154 Introducit
559 3126 664 3167 ergo
681 3115 946 3168 praeconium
964 3115 1283 3170 admirativum,

264 3193 362 3222 cum
379 3182 477 3224 dicit
502 3184 715 3227 Elisabeth
738 3201 747 3228 ε
772 3187 827 3230 Ec
844 3186 956 3228 unde
985 3187 1058 3230 hoc
1086 3189 1207 3240 mihi,
1241 3194 1288 3233 ut

307 3310 429 3353 ¹Gen.,
454 3321 517 3353 ΧΠ,
539 3316 577 3355 2,
604 3318 635 3349 3.
658 3333 700 3341 —-
723 3318 737 3339 2
763 3317 856 3358 Gen„
881 3325 993 3359 xxvii,
1019 3320 1071 3351 27.
1095 3336 1134 3342 -—
1160 3320 1171 3338 ³
1192 3320 1285 3362 Gen„

261 3365 360 3398 xus,
378 3360 430 3399 25,
450 3360 502 3391 26.
516 3376 557 3384 ·-
573 3362 587 3385 '⁶
608 3364 719 3403 Deut..
739 3372 863 3405 xxvm,
887 3366 919 3396 4.
940 3382 982 3389 —
999 3366 1013 3388 ὅ
1034 3366 1124 3398 Psal.
1143 3375 1287 3409 anw,

262 3407 294 3438 2.
310 3422 351 3430 —-
372 3406 383 3424 ⁶
403 3405 520 3447 Ecclz'„
549 3417 649 3450 xxlv,
674 3412 704 3442 4.
728 3428 769 3435 —
787 3413 798 3431 ⁷
820 3412 940 3453 ludio„
972 3421 1004 3452 v,
1027 3415 1076 3446 24.
1096 3430 1136 3437 —
1159 3415 1169 3433 ⁸
1189 3416 1286 3457 Ruth,

2323 139 2399 178 237

1377 215 1523 256 veniat
1539 217 1673 257 mater
1692 215 1868 257 Domini
1888 217 1971 258 mei
1987 218 2047 259 ad
2065 221 2159 262 me?
2180 221 2268 263 Hoc
2286 225 2399 265 enim

1375 286 1439 324 est
1469 285 1592 326 valde
1629 285 1857 337 laudabile,
1894 289 1935 328 et
1974 289 2101 331 etiam
2133 292 2398 347 admirabile,

1375 355 1488 406 quod
1509 356 1662 397 mulier
1679 356 1731 397 sit
1751 360 1886 398 mater
1907 357 1994 400 Dei.
2018 359 2134 402 Unde
2153 365 2316 415 poterat
2339 365 2402 405 di-

1374 438 1482 474 cere,
1503 426 1608 467 sicut
1622 428 1728 468 dixit
1744 428 1916 470 Areuna
1930 431 2023 483 regi
2043 431 2174 474 David
2191 434 2217 456 ¹¹
2234 447 2275 475 z«
2289 435 2396 484 Quid

1374 509 1512 538 causae
1533 501 1616 550 est,
1641 504 1687 540 ut
1715 502 1856 542 veniat
1887 502 2085 545 dominus
2105 517 2226 548 meus
2255 519 2331 548 rex
2351 509 2402 549 ad

1373 578 1545 608 servum
1568 574 1721 611 suum?
1744 585 1763 608 »
1789 571 1852 612 Ex
1872 586 1959 626 quo
1977 575 2092 616 enim
2109 575 2215 617 facta
2234 580 2296 619 est
2317 591 2402 620 ma-

1372 638 1437 677 ter
1457 636 1554 690 Dei,
1571 651 1740 681 summa
1760 642 1927 684 Domini
1947 647 2139 688 omnium
2157 648 2291 690 eluxit
2309 649 2403 702 dig-

1372 709 1487 749 natio
1498 741 1508 760 ,
1525 712 1573 750 ut
1585 711 1658 763 qui
1673 713 1764 753 suis
1778 714 1957 766 pedibus
1969 717 2154 758 alienum
2169 718 2402 773 hospitium

1372 780 1544 823 visitare
1557 794 1643 823 non
1656 783 1889 826 abhorruit.
1909 787 1965 829 De
1979 801 2062 841 quo
2079 790 2250 841 quidem
2267 792 2400 845 Virgo

1375 851 1596 903 gloriatur,
1623 853 1764 894 dicens
1787 856 1817 879 ¹²
1847 869 1856 896 ε
1887 856 2015 909 «Ego
2047 862 2181 900 mater
2212 862 2401 914 pulchrae

1373 921 1618 973 dilectionis,
1631 926 1671 964 et
1686 925 1865 977 timoris,
1883 930 1923 968 et
1931 929 2175 982 agnitionis,
2191 935 2231 972 et
2245 937 2401 975 sanctae

1372 993 1474 1044 spei.
1510 1008 1529 1030 »
1554 992 1661 1043 Quia
1689 999 1858 1049 propter
1885 998 2135 1050 dignitatem
2165 1005 2400 1045 maternam

1372 1067 1433 1104 est
1464 1064 1589 1116 virgo
1622 1064 1754 1106 Maria
1793 1068 2027 1122 diligenda,
2064 1074 2325 1126 veneranda,
2361 1079 2401 1116 et

1372 1146 1469 1174 cum
1482 1136 1596 1175 omni
1612 1136 1766 1177 fiducia
1776 1138 1982 1191 adeunda,
2002 1143 2204 1196 tanquam
2220 1157 2399 1187 summae

1371 1205 1673 1248 misericordiae
1694 1211 1842 1250 mater.

1425 1274 1617 1318 Secundo
1652 1279 1791 1318 subdit
1820 1281 2028 1331 judicium
2060 1286 2396 1340 approbationis,

1370 1357 1468 1386 cum
1486 1347 1582 1387 dicit
1606 1348 1660 1400 (v.
1677 1351 1741 1400 44)
1758 1364 1766 1389 ε
1785 1350 1889 1392 Ecce
1904 1354 2015 1394 enim
2036 1357 2083 1396 uc
2103 1356 2220 1405 facta
2240 1361 2399 1401 estvooe

1370 1416 1648 1460 salutationis
1669 1424 1751 1460 tuce
1773 1422 1819 1462 in
1840 1423 2016 1465 auribus
2038 1426 2163 1476 meis,
2184 1430 2400 1472 exultavit

1369 1488 1418 1528 in
1437 1488 1598 1540 qaudz'o
1627 1490 1776 1541 infans
1804 1493 1851 1533 z'n
1878 1498 1996 1536 utero
2020 1507 2124 1539 meo.
2154 1496 2203 1538 Et
2229 1499 2309 1540 hoc
2338 1504 2400 1541 est

1368 1558 1557 1610 signum,
1581 1561 1692 1613 quod
1716 1561 1745 1585 ¹³
1759 1578 1777 1600 <‹
1797 1563 1952 1605 diffusa
1973 1569 2033 1606 est
2053 1568 2191 1618 gratia
2215 1570 2258 1609 in
2277 1569 2398 1611 labiis

1369 1630 1475 1680 tuis,
1490 1645 1510 1668 ›)
1536 1633 1578 1670 et
1592 1634 1813 1684 propterea
1830 1638 1992 1675 certum
2011 1641 2085 1689 est,
2108 1640 2220 1691 quod
2243 1656 2261 1679 α
2275 1641 2399 1682 bene-

1368 1701 1474 1742 dixit
1486 1705 1526 1742 te
1540 1702 1650 1743 Deus
1665 1704 1709 1744 in
1726 1708 1950 1748 aeternum.
1973 1722 1991 1746 ))
2015 1709 2065 1749 Et
2082 1722 2135 1750 ex
2155 1724 2238 1764 quo
2258 1713 2397 1755 infans

1368 1774 1426 1814 sic
1467 1788 1594 1828 supra
1632 1779 1830 1818 naturam
1865 1781 2093 1834 exultavit,
2135 1787 2294 1827 certum
2336 1792 2398 1828 est

1368 1846 1481 1897 quod
1499 1846 1702 1887 Dominus
1719 1852 1886 1891 naturae
1907 1851 1985 1891 sibi
2006 1856 2249 1896 occurrerit.
2275 1857 2324 1898 Et
2345 1871 2397 1899 ex

1367 1928 1453 1968 quo
1474 1917 1705 1959 infantulus
1726 1922 1949 1973 respondet
1978 1936 2031 1964 ex
2061 1928 2203 1979 utero,
2236 1931 2397 1969 certum

1367 1989 1428 2027 est
1446 1989 1486 2028 te
1506 1990 1745 2042 concepisse
1766 1991 1885 2032 illum
1898 2025 1911 2044 ,
1935 1995 2005 2046 qui
2029 1999 2151 2036 vocat
2178 1998 2230 2038 ab
2250 2002 2371 2041 utero
2386 2033 2396 2052 ‚

1367 2059 1599 2100 secundum
1626 2060 1730 2102 illud
1753 2061 1781 2083 ¹⁶
1806 2078 1814 2103 :
1844 2079 1863 2102 <r
1883 2063 2089 2107 Dominus
2109 2069 2160 2109 ab
2178 2072 2299 2111 utero
2320 2084 2398 2114 vo-

1367 2130 1479 2171 cavit
1501 2143 1588 2182 me,
1612 2132 1662 2172 de
1683 2136 1829 2175 ventre
1858 2137 2004 2177 matris
2024 2151 2129 2180 meae
2152 2143 2396 2185 recordatus

1366 2203 1428 2240 est
1447 2202 1630 2242 nominis
1651 2204 1758 2256 mei,
1786 2219 1806 2243 »
1843 2210 1921 2247 etc.
1943 2207 1994 2249 Et
2024 2221 2196 2262 rursuS,
2228 2224 2281 2253 ex
2311 2227 2397 2267 quo

1366 2283 1471 2323 puer
1499 2274 1706 2316 exultavit
1731 2279 1818 2318 tam
1848 2279 2112 2333 mirabiliter,
2148 2287 2307 2325 certum
2335 2290 2397 2327 est

1359 2342 1451 2392 Jam
1472 2348 1815 2387 consummatum
1844 2360 1934 2389 esse
1960 2352 2179 2403 veraciter,
2208 2356 2322 2407 quod
2351 2357 2395 2396 in

1365 2414 1486 2456 lsaia
1507 2415 1659 2456 dicitur
1680 2418 1707 2442 ¹⁵
1730 2432 1740 2460 z
1760 2434 1779 2457 α
1799 2419 1951 2461 Exulta
1970 2425 2011 2462 et
2030 2423 2168 2476 lauda,
2191 2426 2395 2469 habitatio

1365 2484 1490 2536 Sion,
1527 2487 1627 2538 quia
1657 2500 1842 2541 magnus
1872 2491 1915 2531 in
1946 2493 2086 2534 medio
2124 2497 2185 2536 tui
2218 2497 2394 2540 Sanctus

1365 2555 1505 2597 Israel.
1521 2571 1540 2594 n
1566 2557 1616 2598 Et
1630 2558 1731 2600 illud
1747 2562 1774 2586 ¹⁶
1797 2575 1804 2601 :
1823 2576 1842 2599 α
1857 2562 2010 2604 Exulta
2028 2566 2143 2617 satis,
2164 2567 2249 2609 filia
2268 2569 2391 2621 Sion3

1359 2627 1518 2678 jubila,
1542 2629 1628 2669 filia
1647 2630 1879 2672 Jerusalem
1909 2648 1917 2674 z
1941 2646 2034 2675 ecce
2053 2649 2130 2677 rex
2149 2641 2248 2679 tuus
2279 2641 2395 2682 venit

1363 2698 1439 2737 tibi
1457 2700 1600 2751 Justus
1620 2704 1660 2742 et
1680 2702 1879 2746 salvator.
1899 2719 1918 2743 n
1944 2704 2008 2746 Ex
2027 2719 2112 2760 quo
2126 2709 2258 2761 igitur
2274 2712 2393 2753 mira-

1363 2768 1503 2810 biliter
1522 2772 1730 2814 exultavit
1749 2774 2007 2825 praecursor,
2026 2779 2117 2830 Jam
2138 2783 2298 2822 certum
2321 2783 2393 2824 ha-

1362 2839 1486 2881 bebat
1505 2842 1708 2884 indicium
1721 2845 1791 2897 (a),
1809 2847 1921 2898 quod
1942 2850 2105 2890 venerit
2119 2849 2313 2894 Salvator
2327 2869 2337 2904 ;
2355 2858 2394 2895 et

1362 2911 1461 2964 quia
1490 2916 1651 2954 certum
1673 2914 1854 2956 habebat
1886 2917 2090 2960 indicium
2113 2921 2182 2974 (a),
2206 2923 2299 2965 ideo
2321 2938 2391 2966 ve-

1361 2981 1474 3022 ritati
1493 2983 1687 3025 subditur
1706 2987 2020 3039 testimonium,
2048 2990 2138 3032 sive
2174 2995 2392 3036 oraculum

1361 3053 1685 3107 affirmativum,
1708 3069 1805 3098 cum
1821 3058 1971 3099 dicitur
2001 3060 2055 3113 (v,
2081 3062 2146 3115 45)
2171 3077 2180 3103 ε
2204 3064 2261 3108 Ec
2277 3065 2393 3108 beata

1361 3135 1454 3177 quoe
1465 3125 1703 3177 credidisti,
1720 3130 1921 3181 quoniam
1928 3131 2210 3183 perficientur
2223 3146 2287 3186 ea,
2301 3147 2394 3189 quoe

1360 3227 1416 3260 111,
1439 3221 1488 3252 10.
1512 3238 1552 3244 —-
1572 3222 1583 3239 ⁹
1605 3221 1616 3252 1
1635 3221 1726 3262 Κεφ,
1746 3231 1827 3264 xxv,
1854 3225 1907 3255 33.
1926 3240 1967 3247 —
1989 3225 2017 3248 ¹0
2037 3225 2164 3268 Judz'tlz,
2185 3236 2262 3270 xm,
2282 3231 2332 3266 31.
2353 3248 2394 3254 —

1362 3267 1385 3288 1¹
1403 3267 1431 3298 11
1454 3268 1546 3309 Req„
1568 3276 1662 3311 xxIV,
1684 3272 1736 3303 21.
1756 3288 1796 3295 —
1823 3271 1847 3292 ¹²
1868 3271 1988 3310 Eccli„
2005 3280 2099 3313 xxiv,
2120 3276 2173 3306 24.
2189 3292 2230 3298 --
2252 3276 2277 3298 ¹³
2295 3277 2391 3309 Psal.

1360 3321 1454 3355 xmv,
1486 3316 1516 3346 3.
1543 3333 1581 3339 —
1616 3316 1640 3338 ¹⁴
1668 3317 1746 3359 Isa„
1776 3325 1877 3359 xux,
1904 3321 1934 3351 1.
1965 3337 1999 3342 ——
2035 3319 2058 3342 ’ὅ
2085 3322 2163 3358 Ιεα.,
2195 3330 2267 3363 xn,
2296 3325 2326 3356 6.
2353 3342 2393 3348 —

1362 3360 1387 3382 ¹⁶
1406 3362 1520 3401 Zach„
1541 3371 1589 3404 lx,
1611 3365 1642 3395 9.

1403 3421 1448 3462 (a)
1471 3421 1551 3454 Coet.
1572 3422 1651 3455 edit.
1667 3421 1846 3463 judicium.
