2634 3853
1039 140 1313 182 EXPOSlTlO
1346 140 1398 181 ΙΝ
1429 138 1542 180 CAP.
1572 137 1622 178 V.

269 246 351 275 me.
372 248 392 271 ))
418 232 463 272 In
483 242 567 284 quo
592 230 845 280 ostenditur,
867 229 981 282 quod
1000 228 1189 268 Christus
1215 240 1293 268 nec

268 302 477 344 ambiebat
493 301 713 351 honorem,
737 303 963 352 antequam
983 299 1198 348 offerrent,
1215 310 1292 338 nec

267 372 390 413 etiam
406 372 498 423 jam
517 370 730 421 oblatum,
755 370 855 422 quia
875 370 994 422 quasi
1023 368 1205 410 violente
1225 368 1293 408 de-

265 442 490 482 tinebatur.
506 441 645 493 Huius
659 441 799 493 figura
811 439 1021 493 praecessit
1034 440 1045 461 ¹
1062 453 1070 479 :
1091 438 1293 478 «Dimitte

267 523 348 561 me,
365 513 458 563 jam
475 510 588 551 enim
606 510 792 551 ascendit
810 521 978 551 aurora.
1001 523 1020 547 ›)
1047 508 1165 558 Quod
1186 509 1294 549 dixit

265 581 456 633 Angelus
473 581 526 621 ad
543 580 685 621 Jacob.

319 651 460 692 Tertio
483 651 720 691 excluditur
734 649 916 690 adulatio
931 648 974 688 in
987 649 1082 698 boc,
1097 649 1210 701 quod
1224 649 1294 689 ad-

264 721 438 774 ditur(v.
449 721 530 773 43):
545 721 707 772 Quibus
718 720 787 762 ille
799 721 861 762 ait
871 735 881 770 3
900 719 1008 766 Quia
1026 723 1064 761 et
1076 719 1179 760 aliis
1190 720 1294 760 civi-

265 791 423 833 tatibus
442 795 600 845 oportet
621 802 684 833 me
698 790 992 843 evanyelizare
1004 800 1176 842 regnum
1198 789 1290 830 Dez'.

264 861 357 902 Non
375 862 591 902 blanditur
613 861 688 913 eis,
711 862 783 902 sed
805 861 984 901 ostendit
1007 872 1051 901 se
1075 860 1293 913 aequaliter

265 944 414 972 curare
451 932 501 972 de
540 932 751 973 omnibus
799 930 916 972 Unde
954 933 1117 983 poterat
1155 931 1293 971 dicere

264 1001 368 1042 illud
387 1007 401 1027 ²
428 1014 439 1042 ;
467 1001 649 1055 «Neque
671 1002 785 1042 enim
810 1002 1037 1054 aliquando
1063 1001 1222 1042 fuimus
1249 1001 1293 1040 in

265 1084 460 1114 sermone
486 1073 760 1122 adulationiS‚
788 1073 895 1113 sicut
919 1072 1056 1122 scitis;
1085 1084 1223 1124 neque
1249 1071 1293 1110 in

265 1144 482 1185 occasione
501 1143 707 1194 avaritiae,
730 1144 838 1184 Deus
854 1143 972 1183 testis
990 1145 1071 1193 est3
1088 1155 1166 1183 nec
1182 1154 1294 1195 quae-

265 1217 402 1254 rentes
416 1215 468 1255 ab
482 1214 727 1255 hominibus
746 1214 942 1266 gloriam,
964 1225 1101 1265 neque
1117 1226 1141 1253 a
1154 1213 1288 1263 vobiS,

264 1296 401 1336 neque
421 1285 474 1325 ab
491 1284 601 1325 aliis.
623 1284 759 1325 »Non
779 1285 891 1325 enim
912 1284 1131 1336 quaerebat
1151 1283 1289 1323 homi-

263 1353 388 1394 nibus
401 1354 578 1406 placere,
601 1353 673 1394 sed
687 1353 790 1403 De03
813 1356 853 1394 et
866 1354 959 1394 ideo
979 1353 1101 1394 dicit:
1123 1354 1293 1405 Oportet

262 1435 325 1465 me
364 1424 654 1475 evanqelizare
672 1456 681 1474 ‚
721 1424 821 1477 quia
858 1424 951 1464 haec
992 1426 1052 1464 est
1098 1424 1293 1464 voluntas

263 1494 544 1535 Patris.Unde
557 1494 723 1536 subdit:
747 1494 855 1543 Quia
870 1494 966 1536 ideo
981 1495 1137 1536 vassus
1161 1493 1292 1535 sum.³

269 1565 370 1606 «Ad
394 1565 733 1606 annuntiandum
765 1565 993 1605 mansuetis
1021 1565 1135 1604 misit
1161 1576 1244 1604 me.
1267 1578 1285 1601 n

262 1635 312 1676 Et
343 1636 436 1676 ideo
467 1635 710 1688 oportebat,
742 1635 843 1688 quia
872 1635 1024 1676 dicitur
1047 1635 1060 1656 ²⁹
1089 1648 1099 1675 :
1129 1650 1147 1673 «
1176 1634 1293 1675 Sicut

263 1706 510 1747 mandatum
548 1706 660 1746 dedit
696 1705 801 1746 mihi
837 1708 954 1758 pater
970 1737 980 1755 ,
1019 1705 1077 1745 sic
1111 1705 1230 1745 facio.
1267 1720 1285 1742 ›)

262 1775 412 1816 Missus
450 1777 592 1816 autem
628 1776 765 1816 fuerat
806 1776 1063 1828 pauperibus
1100 1788 1290 1827 evange-

260 1846 400 1897 lizare,
414 1846 648 1887 secundum
662 1846 774 1898 quod
790 1846 971 1887 habetur
984 1847 1027 1886 in
1043 1847 1292 1887 auctoritate

262 1918 480 1969 praemissa
498 1917 638 1967 Isaiae3
662 1918 816 1957 missus
837 1918 963 1958 etiam
982 1917 1061 1958 fuit
1078 1918 1292 1969 evangeli-

261 2000 354 2028 zare
382 1999 570 2039 regnum
590 1987 686 2038 Dei,
712 1988 818 2029 sicut
845 1988 997 2029 dicitur
1016 1989 1099 2029 hic.
1129 1988 1179 2029 Et
1197 1989 1290 2029 ideo

260 2058 499 2110 colligitur,
527 2058 640 2111 quod
665 2059 820 2099 missus
841 2059 977 2099 fuerat
996 2059 1290 2111 evangelizare

258 2129 517 2182 pauperibus
549 2141 736 2181 regnum
768 2129 855 2170 Dei.
891 2129 1010 2171 Unde
1036 2134 1048 2155 ⁵
1081 2141 1090 2169 :
1128 2145 1146 2168 α
1174 2130 1289 2171 Beati

256 2212 462 2253 pauperes
487 2200 659 2253 spiritu,
689 2201 891 2253 quoniam
920 2201 1111 2254 ipsorum
1136 2205 1197 2243 est
1222 2215 1289 2244 re-

259 2281 397 2321 gnum
424 2270 644 2311 coelorum.
676 2284 695 2307 »
729 2270 780 2312 Et
811 2283 911 2313 vere
937 2274 1151 2324 ipsorum,
1189 2274 1288 2326 quia

257 2340 315 2380 ait
339 2345 352 2366 ⁶
382 2354 390 2381 ε
425 2356 445 2380 «
475 2340 687 2393 Scriptum
719 2343 780 2382 est
808 2356 816 2381 ;
848 2342 987 2382 Amen
1020 2343 1111 2383 dico
1140 2344 1285 2394 vobis,

257 2410 359 2462 quia
384 2411 500 2454 dives
528 2411 696 2452 difficile
721 2412 894 2452 intrabit
917 2413 962 2452 in
982 2425 1171 2464 regnum
1198 2426 1286 2454 coe-

258 2479 412 2521 lorum.
431 2495 450 2519 >³
486 2481 591 2531 Quia
619 2493 745 2522 nemo
764 2484 899 2535 potest
918 2483 1072 2524 habere
1091 2484 1194 2525 illud
1214 2497 1285 2526 re.-

258 2561 410 2602 gnum,
430 2551 512 2591 nisi
527 2554 770 2592 contemnat
795 2554 1010 2593 terrenum
1026 2567 1036 2604 ;
1059 2556 1099 2594 et
1119 2554 1286 2597 difficile

257 2621 449 2674 pecuniae
467 2622 520 2662 ab
539 2622 793 2663 habentibus
812 2626 1142 2665 contemnuntur
1161 2640 1169 2665 :
1192 2626 1284 2668 ideo

256 2690 421 2731 difficile
440 2691 680 2744 acquirunt,
702 2692 816 2744 quod
835 2692 1095 2746 pauperibus
1113 2696 1174 2734 est
1191 2707 1285 2747 pro-

255 2773 445 2802 m1ssum.

309 2831 465 2881 Quarto
500 2843 602 2873 vero
632 2832 865 2874 excluditer
900 2845 1180 2886 personarum
1213 2847 1280 2876 ac-

255 2902 388 2955 ceptio
401 2902 446 2942 in
464 2903 558 2953 hoc,
580 2903 694 2956 qnod
713 2904 904 2956 sequitur
921 2906 984 2955 (v.
1000 2906 1070 2958 41)
1091 2919 1100 2944 ε
1123 2906 1179 2948 Ec
1193 2910 1283 2950 erat

255 2972 492 3023 praedicans
525 2974 574 3015 in
605 2974 836 3026 synaqoqz's
877 2974 1061 3016 Galiloeoe
1075 3007 1087 3026 ,
1127 2977 1282 3017 scilicet

257 3041 453 3083 omnibus
484 3042 769 3084 indifferenter
794 3047 807 3069 ⁷
839 3057 847 3084 :
878 3058 897 3081 a
926 3043 1133 3086 Circuibat
1164 3046 1282 3087 Jesus

258 3122 403 3153 omnes
421 3113 611 3155 civitates
635 3116 677 3154 et
701 3114 892 3165 castella,
914 3114 1068 3156 docens
1086 3117 1132 3156 in
1151 3130 1278 3170 syna-

260 3182 386 3233 gogis
397 3194 558 3224 eorum.
573 3198 592 3222 >2
617 3184 705 3226 Hoc
717 3184 833 3225 decet
850 3185 983 3226 facere
1003 3186 1162 3228 bonum
1176 3200 1281 3240 prae·

299 3311 311 3332 1
331 3310 424 3352 Gen„
444 3319 557 3352 xxxn,
578 3315 630 3347 26.
644 3332 685 3340 —
699 3316 739 3347 ²1
763 3316 886 3355 Thess„
910 3323 947 3357 11,
968 3318 998 3350 5.
1020 3334 1060 3340 —
1076 3317 1087 3336 ³
1108 3318 1185 3359 lsa„
1207 3328 1279 3361 υἷι,

262 3361 292 3390 1.
313 3375 354 3380 —
376 3358 390 3379 Β
413 3358 521 3399 Ιοαη.,
544 3367 614 3401 xw,
642 3365 692 3394 31.
713 3380 754 3386 —-
773 3364 786 3385 5
809 3363 944 3403 Mutela,
967 3373 1001 3404 V,
1024 3366 1055 3395 3.
1083 3383 1118 3387 —
1145 3366 1157 3387 6
1181 3367 1278 3409 ibid„

260 3412 332 3445 xlx,
352 3406 403 3435 23.
426 3423 461 3427 —
484 3406 494 3424 ⁷
513 3406 611 3446 ibid,
630 3416 679 3448 ix,
701 3411 751 3442 35.
769 3428 808 3434 —
827 3412 837 3429 ³
855 3412 965 3450 Pron„
984 3419 1017 3450 V,
1040 3413 1089 3443 16.
1115 3430 1145 3434 —
1167 3415 1179 3435 ⁹
1198 3415 1273 3456 Isa„

2315 135 2391 172 327

1364 228 1590 269 dicatorem
1606 257 1616 275 ‚
1651 227 1822 278 propter
1858 223 1962 264 illud
1991 223 2005 244 ⁸
2041 236 2049 262 ε
2087 236 2107 259 <‹
2143 220 2392 261 Deriventur

1365 299 1498 339 fontes
1527 297 1589 337 tui
1627 296 1766 345 foras,
1802 296 1842 334 et
1872 294 1918 333 in
1948 291 2095 345 plateis
2131 301 2263 342 aquas
2297 292 2392 330 tuas

1364 369 1518 411 divide.
1543 382 1562 405 »
1596 367 1646 407 Et
1665 369 1678 392 ⁹
1703 380 1712 407 ε
1744 380 1763 404 (ι
1786 364 1917 413 Beati,
1939 362 2013 415 qui
2031 359 2247 401 seminatis
2266 371 2393 410 super

1364 451 1512 480 omnes
1528 449 1674 492 aquas.
1692 451 1710 475 n
1731 438 1759 461 ¹⁰
1779 435 1958 476 «Samen
1977 434 2119 472 autem
2139 431 2201 470 est
2211 429 2394 471 verbum

1364 511 1452 551 Dei.
1474 526 1492 549 n
1518 510 1660 551 Bonus
1688 508 1934 562 praedicator
1961 508 2001 546 et
2027 504 2213 544 imitator
2242 502 2394 543 Christi

1364 580 1486 620 debet
1507 592 1596 620 esse
1617 578 1856 620 communis
1873 587 2066 630 persona,
2089 575 2138 614 ut
2156 572 2312 613 Paulus
2332 572 2357 594 1¹
2382 585 2391 611 ε

1371 663 1390 686 α
1422 647 1574 688 Graecis
1607 650 1647 687 et
1676 647 1892 696 barbariS,
1928 642 2190 696 sapientibus
2224 642 2265 681 et
2292 639 2394 679 insi·

1363 721 1576 774 pientibus
1615 720 1776 761 debitor
1812 731 1909 759 sum
1946 733 1954 757 ε
1994 717 2053 757 ita
2092 715 2206 768 quod
2243 714 2288 753 in
2328 724 2396 753 me

1365 795 1611 846 promptum
1643 795 1728 843 est,
1761 794 1800 832 et
1833 791 1974 841 vobis,
2008 789 2081 842 qui
2106 789 2252 829 Romae
2278 786 2395 837 estis,

1365 864 1674 916 evangelizare.
1713 878 1732 901 »
1778 862 1897 912 Quod
1935 860 2223 912 significatum
2260 857 2340 898 fuit
2372 869 2398 896 a

1365 933 1564 976 Zacharia
1590 935 1634 975 in
1660 934 1780 987 equis
1810 932 2094 974 deferentibus
2120 929 2394 982 quadrigam,

1364 1006 1407 1047 id
1435 1010 1497 1047 est
1525 1007 1667 1058 legem
1700 1004 2018 1056 evangelicam,
2061 1001 2112 1042 de
2145 999 2301 1053 quibus
2332 997 2394 1038 di-

1365 1077 1473 1117 citur
1487 1077 1530 1128 1²,
1548 1076 1661 1129 quod
1683 1092 1702 1115 (ι
1722 1075 1789 1116 isti
1807 1077 1905 1115 sunt
1923 1084 2029 1126 quos
2043 1071 2157 1112 misit
2174 1069 2393 1118 Dominus,

1364 1150 1413 1189 ut
1433 1147 1726 1200 perambulent
1743 1149 1915 1186 terram.
1936 1159 1955 1182 n
1983 1142 2100 1184 Unde
2120 1142 2164 1181 in
2182 1141 2267 1181 fine
2286 1140 2397 1182 Μαί-

1366 1220 1463 1262 thoez'
1482 1218 1634 1259 dicitur
1653 1216 1999 1271 praedicatoribus
2015 1215 2043 1237 ¹³
2062 1228 2101 1255 :«
2116 1213 2273 1254 Euntes
2290 1222 2395 1262 ergo

1365 1289 1508 1330 docete
1531 1300 1678 1329 omnes
1698 1289 1860 1339 gentes.
1881 1300 1900 1323 ›)
1925 1285 1975 1325 Et
2001 1284 2046 1324 in
2071 1284 2154 1323 fine
2180 1282 2316 1324 Marci
2333 1279 2360 1302 st
2383 1294 2393 1319 :

1367 1374 1386 1397 α
1409 1358 1566 1399 Euntes
1584 1359 1629 1398 in
1650 1358 1862 1398 mundum
1880 1356 2148 1405 universum,
2172 1352 2397 1405 praedicate

1365 1430 1638 1481 evangelium
1667 1428 1784 1468 omni
1809 1429 2030 1467 ereaturae.
2053 1439 2071 1462 »
2098 1424 2161 1464 Ex
2187 1422 2397 1475 praedictis

1366 1499 1598 1551 colligitur,
1628 1499 1661 1539 si
1682 1497 1930 1551 praedicator
1955 1496 2091 1536 bonus
2116 1496 2177 1535 est
2201 1495 2396 1545 acceptus

1364 1570 1637 1620 hominibus,
1671 1571 1720 1609 ut
1749 1569 1802 1609 sit
1829 1570 2022 1620 acceptus
2050 1566 2132 1606 Deo
2165 1566 2205 1605 et
2233 1562 2396 1615 angelis

1365 1642 1478 1693 ejus,
1502 1640 1625 1680 debet
1649 1652 1738 1680 esse
1758 1638 1961 1678 immunis
1981 1637 2033 1678 ab
2056 1634 2331 1678 ostentatione
2352 1633 2396 1673 in

1365 1712 1396 1751 si
1404 1723 1506 1762 gno,
1529 1711 1581 1750 ab
1595 1709 1824 1751 ambitione
1841 1710 1887 1748 in
1905 1708 2061 1758 animo,
2082 1706 2134 1747 ab
2154 1705 2395 1746 adulatione

1364 1782 1410 1822 in
1433 1782 1579 1831 verbo,
1601 1793 1626 1821 a
1644 1791 1922 1833 personarum
1947 1777 2187 1830 acceptione
2206 1776 2250 1816 in
2268 1776 2390 1826 facto,

1365 1852 1454 1893 sive
1474 1851 1687 1892 exercitio.
1713 1850 1764 1891 Et
1781 1851 1872 1890 haec
1894 1852 2074 1902 quatuor
2099 1847 2238 1899 tangit
2257 1847 2391 1899 Apos-

1364 1923 1474 1963 tolus
1492 1923 1518 1944 ¹⁵
1537 1936 1545 1962 :
1564 1937 1582 1960 α
1603 1920 1712 1972 Non,
1733 1920 1886 1972 inquit,
1909 1930 2060 1960 sumus
2079 1919 2186 1975 sicut
2205 1916 2392 1970 plurimi,

1365 1992 1648 2033 adulterantes
1669 1991 1849 2032 verbum
1880 1989 1952 2030 Dei
1975 2003 1993 2027 >³
2018 1988 2141 2042 (quod
2158 1989 2394 2040 fitquatuor

1364 2063 1500 2103 modis
1520 2062 1774 2115 praedictis);
1799 2061 1900 2101 «sed
1913 2073 1966 2101 ex
1987 2059 2239 2109 sinceritate,
2257 2071 2275 2094 >³
2304 2057 2394 2097 sine

1362 2145 1645 2187 personarum
1659 2133 1897 2185 acceptione
1921 2147 1940 2170 (‹
1954 2131 2060 2171 sicut
2080 2142 2133 2170 ex
2150 2129 2248 2179 Deo,
2265 2141 2284 2166 1)
2304 2127 2394 2167 sine

1363 2204 1610 2253 ambitione3
1635 2215 1809 2244 «coram
1827 2202 1924 2253 Deo,
1946 2215 1964 2239 ›>
1987 2201 2077 2241 sine
2091 2198 2390 2246 ostentatione3

1368 2293 1386 2316 α
1401 2277 1444 2317 in
1457 2277 1620 2318 Christo
1633 2275 1863 2328 loquimur,
1877 2288 1896 2312 ›)
1916 2274 2005 2314 sine
2019 2270 2272 2313 adulatione.
2286 2268 2392 2310 Nam

1362 2349 1553 2390 Christus
1569 2348 1724 2391 veritas
1744 2350 1819 2389 est.

1689 2548 1940 2594 CAPUT
1999 2547 2052 2593 V.

1412 2705 1450 2742 1.
1473 2701 1651 2744 Factum
1667 2703 1740 2751 est,
1758 2710 1852 2742 cum
1870 2699 2016 2750 turboe,
2039 2699 2117 2738 etc.
2140 2697 2279 2749 Supra
2297 2695 2390 2747 egit

1357 2770 1624 2824 Evangelista
1660 2771 1710 2813 de
1742 2770 1943 2813 doctrinae
1975 2768 2127 2810 Christi
2158 2768 2385 2808 confirma-

1356 2842 1470 2883 tione
1486 2855 1496 2893 3
1517 2842 1564 2883 in
1580 2843 1660 2883 hac
1678 2844 1796 2895 parte
1813 2841 1902 2893 agit
1921 2840 1972 2881 de
1991 2839 2295 2892 discipulorum
2317 2849 2387 2878 vo-

1357 2912 1532 2954 catione.
1565 2913 1617 2954 Et
1646 2913 1773 2954 habet
1802 2923 1900 2966 pars
1929 2911 2009 2951 ista
2042 2910 2146 2950 duas
2159 2940 2170 2960 ,
2203 2908 2246 2948 in
2280 2920 2386 2961 qua-

1355 2995 1454 3023 rum
1491 2985 1629 3037 prima
1664 2984 1911 3025 describitur
1956 2981 2121 3024 vocatio
2156 2979 2382 3032 discipulo-

1354 3067 1453 3096 rum
1477 3056 1528 3097 de
1547 3058 1659 3096 statu
1680 3054 1877 3108 Justitiae;
1906 3053 1951 3094 in
1971 3052 2155 3094 secunda
2170 3082 2181 3102 ,
2203 3051 2253 3091 de
2272 3051 2383 3091 statu

1355 3128 1491 3179 culpae
1515 3126 1580 3179 (v.
1600 3126 1674 3179 27)
1694 3138 1707 3167 :
1728 3125 1825 3168 Post
1845 3125 1931 3167 haec
1951 3124 2074 3174 exiit,
2097 3126 2135 3165 et
2150 3121 2277 3172 vidit,
2300 3123 2377 3160 etc.

1355 3197 1498 3241 Prima
1516 3212 1614 3253 pars
1634 3199 1761 3241 habet
1776 3199 1903 3240 duas:
1920 3199 1963 3239 in
1977 3197 2117 3251 prima
2131 3194 2381 3250 proponitur

1354 3335 1468 3370 xxxu,
1487 3331 1538 3362 20.
1553 3347 1595 3354 —
1613 3330 1638 3352 ¹⁰
1658 3330 1748 3370 Luc„
1766 3337 1843 3368 vm,
1868 3332 1917 3362 11.
1935 3346 1976 3353 —
1993 3328 2017 3350 1¹
2037 3328 2140 3366 Rom„
2160 3325 2251 3366 1,14,
2273 3325 2322 3356 15.
2337 3340 2379 3348 -

1353 3375 1379 3397 1²
1398 3376 1511 3418 Zach„
1537 3386 1560 3417 ι,
1595 3369 1644 3410 io.
1666 3395 1704 3401 —
1726 3377 1750 3399 ¹³
1774 3377 1908 3416 Matth„
1928 3383 2059 3416 xxvm,
2083 3375 2132 3407 19.
2151 3389 2192 3396 —
2211 3372 2236 3394 1⁴
2258 3372 2375 3412 Mare„

1354 3429 1425 3463 XVI,
1447 3426 1498 3457 15.
1519 3442 1560 3449 —·
1577 3426 1645 3457 1⁵11
1668 3425 1757 3464 Cor„
1778 3433 1817 3466 11,
1839 3426 1887 3457 17.

2417 1440 2440 1465 Α
2451 1437 2558 1472 quibus

2440 1486 2530 1505 anlml

2433 1519 2543 1545 morbis

2435 1560 2539 1587 debeat

2447 1600 2521 1628 liber

2417 1649 2480 1669 esse
2504 1649 2554 1669 ve-

2416 1691 2466 1709 rus
2484 1691 2556 1717 prae-

2416 1731 2449 1750 co
2460 1723 2557 1751 Chris-

2416 1764 2451 1791 ti.
