2634 3853
275 255 353 292 476

275 340 379 380 illud
397 338 471 381 Job
491 339 502 360 ²
526 349 537 378 :
559 351 579 375 c(
596 336 778 377 Elevasti
800 346 889 384 me,
912 333 1034 386 quasi
1051 342 1178 383 super
1201 340 1301 370 ven-

274 415 366 452 tum
384 420 544 463 ponens
560 439 572 458 ,
603 418 677 459 per
706 403 1021 455 arrogantiam3
1054 400 1201 442 elisisti
1225 412 1302 441 va-

272 481 377 530 lide,
399 491 473 533 per
506 477 735 522 invidiam,
771 488 789 510 »
825 473 925 526 quia
945 475 959 496 ²
983 484 992 512 1
1021 487 1039 509 «
1072 470 1302 524 parvulum

273 552 422 593 occidit
442 549 614 590 invidia.
637 562 655 584 ›)
683 546 839 594 Quarto
860 556 961 586 vero
982 544 1211 595 dissipatur
1227 554 1302 594 per

274 621 534 663 iracundiam
553 650 562 667 ‚
585 629 680 670 quse
713 628 860 656 omnes
890 614 1167 666 cogitationes
1196 624 1301 653 con—

274 694 438 741 turbat,
458 688 689 730 secundum
718 685 822 726 illud
854 685 926 727 Job
947 685 960 707 ³
991 699 1000 724 ε
1030 699 1048 722 (1
1075 683 1300 735 Cogitatio-

274 777 348 805 nes
390 773 496 803 meae
533 759 743 812 dissipata}
783 760 922 808 sunt,
955 757 1200 808 torquentes
1231 767 1301 795 eor

273 846 432 876 meum.
457 847 475 871 >³
500 833 550 874 Et
570 832 614 871 in
637 829 800 872 Psalmo
821 828 833 849 ⁵
856 840 866 868 ε
894 843 913 865 ((
944 826 1139 879 Dissipati
1172 828 1299 876 sunt,

272 919 348 948 nec
367 903 629 958 compuncti;
659 916 678 940 >³
714 900 904 953 sequitur
929 912 937 939 :
968 913 987 936 «
1007 896 1301 938 Frendueruut

270 990 396 1031 super
428 988 498 1017 me
529 974 724 1015 dentibus
755 972 858 1013 suis.
893 986 910 1008 n
944 969 1101 1019 Quinto
1129 967 1302 1008 dilaniat

270 1061 346 1103 per
377 1048 514 1089 cordis
545 1045 790 1087 moestitiam
816 1075 827 1093 ,
862 1053 958 1095 quae
995 1039 1229 1093 praecipitat
1258 1039 1301 1079 in

270 1120 582 1173 impatientiam
606 1149 615 1166 ‚
657 1119 699 1157 et
730 1127 805 1168 per
845 1114 955 1153 hanc
995 1111 1225 1152 dilaniatur
1257 1111 1301 1150 in

269 1190 545 1240 conscientia3
568 1188 680 1229 unde
698 1187 710 1208 ⁵
731 1200 739 1226 :
767 1200 786 1223 «
807 1183 990 1225 Tristitia
1019 1183 1155 1224 cordis
1174 1182 1302 1223 flectit

269 1262 475 1304 cervicem
489 1293 499 1311 ,
519 1275 537 1299 n
560 1263 640 1301 etc.
664 1259 715 1299 Et
733 1257 832 1298 hinc
858 1259 919 1297 est
939 1255 1052 1308 quod
1073 1254 1149 1294 vix
1169 1254 1300 1294 disce-

268 1334 329 1375 dit
356 1336 524 1388 propter
544 1330 765 1386 perfidiam
785 1333 822 1368 6;
852 1342 870 1365 α
889 1327 1082 1380 Nequam
1103 1328 1165 1366 est
1184 1325 1300 1366 natio

268 1417 417 1446 eorum
433 1437 445 1455 ,
487 1407 528 1444 et
564 1400 770 1443 naturalis
804 1399 967 1439 malitia
1004 1398 1195 1450 ipsorum
1213 1429 1222 1445 ‚
1259 1399 1300 1437 et

268 1476 470 1528 quoniam
491 1487 576 1516 non
603 1474 766 1526 poterat
790 1470 947 1511 mutari
976 1469 1175 1522 cogitatio
1202 1468 1300 1508 illo-

270 1560 366 1588 rum
386 1548 429 1587 in
450 1548 720 1600 perpetuum.
741 1558 760 1581 ))

305 1623 351 1659 41
364 1650 372 1659 .
384 1617 652 1671 Respondeas
668 1614 933 1658 autemJesus
948 1613 1081 1663 dimit,
1091 1614 1169 1652 etc.
1182 1611 1301 1652 Nunc

268 1692 360 1743 post
370 1688 728 1742 opportunitatem
737 1686 1026 1738 disponentem
1041 1685 1108 1735 (a),
1121 1682 1301 1734 explicat

267 1760 452 1801 secundo
472 1758 743 1810 Evangelista
764 1758 1013 1809 potestatem
1029 1754 1297 1803 efficientem,

267 1844 365 1885 quae
383 1831 454 1871 hic
473 1829 724 1871 describitur
754 1831 801 1868 ut
830 1838 975 1879 aequa,
1004 1827 1052 1865 ut
1077 1825 1167 1878 pia,
1191 1827 1232 1864 et
1254 1827 1300 1864 ut

268 1915 440 1956 magna.
465 1902 607 1943 Primo
628 1899 880 1940 describitur
899 1901 945 1939 ut
967 1910 1089 1950 aequa
1108 1898 1153 1937 in
1172 1909 1299 1949 argu-

268 1975 382 2016 tione
402 1974 537 2014 cordis
556 1971 786 2021 increduli,
809 1983 907 2010 cum
927 1970 1051 2010 dicit:
1078 1969 1109 2011 O
1123 1979 1297 2022 ymera—

268 2046 323 2087 τίο
340 2044 535 2097 infidelis
555 2047 593 2086 ec
610 2052 812 2096 perversa
827 2074 839 2093 ,
864 2043 911 2081 ut
937 2040 1162 2081 infidelitas
1184 2040 1236 2079 sit
1255 2040 1298 2080 in

268 2116 534 2168 cognitione,
558 2117 599 2155 et
617 2114 868 2167 perversitas
898 2113 941 2152 in
967 2111 1209 2162 affectione,
1233 2124 1299 2151 se-

268 2189 457 2229 cundum
477 2187 580 2227 illud
600 2187 613 2208 ⁷
637 2201 645 2226 ε
675 2183 937 2225 «Generatio
963 2183 1080 2223 enim
1099 2194 1299 2234 perversa

267 2262 348 2311 est,
377 2261 417 2300 et
449 2257 637 2298 infideles
671 2256 761 2296 filii.
793 2270 811 2293 »
842 2254 1067 2294 lnfidelitas
1101 2254 1299 2294 reddebat

267 2342 339 2370 eos
357 2330 527 2379 stultos,
551 2331 591 2369 et
610 2326 864 2380 perversitas
885 2326 1013 2365 duros
1028 2356 1037 2373 ,
1061 2325 1297 2365 secundum

266 2401 372 2441 illud
393 2404 406 2425 ⁸
429 2415 438 2440 :
467 2414 486 2438 «
515 2397 709 2440 Perversi
734 2396 899 2438 difficile
931 2395 1208 2447 corriguntur
1223 2427 1233 2446 ,
1257 2398 1298 2436 et

266 2472 493 2513 stultorum
511 2470 703 2511 infinitus
723 2471 784 2509 est
803 2479 1025 2508 numerus.
1055 2481 1074 2504 1)
1095 2466 1191 2507 ideo
1211 2479 1297 2508 non

265 2544 404 2584 solum
429 2546 529 2584 suut
560 2540 843 2591 admonendi,
875 2540 947 2580 sed
979 2538 1106 2579 etiam
1134 2539 1298 2579 fortiter

265 2614 538 2668 increpandi,
567 2615 789 2666 propterea
819 2611 963 2651 addit:
996 2610 1208 2663 Usquequo
1229 2621 1296 2653 ero

265 2686 384 2739 apud
411 2696 509 2736 vos,
540 2684 661 2725 vobis
692 2683 848 2723 scilicet
888 2681 1044 2722 faciens
1079 2682 1189 2722 bona
1207 2714 1220 2733 ,
1259 2687 1297 2724 et

261 2759 411 2809 patiar
441 2767 534 2807 vos,
568 2755 779 2795 sustinens
799 2753 956 2793 scilicet
984 2755 1126 2793 vestra
1153 2754 1295 2794 mala?

266 2828 385 2877 Quod
408 2839 494 2869 non
519 2826 618 2867 dicit
643 2827 814 2878 propter
838 2824 1146 2877 impatientiam
1161 2856 1173 2875 ‚
1197 2837 1295 2865 eum

264 2901 352 2953 ipse
374 2900 427 2940 sit
450 2900 500 2941 de
520 2911 604 2952 quo
623 2898 776 2939 dicitur
797 2901 810 2922 ⁹
832 2909 842 2937 ε
874 2912 893 2935 «
912 2896 993 2946 Qui
1016 2897 1147 2937 solem
1167 2910 1295 2938 suum

264 2972 363 3012 facit
373 2971 474 3012 oriri
489 2982 615 3023 super
630 2970 764 3010 bonos
778 2971 819 3009 et
831 2957 981 3009 malos.
994 2983 1012 3006 »
1034 2968 1084 3009 Et
1099 2981 1227 3022 supra
1240 2971 1267 2994 ¹⁰
1282 2985 1289 3010 :

271 3058 289 3081 «
310 3042 402 3095 lpse
428 3041 640 3093 benignus
672 3043 732 3081 est
764 3051 891 3092 super
918 3040 1112 3091 ingratos
1138 3043 1178 3080 et
1200 3053 1291 3080 ma-

263 3113 341 3155 los.
370 3127 389 3151 ›>
416 3112 496 3153 Sed
524 3112 604 3152 hoc
637 3111 757 3161 dicit,
784 3114 832 3151 ut
858 3122 934 3162 per
962 3110 1294 3163 increpationem

265 3185 438 3235 duram,
461 3182 641 3236 expellat
662 3182 797 3222 cordis
818 3181 1040 3232 duritiam,
1062 3183 1294 3223 secundum

263 3257 368 3298 illud
388 3257 414 3279 ¹¹
440 3270 480 3297 z«
502 3255 677 3307 Increpa
696 3252 790 3293 illos
809 3253 938 3305 dure,
960 3255 1008 3294 ut
1037 3254 1127 3294 sani
1147 3254 1231 3295 sint
1250 3255 1293 3295 in

260 3328 358 3369 fide.
381 3342 400 3366 )›

305 3410 316 3431 ¹
335 3410 412 3449 Job,
433 3419 516 3450 xxx,
536 3410 588 3440 22.
609 3427 650 3434 —
668 3406 800 3448 ²1bid.,
818 3414 850 3445 V,
868 3409 897 3439 2.
920 3423 960 3430 -—-
979 3407 1218 3449 ³1bid.,xv11,
1241 3412 1291 3441 11.

263 3474 303 3481 —
334 3458 345 3476 ⁴
374 3457 470 3489 Psal.
499 3463 616 3497 xxxw‚
645 3456 697 3488 16.
725 3472 766 3478 —-
796 3455 806 3473 ¹
836 3454 953 3495 an-lez,
986 3462 1138 3495 xxxvm,
1169 3459 1219 3487 19.
1253 3474 1293 3479 —

264 3504 276 3522 ⁶
296 3504 391 3545 Sup.,
412 3513 486 3545 x11,
513 3506 562 3537 10.
584 3521 624 3527 -—-
646 3504 660 3526 '¹
679 3502 792 3540 Deut.,
812 3509 927 3542 xxxii,
953 3504 1003 3534 20.
1025 3519 1065 3525 —
1083 3502 1098 3525 ⁸
1118 3503 1240 3542 Eccle„
1267 3511 1293 3544 1,

264 3553 314 3583 15.
335 3569 375 3576 —
394 3553 405 3571 ⁹
424 3552 559 3591 Matth„
579 3559 613 3593 v,
636 3551 685 3582 45.
703 3567 743 3573 —
761 3550 789 3571 ¹0
809 3550 904 3590 Sup.,
925 3557 973 3589 vi,
993 3550 1043 3581 35.
1061 3567 1099 3572 —
1125 3549 1147 3571 ¹¹
1170 3550 1247 3590 Tz't.,
1268 3558 1290 3590 1,

1000 240 1283 284 EVANGELII
1315 226 1503 281 SANCTI
1534 239 1681 280 LUCAE

1431 328 1621 369 Secundo
1642 327 1892 369 describitur
1912 330 1960 369 ut
1978 330 2047 382 pia
2068 330 2113 370 in
2132 328 2405 371 advocatione

1375 399 1547 439 infantis
1561 399 1733 448 obsessi,
1750 411 1846 439 cum
1862 399 1960 439 dicit
1976 414 1984 440 :
2003 399 2154 442 Adduo
2169 400 2248 442 hut:
2264 400 2404 451 silium

1376 473 1495 511 tuum
1509 501 1521 520 ,
1543 469 1697 509 scilicet
1716 469 1767 509 ad
1788 470 2055 521 praesentiam
2085 470 2335 522 Salvatoris,
2359 474 2407 512 ut

1370 540 1460 591 jam
1488 540 1682 580 videatur
1705 539 1928 592 impletum
1959 540 2065 581 illud
2094 542 2123 562 ¹²
2145 555 2154 582 :
2177 557 2196 579 (1
2218 542 2407 582 Afferent

1375 610 1484 650 filios
1503 613 1597 650 tuos
1619 611 1664 650 in
1682 611 1814 660 ulnis,
1837 613 1876 650 et
1908 610 2016 650 filias
2044 614 2138 651 tuas
2168 624 2295 664 super
2321 613 2405 653 hu-

1375 692 1514 721 meros
1545 681 1786 733 portabunt.
1818 696 1836 718 »
1873 681 2051 732 Adduo,
2086 682 2262 734 inquam
2285 716 2294 734 ,
2331 696 2406 736 per

1374 752 1502 791 fidem
1522 754 1640 792 tuam
1662 764 1780 802 eum,
1801 751 1873 804 qui
1894 765 1981 792 non
2011 754 2147 804 potest
2165 753 2311 794 venire
2331 767 2405 806 per

1375 822 1501 863 fidem
1533 835 1653 863 suam
1672 855 1684 873 ,
1719 823 1826 863 sicut
1862 823 1921 862 illi
1962 823 2043 864 viri
2075 826 2405 875 apportaverunt

1374 893 1678 947 paralyticum3
1703 895 1754 935 de
1773 894 1929 947 quibus
1947 893 2139 934 dicitur¹³
2163 908 2202 934 z«
2215 893 2405 943 Quorum

1374 965 1501 1005 fidem
1532 968 1579 1005 ut
1610 965 1715 1006 vidit
1742 965 1882 1015 Jesus,
1905 965 2009 1006 dixit
2035 979 2043 1004 ε
2066 964 2228 1017 Homo,
2255 965 2402 1006 remit-

1373 1039 1523 1076 tuntur
1560 1037 1635 1076 tibi
1673 1041 1840 1089 peccata
1875 1039 1962 1077 tua.
1997 1051 2016 1074 >³
2051 1036 2168 1077 Unde
2201 1037 2405 1078 Dominus

1373 1109 1480 1149 dixit
1497 1109 1599 1149 huic
1615 1109 1708 1150 viro
1732 1109 1759 1131 ¹¹⁴
1782 1123 1822 1150 2«
1843 1110 1886 1150 Si
1910 1112 2027 1162 potes
2044 1110 2215 1150 credere
2229 1141 2239 1159 ‚
2262 1110 2407 1150 omnia

1374 1179 1587 1232 possibilia
1614 1183 1712 1223 sunt
1744 1180 1945 1221 credenti.
1979 1196 1997 1217 »
2036 1180 2156 1221 Fides
2193 1183 2256 1221 est
2292 1182 2406 1222 enim

1377 1251 1462 1302 illa,
1482 1264 1566 1304 qua
1582 1251 1791 1292 mediante
1813 1252 1907 1304 quis
1928 1252 2100 1293 ducitur
2111 1253 2163 1293 ad
2175 1252 2403 1304 Christum,

1374 1322 1478 1375 quia
1498 1323 1589 1374 ipsa
1609 1324 1671 1362 est
1690 1323 1757 1363 via
1774 1323 2026 1364 deveniendi
2047 1323 2099 1363 ad
2118 1323 2267 1364 Deum.
2291 1323 2408 1365 Unde

1374 1394 1600 1446 Apostolus
1623 1393 1650 1415 ¹⁵
1673 1408 1682 1434 ι
1702 1409 1721 1432 «
1744 1392 1843 1434 Sine
1859 1394 1941 1434 fide
1960 1394 2218 1447 impossibile
2238 1398 2301 1436 est
2324 1396 2408 1448 pla-

1374 1477 1468 1505 cere
1501 1464 1598 1505 Deo,
1640 1464 1815 1505 Credere
1849 1466 1963 1505 enim
1997 1468 2159 1518 oportet
2201 1467 2406 1507 acceden—

1374 1539 1483 1586 tem,
1504 1552 1523 1574 »
1553 1539 1633 1577 etc.
1669 1537 1718 1577 Et
1746 1537 1845 1589 quia
1874 1536 1901 1558 ¹⁶
1933 1549 2020 1578 non
2044 1540 2106 1578 est
2147 1539 2407 1579 «conventio

1375 1606 1530 1647 Christi
1549 1608 1602 1648 ad
1624 1608 1774 1658 Belial,
1795 1620 1871 1648 nec
1899 1608 2074 1648 societas
2094 1608 2177 1648 luci
2206 1609 2259 1649 ad
2289 1611 2408 1649 tene-

1374 1679 1496 1728 bras,
1518 1692 1537 1715 »
1563 1678 1656 1717 ideo
1677 1678 1846 1718 additur
1869 1678 1878 1730 (
1904 1690 1947 1719 v.
1966 1679 2018 1717 42
2040 1680 2051 1728 )
2070 1690 2080 1718 z
2101 1679 2156 1720 Ec
2177 1689 2274 1720 cum
2293 1690 2406 1721 acce-

1375 1748 1491 1790 deret
1506 1778 1519 1797 ,
1542 1748 1657 1790 elisit
1678 1750 1799 1790 illum
1818 1749 2077 1791 doemom‘um
2098 1753 2134 1792 ec
2154 1750 2404 1803 dissipavit.

1374 1820 1423 1861 In
1444 1832 1529 1873 quo
1551 1821 1806 1867 ostenditur,
1826 1822 1940 1874 quod
1971 1822 2058 1874 ipse
2082 1821 2242 1862 invitus
2262 1823 2404 1863 venie-

1374 1892 1445 1932 bat
1463 1893 1516 1933 ad
1534 1892 1692 1943 lucem,
1714 1895 1919 1945 tanquam
1946 1893 2055 1933 male
2075 1906 2232 1945 agens,
2255 1906 2404 1936 secun-

1374 1964 1477 2004 dum
1499 1963 1603 2004 illud
1623 1965 1651 1989 1⁷
1674 1978 1713 2005 z«
1732 1964 1812 2014 Qui
1832 1965 1942 2005 male
1967 1965 2078 2017 agit,
2102 1966 2189 2015 odit
2208 1967 2360 2008 lucem.
2381 1982 2400 2005 ›)

1375 2035 1513 2076 Simul
1533 2037 1662 2076 etiam
1682 2049 1779 2077 cum
1801 2037 1883 2077 hoc
1904 2037 2140 2078 ostenditur
2170 2039 2283 2091 quod
2313 2039 2407 2079 dia-

1374 2107 1496 2147 bolus
1529 2108 1715 2148 maxime
1752 2108 2027 2159 adversatur,
2060 2121 2114 2149 ne
2146 2109 2243 2162 quis
2274 2110 2326 2150 ab
2358 2122 2408 2151 eo

1375 2178 1570 2218 obsessus
1598 2182 1870 2219 convertatur
1905 2179 1957 2219 ad
1984 2180 2224 2230 Christum,
2257 2192 2405 2221 secun-

1374 2250 1477 2290 dum
1505 2249 1619 2302 quod
1651 2249 1752 2290 dicit
1777 2249 1889 2290 Beda
1920 2250 1964 2289 in
1994 2248 2138 2291 Glossa
2167 2253 2199 2276 ¹⁸
2223 2263 2233 2291 ε
2261 2251 2406 2292 «Dum

1374 2333 1481 2374 puer
1514 2322 1567 2361 ad
1597 2321 1824 2362 Dominum
1856 2322 2012 2362 accedit
2031 2353 2041 2371 ‚
2071 2323 2243 2364 eliditur
2262 2355 2274 2374 ,
2307 2325 2406 2377 quia

1374 2392 1567 2433 conversi
1587 2393 1639 2433 ad
1658 2392 1885 2433 Dominum
1900 2393 2152 2446 plerumque
2171 2407 2196 2434 a
2214 2395 2406 2437 daemone

1374 2465 1552 2517 gravius
1571 2465 1808 2517 pulsantur,
1826 2468 1873 2505 ut
1889 2465 1942 2505 ad
1962 2465 2064 2506 vitia
2086 2469 2401 2507 revertantur.»

1374 2537 1504 2589 Cujus
1536 2537 1781 2589 exemplum
1820 2536 2028 2577 habemus
2062 2538 2113 2578 de
2152 2537 2403 2590 Pharaone,

1373 2609 1447 2662 qui
1468 2608 1802 2662 persequebatur
1818 2608 2025 2661 populum
2043 2609 2322 2650 recedentem.

1427 2680 1567 2721 Tertio
1588 2679 1839 2719 describitur
1855 2681 1903 2720 ut
1923 2692 2081 2732 magna
2099 2680 2145 2720 in
2158 2680 2405 2733 expulsione

1372 2752 1544 2805 spiritus
1560 2751 1798 2802 immundi,
1822 2763 1919 2791 cum
1940 2751 2109 2792 additur
2134 2752 2201 2805 (v.
2225 2752 2327 2805 43):
2351 2753 2406 2796 Et

1372 2823 1613 2876 increpavit
1626 2823 1745 2864 Jesus
1756 2823 1963 2875 spiritum
1976 2823 2265 2874 immundum,
2282 2825 2403 2877 quasi

1371 2895 1460 2936 solo
1480 2895 1611 2936 verbo
1632 2906 1901 2947 compescens
1921 2906 2035 2944 eum,
2051 2895 2285 2935 secundum
2298 2895 2401 2935 illud

1372 2980 1502 3020 supra
1522 2968 1550 2991 ¹⁹
1575 2966 1855 3019 :«1ncrepans
1872 2978 1957 3007 non
1979 2966 2140 3006 sinebat
2158 2977 2205 3006 ea
2225 2966 2392 3019 loqui.»

1372 3037 1488 3080 Unde
1505 3038 1699 3090 Angelus
1721 3037 1887 3078 Domini
1913 3037 2077 3077 dicebat
2096 3039 2126 3060 2⁰
2150 3050 2189 3074 :«
2208 3036 2398 3089 Increpet

1371 3109 1578 3150 Dominus
1602 3109 1648 3148 in
1672 3111 1727 3158 te,
1753 3108 1895 3148 Satan.
1915 3122 1933 3144 ›)
1961 3106 2010 3147 Et
2030 3107 2143 3159 quod
2162 3106 2235 3147 illa
2259 3108 2394 3149 incre-

1370 3180 1538 3233 patione
1570 3181 1751 3231 ejectum
1782 3181 1843 3219 est
1861 3177 2147 3228 daemonium,
2171 3178 2393 3220 subditur:

1371 3254 1432 3294 Ec
1468 3251 1643 3293 sanavit
1676 3260 1871 3303 puerum.
1913 3247 2030 3289 Unde
2061 3248 2133 3289 illa
2170 3249 2401 3303 increpatio

1373 3352 1421 3389 ⁴3.
1446 3368 1481 3373 —-
1503 3350 1529 3371 ¹²
1552 3350 1631 3390 lsa„
1651 3356 1748 3389 xmx,
1767 3350 1817 3380 22.
1838 3365 1878 3371 —
1898 3347 1926 3368 ¹3
1943 3348 2038 3388 Sup.,
2056 3355 2088 3388 v,
2109 3349 2159 3380 20.
2179 3365 2215 3371 -
2238 3348 2266 3370 1⁴
2282 3348 2400 3389 Marc„

1370 3407 1421 3439 ix,
1442 3398 1495 3429 22.
1513 3413 1554 3420 —
1579 3397 1603 3418 1⁵
1623 3396 1738 3435 Heba,
1760 3403 1811 3435 x1,
1833 3397 1863 3427 5.
1886 3395 2020 3425 -1611
2047 3395 2137 3433 Cor„
2158 3403 2204 3436 VI,
2228 3396 2401 3433 14,15.—

1370 3445 1396 3467 17
1418 3447 1528 3485 Joan.‚
1551 3451 1603 3483 111,
1624 3444 1675 3474 20.
1692 3459 1733 3465 -—
1758 3443 1780 3461 ¹⁸
1801 3441 1897 3482 Bed.‚
1916 3441 1974 3474 ubi
1991 3451 2065 3483 sup.
2086 3451 2241 3483 pr021.—
2260 3443 2285 3464 ¹⁹
2304 3442 2400 3485 Sup.,

1368 3501 1415 3534 1v,
1441 3494 1490 3524 41.
1511 3509 1552 3516 -—
1571 3489 1729 3529 ²⁰.Zacl1.‚
1747 3497 1799 3530 111,
1823 3491 1853 3521 2.

1414 3548 1457 3590 (α)
1482 3549 1559 3579 caet.
1579 3546 1659 3578 edii.
1681 3545 1941 3587 disponendam.
