2634 3853
177 374 279 400 cantur

159 414 282 443 remitti.

319 273 395 312 342

318 360 517 402 dicuntur
535 356 759 405 mundari,
784 354 981 395 dicuntur
999 350 1174 398 sanari,
1195 348 1342 388 dicun-

319 435 389 472 tur
409 431 515 482 τθᾳῖ,
538 429 734 469 dicuntur
752 425 921 468 redimi.
945 422 1148 463 Dicuntur
1165 419 1342 469 remitti,

322 503 528 554 quantum
554 498 605 538 ad
629 499 794 537 reatum
822 504 979 546 poenam
1014 490 1153 530 infra¹
1179 502 1187 528 :
1229 503 1247 526 (1
1266 487 1345 528 Re-

323 571 549 612 mittuntur
568 568 605 608 ei
625 568 791 619 peccata
811 563 958 613 multa,
979 560 1180 614 quoniam
1203 558 1349 599 dilexit

324 641 524 682 multum.
545 652 563 675 1)
605 637 808 677 Dicuntur
835 633 990 674 dimitti
1018 631 1181 671 ratione
1210 630 1347 669 offen-

323 723 380 752 sze
409 715 423 735 ²
457 723 467 750 ε
506 724 524 747 (1
550 707 593 749 Si
623 705 865 747 dimiseritis
899 702 1144 744 hominibus
1183 701 1351 753 peccata

325 791 493 829 eorum,
532 777 713 818 dimittet
748 778 788 816 et
836 774 958 816 vobis
1002 773 1125 814 Pater
1171 770 1351 811 coelestis

326 851 473 892 delicta
490 852 644 889 vestra.
665 861 684 885 1)
720 846 926 886 Dicuntur
957 842 1155 884 mundari
1189 841 1352 880 ratione

326 920 506 962 maculae
542 920 556 941 ³
599 933 609 958 :
656 933 676 957 (1
712 915 907 969 Amplius
946 914 1044 955 lava
1082 924 1150 952 me
1182 911 1234 951 ab
1270 910 1354 950 ini-

327 993 486 1046 quitate
506 1001 615 1040 mea,
631 991 672 1030 et
691 1000 716 1028 a
729 989 898 1041 peccato
919 997 1015 1026 meo
1038 982 1201 1024 munda
1220 993 1304 1022 me.
1329 995 1348 1018 1)

328 1063 377 1104 Ε1
397 1063 440 1102 111
455 1059 696 1112 13αῐίκα)”.·
717 1058 973 1098 «Auferetur
991 1054 1194 1107 iniquitas
1204 1055 1294 1101 tua,
1314 1054 1356 1092 et

327 1135 544 1187 peccatum
563 1133 688 1171 tuum
708 1127 999 1169 mundabitur.
1019 1140 1038 1163 1)
1064 1125 1269 1165 Dicuntur
1293 1134 1357 1163 sa-

326 1204 420 1244 nari
457 1203 668 1255 quantum
700 1199 753 1240 ad
787 1197 1124 1240 vulnerationem
1155 1196 1355 1245 naturae,

327 1274 441 1315 unde
456 1273 496 1313 ⁵:
517 1286 535 1310 (1
549 1272 651 1313 Εο00
672 1282 799 1311 5311115
820 1270 951 1310 factus
972 1268 1134 1319 05,]3111
1153 1265 1241 1306 11011
1260 1276 1355 1317 pec-

328 1356 438 1385 care.
459 1358 478 1381 1)
521 1343 572 1384 Ε1
607 1342 651 1382 111
669 1341 834 1383 Psalmo
874 1340 887 1361 ⁶
912 1352 927 1380 .-
971 1353 991 1377 (1
1020 1338 1131 1379 Sana
1169 1336 1359 1376 animam

328 1427 494 1464 meam,
526 1414 625 1467 quia
662 1411 832 1465 peccavi
863 1410 953 1451 tibi.
975 1424 994 1447 1)
1034 1409 1238 1449 Dicuntur
1269 1406 1359 1458 tegi

332 1488 504 1539 propter
539 1483 832 1537 spoliationem
867 1480 1038 1522 virtutis
1076 1479 1279 1531 gratuitae
1307 1478 1353 1517 ⁷:

337 1571 356 1594 (1
375 1555 490 1596 Beati
511 1565 696 1607 quorum
714 1552 903 1593 remissae
922 1554 1025 1591 sunt
1040 1549 1301 1602 iniquitateS,
1322 1550 1362 1588 et

331 1636 515 1678 quorum
537 1626 645 1664 tecta
677 1625 776 1664 sunt
804 1623 987 1674 peccata.
1008 1636 1027 1658 1)
1066 1620 1186 1670 Quod
1215 1619 1262 1659 fit
1288 1629 1363 1670 per

332 1696 579 1737 charitatem
600 1694 613 1715 ⁸
636 1708 645 1734 :
690 1708 709 1731 (1
737 1693 926 1734 Charitas
957 1691 1093 1743 operit
1125 1688 1363 1729 multitudi-

331 1778 431 1808 nem
451 1767 734 1818 peccatorum.
755 1777 775 1800 »
814 1763 1020 1803 Dicuntur
1044 1759 1195 1801 redimi
1223 1770 1365 1811 quan-

332 1840 425 1878 tum
445 1836 497 1877 ad
523 1834 808 1889 captivitatem
838 1832 1054 1873 servitutis
1080 1829 1296 1872 diabolicae
1316 1832 1330 1853 ⁹
1353 1843 1361 1869 :

339 1923 358 1947 (1
396 1908 570 1949 Peccata
605 1909 679 1947 tua
715 1904 994 1956 eleemosynis
1030 1902 1206 1943 redime.
1241 1915 1261 1938 1)
1318 1900 1366 1940 111

335 1979 500 2021 Psalmo
522 1979 549 1999 ¹⁰
570 1989 583 2018 .·
607 1993 627 2017 (1
646 1976 708 2017 Ex
726 1976 869 2017 usuris
889 1978 930 2016 et
947 1974 1169 2027 iniquitate
1189 1972 1368 2013 redimet

336 2050 500 2091 animas
530 2060 694 2089 eorum.
724 2061 742 2085 »
786 2046 966 2088 Additur
1005 2047 1148 2086 autem
1185 2042 1368 2084 secundo

337 2120 529 2161 discretio
559 2118 870 2171 cogitationum
906 2117 952 2156 in
987 2115 1130 2156 animo
1167 2113 1367 2165 blasphe-

339 2190 566 2240 mantium,
589 2201 687 2230 cum
707 2188 862 2229 dicitur
881 2190 938 2239 (v.
962 2186 1025 2238 21)
1045 2197 1056 2226 ι
1078 2187 1138 2227 Et
1157 2187 1371 2236 coeperzmt

338 2263 522 2314 coqz'care
561 2259 716 2301 Scriboe
755 2262 793 2300 et
825 2257 1054 2306 Pharisoei,
1096 2255 1372 2307 cogitationes

339 2345 472 2374 vanas
491 2334 533 2372 et
557 2330 708 2371 noxias
728 2330 754 2351 ¹¹
779 2343 825 2369 :a
847 2328 1128 2370 Evanuerunt
1146 2326 1192 2365 in
1212 2325 1374 2377 cogita-

341 2403 527 2444 tionibus
561 2401 670 2452 suis,
701 2403 741 2441 et
774 2400 1047 2440 obscuratum
1080 2400 1142 2437 est
1170 2396 1374 2448 insipiens

343 2486 415 2515 cor
434 2484 598 2514 eorum.
620 2486 639 2509 1)
667 2470 718 2511 Et
735 2470 929 2522 sequitur
961 2468 1268 2520 cogitationum
1300 2478 1374 2506 ex-

343 2544 518 2598 pressio,
540 2554 639 2583 cum
659 2541 774 2582 addit
795 2555 804 2581 ε
825 2541 1033 2587 Dicentes,
1054 2538 1210 2579 scilicet
1228 2537 1274 2577 in
1291 2548 1376 2577 cor-

345 2615 471 2656 dibus
488 2614 589 2664 suis,
612 2612 849 2653 secundum
871 2610 978 2651 illud
993 2609 1154 2651 Psalmi
1169 2609 1198 2630 ¹2
1212 2620 1225 2648 .·
1242 2623 1261 2645 (1
1273 2607 1377 2656 Quae

346 2686 483 2727 dicitis
511 2686 556 2725 in
585 2683 781 2724 cordibus
810 2682 975 2732 vestris,
1007 2681 1054 2733 (b)
1092 2681 1138 2720 in
1168 2679 1379 2720 cubilibus

348 2757 500 2798 vestris
518 2753 876 2807 compungimini.
900 2767 919 2790 11
955 2753 1056 2799 Quis
1085 2754 1144 2793 est
1171 2751 1274 2800 iste,
1303 2749 1380 2801 qui

351 2829 539 2880 loquitur
579 2826 897 2878 blasphemias?
934 2825 978 2864 in
1009 2836 1094 2876 qua
1125 2821 1381 2874 cogitatione

353 2898 588 2951 despiciunt
609 2897 892 2946 Salvatorem,
914 2895 1034 2947 quasi
1053 2894 1203 2943 vilem,
1225 2893 1270 2933 in
1302 2892 1383 2932 1100

353 2970 467 3023 quod
486 2970 631 3010 dicunt
652 2983 660 3008 :
689 2969 790 3015 Quis
813 2972 872 3009 est
898 2968 979 3009 iste
1003 2967 1024 3007 P
1044 2966 1069 2988 ¹³
1095 2980 1114 3004 «
1135 2964 1302 3017 Pauper
1319 2963 1381 3003 lo-

354 3043 476 3081 cutus
496 3043 569 3090 est,
590 3041 630 3079 et
649 3039 792 3079 dicunt
814 3052 823 3078 :
857 3037 936 3087 Qui
968 3039 1030 3077 est
1059 3036 1158 3077 hic?
1176 3050 1194 3073 »
1232 3034 1384 3076 Contra

354 3111 474 3160 illud,
497 3110 609 3162 quod
630 3109 824 3149 (1101111111
842 3123 878 3148 :«
894 3107 954 3148 Ne
973 3118 1145 3161 spernas
1164 3106 1384 3146 hominem

354 3182 399 3222 in
423 3181 520 3222 visu
548 3192 678 3221 suo.»
719 3180 1000 3231 Redarguunt
1024 3180 1071 3218 ut
1105 3179 1382 3230 peccatorem,

354 3253 398 3293 in
434 3252 515 3292 1100
548 3251 661 3304 quod
692 3251 918 3303 imponunt
951 3247 1278 3302 blasphemiam.
1314 3245 1387 3287 Est

398 3360 407 3380 ¹
431 3358 511 3397 1111,
528 3366 588 3397 vu,
605 3359 655 3389 47.
677 3373 716 3379 —-
735 3358 748 3378 ²
767 3357 901 3396 Mateh„
922 3365 967 3396 vi,
990 3358 1037 3388 14.
1057 3373 1097 3379 —
1112 3356 1123 3374 ¹
1142 3354 1234 3387 Psal.
1255 3362 1286 3393 L,
1302 3356 1332 3385 4.
1348 3369 1386 3375 —

356 3406 366 3423 ⁴
388 3406 465 3444 Isa„
485 3413 537 3442 Vt,
565 3405 596 3435 7.
617 3420 656 3426 —
675 3405 686 3422 ⁵
705 3404 814 3442 Joan„
840 3411 872 3443 v,
904 3405 954 3435 14.
985 3419 1024 3426 —
1051 3404 1062 3421 θ
1085 3402 1175 3432 Psal.
1203 3409 1267 3441 XL,
1296 3402 1324 3432 5,
1347 3416 1388 3422 -

355 3453 369 3474 ⁷
385 3452 476 3484 Psal.
499 3459 595 3491 XXXI,
617 3453 646 3483 1.
664 3468 706 3474 -
727 3452 737 3468 ²³
763 3451 772 3481 1
797 3450 967 3490 Petr.,1v,
989 3452 1020 3481 8.
1041 3466 1080 3472 ·-
1100 3449 1113 3470 ⁹
1142 3449 1243 3486 Dan„
1265 3455 1314 3487 lv,
1335 3448 1388 3477 24.

357 3515 396 3522 —
417 3500 443 3521 ¹⁰
464 3498 554 3530 Psal.
577 3505 678 3537 mxl,
696 3499 748 3530 14.
771 3514 812 3521 -
835 3497 857 3518 ¹¹
879 3499 983 3535 Rom„
1004 3504 1028 3536 1,
1049 3499 1101 3527 21.
1120 3513 1161 3518 —
1180 3496 1207 3516 12
1228 3494 1317 3525 Psal.
1340 3501 1388 3533 1v,

359 3548 388 3577 5.
409 3563 448 3569 -
465 3545 492 3568 ¹³
512 3545 632 3586 Eccli.,
651 3553 727 3585 11111,
747 3547 797 3577 29.
822 3562 856 3568 -
874 3545 901 3567 1⁸
920 3544 1020 3583 thid„
1042 3551 1090 3584 xi,
1110 3546 1141 3575 2.
1162 3560 1197 3566 —-
1222 3543 1248 3564 ¹⁵
1269 3542 1388 3580 Marc„

1043 258 1329 302 EVANGELII
1358 257 1542 300 SANCTI
1571 256 1722 298 LUCAE

1420 349 1563 388 autem
1581 344 1887 396 blasphemare,
1911 344 1994 386 Deo
2012 345 2216 399 injuriam
2234 345 2442 396 irrogare.

1422 487 1535 540 quod
1554 487 1632 527 sibi
1649 497 1734 526 non
1755 486 1974 534 convenit;
1995 486 2063 527 vel
2081 499 2178 527 cum
2200 489 2446 528 removetur
2491 520 2496 545 ἰ

1424 559 1476 599 ab
1497 570 1561 607 eo,
1584 557 1695 611 quod
1716 557 1796 597 sibi
1813 557 2033 606 convenit;
2062 558 2131 598 vel
2157 569 2256 598 cum
2282 560 2446 599 creatu·
2517 538 2524 546 ⁰

1424 641 1485 669 rae
1506 628 1748 669 attribuitur
1761 660 1771 678 ,
1805 627 1920 680 quod
1945 626 2113 679 proprie
2133 627 2216 667 Deo
2235 629 2448 669 convenit.

1427 698 1544 739 Unde
1562 697 1729 751 quando
1748 697 1936 738 Christus
1958 696 2215 737 attribuebat
2241 696 2321 737 sibi
2346 698 2452 739 divi-

1426 769 1628 819 nitatem,
1658 768 1884 809 credebant
1919 779 2020 808 eum
2052 767 2346 820 blasphemare
2378 769 2406 793 ¹⁵
2441 783 2450 809 :

1434 855 1453 879 (1
1473 840 1581 889 Quid
1599 839 1736 880 adhuc
1766 839 2054 880 desideramus
2083 838 2240 878 testes?
2271 837 2457 879 Audistis

1428 910 1748 963 blasphemiam.
1772 924 1791 947 1)
1831 909 2022 950 Salvator
2056 908 2164 949 dixit
2199 907 2354 949 ι[11113015
2384 908 2411 931 ¹⁶
2445 923 2454 949 :

1436 995 1455 1019 (1
1475 981 1608 1029 Quem
1627 980 1749 1020 Pater
1768 978 2059 1028 sanctificavit,
2079 982 2120 1019 et
2139 978 2253 1020 misit
2272 979 2316 1019 in
2336 991 2459 1021 mun-

1430 1051 1557 1100 dum3
1581 1062 1658 1092 vos
1681 1050 1834 1100 dicitis,
1857 1050 1957 1103 quia
1975 1049 2257 1102 blasphemas,
2279 1050 2379 1103 quia
2395 1050 2457 1091 di-

1431 1121 1523 1161 xit:
1549 1120 1682 1161 Filius
1714 1120 1786 1160 Dei
1814 1132 1926 1160 sum.
1944 1134 1963 1157 1)
2005 1119 2208 1160 Similiter
2237 1121 2462 1160 credebant

1433 1202 1531 1232 eum
1549 1190 1869 1244 blasphemare,
1901 1190 2071 1243 quando
2101 1191 2357 1231 attribuebat
2384 1190 2463 1231 sibi

1433 1262 1659 1315 proprium
1699 1261 1794 1313 Dei,
1837 1261 1993 1301 scilicet
2033 1264 2202 1313 peccata
2237 1261 2460 1302 dimittere.

1434 1331 1552 1374 Unde
1573 1332 1769 1372 subditur
1790 1345 1799 1373 ε
1826 1332 1934 1383 Quis
1956 1335 2089 1384 potest
2106 1335 2278 1383 peccata
2310 1331 2464 1374 dimic-

1436 1406 1536 1453 tere,
1559 1402 1650 1443 nisi
1668 1402 1781 1444 solus
1801 1402 1946 1444 Deus?
1966 1401 2018 1442 Et
2036 1402 2081 1441 in
2111 1402 2190 1442 hoc
2220 1413 2371 1443 verum
2401 1401 2464 1442 di-

1436 1475 1552 1514 cunt.
1565 1473 1612 1513 In
1621 1473 1740 1515 Isaz'a
1759 1473 1810 1526 (a)
1829 1473 1857 1495 ¹⁷
1872 1486 1886 1514 .·
1905 1473 2024 1525 «Ego
2038 1486 2147 1524 sum,
2160 1485 2244 1525 ego
2255 1486 2350 1514 sum
2361 1474 2463 1526 ipse,

1437 1544 1512 1597 qui
1530 1544 1647 1584 deleo
1668 1545 1908 1596 iniquitates
1926 1547 2021 1585 tuas
2042 1547 2214 1597 propter
2234 1557 2317 1585 me.
2339 1558 2358 1582 1)
2385 1544 2467 1585 Sed

1438 1617 1570 1664 certe,
1604 1615 1707 1655 dum
1734 1615 1814 1667 ipsi
1851 1615 2012 1655 Christo
2049 1615 2324 1667 imponebant
2355 1615 2468 1655 blas-

1438 1685 1668 1738 phemiam,
1681 1685 1725 1724 in
1739 1685 1826 1725 suis
1844 1685 2041 1725 cordibus
2054 1685 2405 1737 blasphemabant
2417 1686 2466 1726 ¹⁸:

1446 1769 1465 1792 (1
1486 1754 1560 1794 Cui
1579 1753 1842 1795 assimilastis
1864 1766 1945 1805 me,
1970 1758 2010 1795 et
2031 1755 2286 1808 adaequastis
2302 1759 2342 1797 et
2360 1769 2471 1797 com-

1440 1825 1640 1878 parastis,
1670 1828 1711 1866 et
1737 1826 1889 1867 fecistis
1918 1826 2128 1868 similem?
2146 1839 2165 1864 1)
2192 1827 2243 1868 Ε1
2270 1827 2472 1880 quoniam

1441 1897 1534 1937 haec
1544 1897 1770 1948 cogitando
1785 1896 2121 1950 blasphemabat,
2135 1898 2228 1939 ideo
2240 1899 2473 1951 reprehen-

1442 1969 1601 2009 duntur
1629 1969 1670 2007 et
1697 1971 1960 2019 arguuntur,
1987 1981 2084 2009 cum
2104 1969 2300 2010 subditur
2327 1971 2367 2023 (v
2381 1970 2470 2022 izin:

1450 2039 1501 2082 Ut
1520 2040 1717 2091 coqnovz'c
1729 2043 1869 2081 autem
1883 2041 2004 2082 Jesus
2018 2041 2297 2093 coqz‘tationes
2315 2051 2472 2092 eorum,

1443 2113 1646 2162 tanquam
1686 2110 1796 2150 Deus
1810 2140 1820 2160 ,
1860 2110 1961 2162 quia
2002 2112 2030 2136 ¹⁹
2072 2125 2080 2151 :
2110 2126 2129 2150 (1
2153 2111 2271 2153 Oculi
2310 2112 2475 2153 Domini

1445 2180 1580 2221 multo
1598 2181 1693 2233 plus
1714 2181 1940 2221 lucidiores
1957 2184 2054 2221 sunt
2074 2193 2201 2234 super
2221 2183 2368 2232 solem,
2392 2184 2474 2223 cir-

1447 2251 1765 2304 cumspicientes
1785 2263 1933 2292 omnes
1954 2252 2045 2293 vias
2066 2252 2307 2303 hominum,
2324 2257 2365 2294 et
2383 2265 2476 2306 pro-

1446 2323 1628 2363 fundum
1647 2322 1815 2375 abyssi,
1838 2325 1877 2363 et
1895 2322 2121 2363 hominum
2141 2324 2266 2364 corda
2299 2325 2478 2365 intentes

1449 2393 1493 2433 in
1524 2393 1787 2433 absconditas
1820 2395 2014 2445 partes.»
2050 2393 2133 2434 Nec
2167 2394 2347 2445 mirum,
2380 2396 2478 2448 quia

1450 2466 1512 2504 est
1545 2464 1728 2505 verbum
1759 2464 1855 2514 Dei,
1890 2464 1941 2504 de
1973 2477 2057 2517 quo
2093 2465 2145 2505 ad
2183 2466 2379 2508 Hebraeos
2408 2471 2437 2492 ²⁰
2466 2480 2479 2508 :

1449 2533 1583 2576 Vivus
1602 2536 1663 2574 est
1679 2545 1818 2575 sermo
1838 2534 1924 2585 Dei,
1949 2537 1988 2574 et
2008 2535 2172 2586 efficax,
2189 2538 2230 2575 01
2247 2537 2481 2588 penetrabi-

1450 2605 1530 2645 lior
1551 2604 1669 2645 omni
1691 2605 1833 2656 gladio
1853 2606 2048 2659 ancipiti,
2068 2608 2108 2646 et
2129 2607 2330 2648 discretor
2358 2608 2454 2659 cogi
2469 2631 2480 2639 ·

1452 2675 1684 2725 tationum,
1706 2678 1747 2716 et
1767 2676 2053 2717 intentionum
2074 2677 2225 2718 cordis.
2244 2693 2262 2715 1)
2303 2677 2388 2718 Νο0
2415 2690 2482 2719 so-

1452 2747 1545 2787 lum
1575 2747 1846 2799 reprehendit
1865 2749 1906 2788 et
1925 2747 2147 2798 discernit,
2177 2748 2248 2789 sed
2269 2748 2395 2788 etiam
2416 2761 2482 2789 re-

1455 2817 1627 2868 darguit
1652 2832 1659 2858 :
1683 2817 1956 2869 Respondens
1982 2817 2104 2859 dimit
2130 2817 2188 2859 ad
2214 2819 2307 2860 illos
2328 2829 2343 2858 .·
2373 2820 2485 2868 Quid

1456 2889 1654 2941 cogitatis
1693 2889 1741 2930 in
1776 2887 1973 2930 cordibus
2007 2889 2194 2930 vestris?
2224 2889 2343 2941 quasi
2375 2889 2486 2930 dicat

1456 2959 1559 3000 illud
1577 2960 1605 2981 ²¹
1635 2970 1645 2998 :
1667 2959 1840 2999 Auferte
1869 2959 2031 2999 malum
2051 2959 2357 3010 cogitationum
2389 2971 2486 3000 ves-

1457 3032 1620 3070 trarum
1640 3029 1692 3069 ab
1710 3029 1841 3070 oculis
1861 3030 1979 3069 meis.
2002 3044 2021 3067 1)
2053 3029 2145 3081 Ipse
2166 3029 2279 3069 enim
2298 3029 2480 3080 videbat,

1458 3103 1498 3142 et
1521 3100 1728 3152 arguebat
1747 3101 1777 3122 ²²
1800 3111 1810 3140 ε
1833 3115 1851 3138 (1
1873 3098 2097 3152 Usquequo
2128 3101 2410 3141 morabuntur
2438 3101 2485 3141 in

1458 3174 1498 3213 te
1518 3171 1797 3223 cogitationes
1814 3170 2018 3210 11011ὶωῖ1)
2044 3170 2164 3211 Tales
2181 3170 2297 3211 enim
2310 3174 2487 3212 51111100-

1461 3241 1684 3294 gitationes
1703 3251 1930 3293 perversae,
1953 3239 2004 3280 de
2027 3240 2181 3292 quibus
2201 3243 2232 3265 2³
2255 3255 2294 3281 :<‹
2311 3241 2487 3283 Perver-

1461 3345 1530 3376 XIV,
1555 3337 1608 3368 63.
1634 3352 1675 3358 -
1700 3335 1726 3356 ¹⁶
1750 3335 1855 3373 Jocm„
1882 3342 1921 3375 x,
1949 3336 1999 3367 36.
2021 3353 2061 3358 —
2089 3336 2112 3357 ¹⁷
2140 3336 2218 3374 lsa„
2243 3343 2350 3375 ant,
2381 3338 2433 3368 25.
2454 3353 2489 3358 -

1462 3384 1490 3407 1⁸
1509 3383 1607 3422 ibid„
1628 3389 1683 3421 XL,
1705 3382 1757 3413 28.
1775 3397 1814 3404 —
1832 3381 1858 3403 1⁹
1880 3381 1996 3422 Eccli„
2018 3390 2119 3423 xxm,
2138 3385 2189 3414 28.
2209 3401 2244 3406 —
2258 3384 2288 3405 ‘2⁰
2308 3382 2424 3421 Helm,
2444 3390 2491 3422 JV,

1464 3433 1513 3463 12,
1536 3446 1572 3452 -
1596 3429 1620 3450 ²¹
1648 3428 1726 3467 Isa.,
1752 3435 1776 3467 1,
1805 3429 1853 3459 16.
1875 3444 1916 3452 -
1941 3429 1966 3449 ²²
1994 3430 2128 3470 Jerem„
2153 3438 2200 3471 IV,
2226 3431 2258 3461 4.
2283 3447 2325 3453 ———·
2352 3430 2376 3448 ²³
2395 3430 2488 3470 Sap.,

1463 3485 1486 3516 1,
1508 3478 1538 3508 3.
1580 3514 1583 3519 f

1506 3534 1550 3577 (a)
1570 3534 1654 3566 Caet.
1677 3532 1756 3566 edit.
1775 3534 1894 3567 [satas.
1915 3551 1955 3559 -
1975 3535 2023 3577 (b)
2045 3536 2125 3569 Caet.
2146 3536 2224 3569 edit.
2245 3534 2321 3567 add.
2341 3536 2386 3568 et.

2517 355 2601 382 Blas-

2464 398 2604 432 phemaro

1422 417 1542 466 Quod
1561 417 1609 456 fit
1627 414 1846 467 tripliciter
1863 429 1872 455 :
1889 416 1957 456 vel
1971 428 2069 456 cum
2084 416 2330 458 attribuitur
2344 416 2442 466 Deo,
2465 437 2534 473 quid
2577 438 2606 463 0,

2467 479 2536 513 quot
2547 485 2607 504 mo-
