2587 3845
1111 220 1279 262 CAPUT
1308 221 1358 263 ΙΙ.
2245 232 2294 269 17

173 323 270 353 mus
300 312 311 333 ¹
343 322 353 351 :
386 325 404 349 (ι
437 309 617 351 Viduam
652 311 692 349 et
728 308 935 350 advenam
981 308 1198 350 interfece-

172 384 287 424 runt.
306 396 325 420 ›)
341 381 422 424 Nec
441 381 634 423 veterani
654 371 914 421 revereamur
932 389 1060 421 canos
1078 380 1201 421 multi

174 453 391 505 temporis,
424 451 466 492 id
502 454 583 501 est,
617 461 931 503 quemcumque
968 461 1112 489 senem
1142 450 1155 470 ‘²
1189 464 1197 490 :

181 537 200 560 α
222 522 316 563 Non
345 524 443 561 sunt
462 521 633 561 reveriti
653 532 811 560 senem.
833 534 851 556 ›>

229 596 294 633 11.
319 592 386 634 Sic
406 595 546 633 autem
567 589 771 642 fortitudo
795 593 945 632 nostra
968 589 1037 631 lea¹
1059 589 1202 641 injus-

180 663 289 705 titioe
318 695 327 713 ‚
368 662 411 703 id
451 664 511 702 est
548 664 686 701 totum
729 662 978 712 reputemus
1012 659 1172 700 licitum
1191 691 1202 710 ‚

177 732 382 786 quidquid
411 743 637 784 possumus
662 730 798 770 facere
817 730 830 752 ³
854 743 863 770 :
892 744 911 767 a
936 729 1110 770 Factum
1141 731 1203 769 est

172 803 384 856 Juslieium
411 834 422 852 ,
459 805 499 842 et
535 801 806 842 contradictio
838 801 1062 853 potentior.
1085 814 1103 837 ›)
1129 799 1204 840 Vel

173 874 380 927 jusiitioe3
405 873 518 914 unde
546 872 858 913 Interlinearis:
889 871 1056 920 «Quasi
1083 871 1207 911 forti-

179 945 373 985 tudinem
390 956 467 997 pro
483 943 648 996 ,iustitia
663 943 912 992 habeamus,
934 942 975 982 id
997 944 1073 992 estj
1096 942 1209 994 quod

180 1015 412 1069 poterimus
449 1015 585 1055 facere
621 1026 697 1067 per
731 1013 965 1065 justitiam,
1005 1013 1209 1053 faciamus

182 1100 258 1140 per
277 1087 535 1128 violentiam.
559 1101 577 1124 ›>
606 1085 728 1137 Quod
749 1086 864 1126 enim
886 1085 1110 1136 infirmum
1132 1088 1207 1133 est,

183 1161 260 1200 etc.
283 1173 292 1208 ;
315 1158 438 1211 quasi
465 1158 574 1198 dicat
595 1170 604 1197 :
637 1172 656 1194 «
680 1156 771 1197 Non
792 1156 1085 1209 opprimamus
1112 1157 1208 1195 tan-

185 1229 404 1271 tummodo
423 1240 629 1281 pauperes
657 1230 698 1267 et
729 1227 884 1267 debiles
902 1258 912 1274 ,
934 1229 981 1267 ut
1000 1226 1151 1268 viduas
1172 1228 1213 1266 et

185 1311 328 1349 senes3
352 1299 425 1339 sed
443 1309 733 1350 quoscumque
750 1297 803 1349 (a)
820 1297 1069 1349 poterimus,
1097 1296 1212 1344 Quod

187 1370 300 1411 enim
315 1368 539 1420 infirmum
559 1370 640 1418 est,
665 1367 817 1407 scilicet
836 1368 880 1407 in
903 1380 970 1418 se,
994 1369 1041 1407 ut
1060 1366 1211 1414 vidua,

187 1451 363 1493 pauper,
385 1442 426 1480 et
450 1451 601 1489 senex,
623 1438 776 1480 inutile
797 1439 1036 1487 invenitur,
1061 1436 1216 1477 scilicet

189 1510 281 1550 aliis
304 1523 313 1550 ε
343 1509 454 1551 unde
481 1509 532 1550 de
562 1509 719 1550 talibus
737 1521 890 1562 parum
906 1541 919 1559 ,
939 1509 1007 1549 vel
1028 1507 1133 1548 nihil
1154 1509 1216 1547 est

190 1580 441 1622 curandum.
463 1580 556 1621 Non
573 1580 631 1620 sic
650 1580 855 1621 Dominus
876 1579 1094 1629 sentiebat,
1117 1577 1216 1630 qui³

197 1665 216 1688 (ι
238 1650 409 1691 infirma
433 1650 581 1691 mundi
606 1650 756 1702 elegit,
778 1664 797 1687 ))
819 1652 898 1691 etc.
916 1650 1008 1691 Non
1029 1649 1086 1689 sic
1106 1647 1215 1689 Pau-

164 1752 169 1754 *
191 1720 284 1771 lus,
306 1721 380 1774 qui
400 1721 562 1761 dicebat
580 1751 589 1770 ‚
611 1720 723 1773 quod
744 1723 757 1744 ⁵
782 1721 956 1761 «virtus
974 1720 1019 1760 in
1036 1719 1216 1759 infirmi-

192 1793 277 1832 tate
307 1791 535 1843 perficitur.
571 1805 590 1829 n
615 1790 850 1842 Allegorice
883 1790 1110 1842 exponitur
1140 1789 1220 1830 hoc

193 1862 244 1903 de
262 1862 488 1912 haereticis,
507 1862 581 1915 qui
598 1874 686 1902 non
701 1864 879 1914 parcunt
897 1861 1069 1913 pauperi
1091 1861 1216 1912 iusto,

194 1932 236 1973 id
255 1935 340 1982 est,
364 1932 521 1986 populo
540 1932 768 1973 christiano
785 1946 794 1981 ;
812 1943 889 1972 nec
907 1931 1048 1972 viduae
1064 1962 1076 1981 ‚
1096 1931 1139 1971 id
1159 1933 1222 1971 est

196 2002 411 2053 Ecclesiae3
448 2014 526 2044 nec
553 2002 765 2043 veteranis
782 2034 795 2053 ,
822 2002 864 2042 id
903 2005 990 2052 est,
1023 2002 1222 2055 apostolis

196 2077 236 2113 et
256 2073 487 2126 prophetis.

249 2147 315 2185 12.
356 2145 749 2187 Circumveniamus
787 2155 881 2198 erqo
912 2145 1104 2197 justum,
1141 2147 1220 2185 etc.

198 2215 274 2256 Hic
306 2215 540 2268 specialiter
573 2215 770 2257 describit
793 2216 946 2257 Christi
966 2216 1222 2268 persecutio-

197 2298 326 2326 nem:
362 2289 403 2327 et
436 2287 576 2339 primo
608 2287 748 2339 tangit
778 2299 975 2336 causam3
1009 2287 1193 2327 secundo
1212 2318 1222 2337 ‚

198 2357 348 2407 finem,
363 2356 422 2397 ibi
443 2371 451 2397 z
471 2357 700 2399 Videamus
713 2368 807 2410 erqo
823 2359 863 2400 si
876 2367 1107 2408 sermones,
1126 2361 1222 2407 etc.;

199 2427 343 2477 tertio,
370 2427 580 2467 mundum
599 2459 608 2477 ‚
638 2427 698 2467 ibi
734 2442 742 2467 :
777 2427 1047 2469 Contumelia
1074 2431 1110 2470 ei
1138 2432 1223 2470 tor-

202 2502 353 2547 mento,
381 2500 459 2537 etc.
491 2497 692 2546 Causam,
724 2501 894 2550 propter
926 2509 1056 2549 quam
1089 2496 1227 2538 Judaei

201 2567 409 2619 persecuti
433 2569 532 2608 sunt
551 2567 783 2615 Camsrtm,
807 2566 944 2618 tangit
974 2566 1193 2619 tripliciter
1214 2580 1224 2608 :

201 2637 361 2690 primo,
384 2649 439 2678 ex
467 2640 586 2690 parte
613 2650 790 2679 suarum
816 2638 1136 2691 operationum;
1163 2651 1229 2680 se-

202 2708 364 2758 cundo,
382 2720 436 2749 ex
453 2710 570 2760 parte
587 2720 763 2749 suarum
783 2708 1090 2760 cogitationum
1105 2741 1115 2760 ‚
1135 2709 1195 2750 ibi
1216 2723 1226 2749 ι

202 2780 360 2822 Factus
382 2783 443 2821 est
472 2778 608 2829 nobis,
631 2782 724 2829 ete.;
754 2780 897 2830 tertio,
921 2792 974 2821 ex
992 2784 1111 2833 parte
1131 2793 1229 2821 sua-

202 2861 301 2890 rum
313 2849 591 2899 locutionum,
606 2849 664 2889 ibi
682 2864 690 2890 :
709 2850 1134 2903 Tanquamnuqaces,
1150 2854 1228 2892 etc.

204 2920 252 2961 In
270 2921 409 2974 prima
424 2924 542 2974 parte
559 2933 613 2962 ex
642 2924 761 2974 parte
786 2934 966 2975 operum
985 2923 1125 2975 tangit
1152 2923 1232 2963 du-

204 2990 354 3044 plicem
383 3003 575 3043 causam,
601 3004 786 3045 quarum
806 2992 943 3045 prima
963 2996 1025 3033 est
1053 3005 1232 3046 operum

204 3060 452 3103 Judaeorum
465 3062 682 3103 detestatio
696 3077 706 3113 3
729 3063 913 3103 secunda
927 3095 937 3113 ,
956 3064 1232 3106 traditionum

207 3130 370 3174 CHRISTI
392 3134 701 3174 commendatio
725 3148 733 3174 :
757 3135 977 3176 Promiiiii
995 3145 1059 3184 se,
1083 3137 1160 3175 etc.

263 3202 653 3246 circumveniamus
673 3214 784 3257 erqo,
803 3207 882 3245 etc.
910 3204 1017 3253 Quia
1034 3205 1141 3245 dixit
1156 3206 1204 3258 (b)
1222 3220 1231 3247 ε

208 3272 435 3315 Fortitudo
460 3278 609 3316 nostra
634 3276 695 3316 sic
723 3275 793 3316 leoe
812 3274 1062 3327 injustitiae,
1083 3279 1124 3316 et
1149 3288 1236 3318 non

252 3354 264 3375 ¹
278 3353 368 3386 Psal.
388 3362 489 3395 xcni,
508 3358 539 3388 6.
555 3373 597 3379 -
611 3357 624 3377 ²
636 3357 833 3397 Baruc.‚1v,
851 3358 900 3389 16.
915 3374 956 3381 --
973 3357 987 3379 ⁸
1006 3357 1142 3397 Habac„
1163 3366 1186 3399 1,
1203 3361 1235 3391 3.

209 3417 250 3424 -
272 3400 285 3422 ὅ
312 3401 322 3431 Ι
345 3401 436 3442 Cor„
455 3410 489 3441 1,
518 3404 571 3434 27.
597 3420 633 3426 ο-
654 3404 667 3425 ⁵
694 3404 718 3434 ll
748 3404 838 3443 Cor„
862 3411 931 3444 XII,
957 3406 987 3436 9.
1009 3422 1044 3427 ——
1069 3406 1081 3425 ‘³
1100 3405 1237 3445 Jerem„

212 3453 344 3486 xxxin,
370 3449 421 3479 16.
442 3465 483 3471 —
508 3450 517 3467 ⁷
540 3449 550 3480 Ι
572 3450 679 3488 Ρρίν.,
705 3458 751 3490 11,
779 3452 832 3481 22.
855 3468 895 3473 —
919 3451 933 3472 ⁸
952 3453 1032 3490 lsa„
1051 3459 1129 3491 XLV,
1150 3454 1179 3484 8.
1197 3469 1236 3477 —

211 3493 250 3523 ⁹1
272 3492 391 3534 Thess„
414 3502 460 3534 lv,
477 3497 508 3526 6.
528 3514 567 3519 -
589 3497 612 3517 ¹·
629 3497 655 3528 ll
683 3497 772 3535 Cor„
794 3505 857 3536 vu,
878 3500 907 3529 ἓ.
925 3515 964 3520 -
986 3499 1007 3519 ¹¹
1024 3499 1109 3537 Aet„
1130 3507 1164 3538 x,
1187 3500 1236 3531 38.

378 3564 461 3593 TOM
489 3564 529 3593 X.

1270 321 1520 362 possumuS,
1556 309 1637 350 nisi
1672 311 1841 363 Justum
1882 311 2293 365 circumveniamus3

1272 381 1658 423 circumveniamus
1694 392 1785 434 erqo
1821 382 1989 433 iustum
2002 415 2015 434 ,
2056 387 2105 424 ut
2142 384 2298 426 scilicet

1273 450 1527 491 fortitudinis
1567 455 1720 492 nostrae
1758 452 1898 504 legem
1937 453 2068 494 libere
2105 467 2301 496 exercere

1273 521 1499 572 possimus
1540 522 1929 565 Circumveniamus
1947 555 1959 574 ‚
1984 524 2191 577 inquam,
2223 537 2299 578 per

1275 591 1601 632 fraudulentiam
1626 607 1635 642 3
1665 592 1861 644 justum,
1895 593 1937 634 id
1957 596 2043 644 est,
2065 594 2300 646 Christum,

1276 662 1348 713 qui
1368 674 1442 714 per
1473 664 1811 704 antonomasiam
1833 665 1977 715 Justus
2002 665 2237 718 appellatur
2255 670 2269 692 ⁶
2293 680 2304 707 z

1283 746 1301 769 (ι
1321 731 1408 772 Hoc
1428 736 1490 773 est
1522 745 1677 774 nomen
1705 735 1817 786 quod
1837 735 2051 776 vocabunt
2070 747 2172 776 eum
2195 751 2204 776 :
2225 736 2305 777 Do-

1279 803 1420 844 minus
1435 804 1578 854 justus
1605 807 1766 854 noster3
1790 820 1808 841 n
1834 806 1932 858 quia
1957 806 1969 828 ⁷
1992 810 2210 858 peccatum
2238 820 2306 848 ac-

1278 873 1392 914 tuale
1420 884 1505 915 non
1537 875 1662 925 fecii,
1683 887 1762 915 nec
1794 875 2004 927 originale
2033 877 2243 919 contraxit
2262 878 2308 919 in

1280 945 1550 996 conceptione
1569 945 1582 966 ⁸
1600 958 1610 986 :
1631 960 1650 984 c(
1665 946 1686 987 J
1691 946 1830 987 ustitia
1844 947 2007 988 oriatur
2025 948 2168 999 simul,
2185 963 2203 987 ›>
2228 951 2305 990 etc.

1280 1015 1356 1057 Vel
1388 1017 1803 1069 circumveniamus,
1825 1021 1921 1068 etc„
1950 1021 2085 1071 potest
2111 1031 2200 1061 esse
2225 1032 2311 1062 vox

1283 1088 1570 1140 quorumlibet
1586 1089 1798 1130 malorum
1818 1093 1962 1130 contra
1976 1090 2206 1143 quemlibet
2222 1092 2311 1144 jus-

1284 1162 1376 1199 tum
1387 1191 1401 1209 ,
1421 1163 1566 1200 contra
1579 1161 1692 1213 quod
1708 1164 1852 1202 monet
1870 1162 2096 1214 Apostolus
2114 1163 2256 1204 dicens
2270 1166 2308 1201 ⁹:

1292 1246 1310 1268 α
1329 1230 1388 1271 Ne
1415 1231 1511 1283 quis
1542 1232 1846 1273 circumveniat
1866 1233 1910 1273 in
1936 1234 2111 1285 negotio
2138 1235 2315 1275 fratrem

1285 1312 1413 1341 suum
1426 1332 1435 1350 ,
1450 1316 1468 1338 »
1486 1302 1592 1342 sicut
1610 1315 1688 1343 nec
1699 1303 1788 1355 ipse
1804 1303 1977 1354 fecerat3
2000 1305 2112 1346 unde
2127 1309 2156 1331 ¹⁰
2175 1319 2216 1345 :a
2231 1305 2316 1346 Nos

1287 1371 1501 1411 neminem
1530 1372 1718 1413 laesimus
1735 1387 1780 1422 ,»
1806 1374 1960 1415 scilicet
1979 1374 2110 1424 facto;
2141 1375 2314 1416 «nemi-

1286 1454 1385 1482 nem
1397 1443 1905 1496 corrupimus,›>exemplo
1917 1456 2063 1497 pravo;
2074 1460 2092 1485 (‹
2103 1446 2320 1487 neminem

1289 1513 1650 1555 circumvenimus
1665 1547 1677 1565 ,
1700 1530 1719 1553 ›>
1748 1516 1905 1557 scilicet
1935 1517 2081 1558 verbo.
2106 1518 2320 1570 Quoniam

1290 1585 1462 1627 inutilis
1482 1589 1538 1627 esi
1555 1586 1690 1628 nobis.
1725 1586 1896 1628 Glossa:
1922 1601 1942 1626 c<
1955 1588 2063 1629 Cum
2081 1591 2225 1629 tamen
2243 1590 2322 1630 uti-

1289 1655 1451 1696 litatem
1472 1657 1563 1708 ejus
1582 1656 1625 1696 in
1660 1657 1858 1698 omnibus
1887 1658 2137 1709 viderent‚›)
2171 1671 2320 1701 secun-

1292 1725 1394 1765 dum
1414 1725 1518 1766 illud
1535 1727 1560 1748 ¹¹
1586 1736 1626 1765 z«
1641 1726 1719 1775 Qui
1739 1728 1981 1780 pertransiit
1997 1729 2318 1781 benefaciendo,

1293 1798 1333 1835 et
1348 1796 1535 1836 sanando
1562 1808 1710 1837 omnes
1726 1810 1947 1850 oppressos
1968 1812 1992 1840 a
2005 1800 2187 1841 diabolo.
2203 1815 2223 1838 n
2242 1800 2324 1842 Sed

1294 1865 1489 1906 inutilem
1518 1867 1598 1907 sibi
1627 1869 1882 1920 reputabant
1910 1870 1954 1910 in
1985 1871 2288 1923 temporalibus
2310 1903 2321 1920 ‚

1294 1937 1408 1977 unde
1428 1938 1454 1959 ¹2
1474 1951 1482 1976 :
1503 1952 1521 1976 ε(
1539 1936 1719 1978 Venient
1738 1938 1941 1989 Romani,
1965 1943 2005 1981 et
2024 1940 2169 1981 tollent
2184 1941 2325 1982 locum

1294 2009 1491 2047 nostrum
1509 2010 1550 2047 et
1571 2010 1759 2059 gentem.
1779 2023 1798 2047 »
1822 2010 1878 2052 Et
1895 2012 2139 2054 contrarius
2153 2016 2216 2056 est
2236 2023 2327 2065 ope-

1296 2077 1417 2119 ribus
1437 2080 1622 2129 nostris,
1646 2079 1804 2121 scilicet
1832 2081 1938 2122 sicut
1957 2082 2117 2124 bonum
2137 2086 2201 2124 est
2221 2095 2326 2124 con-

1297 2150 1481 2190 trarium
1506 2150 1617 2190 malo
1633 2182 1646 2201 ,
1669 2152 1903 2193 secundum
1933 2153 2039 2195 illud
2061 2155 2089 2179 ¹³
2107 2169 2149 2196 :a
2175 2155 2329 2197 Contra

1299 2221 1462 2262 malum
1479 2225 1558 2262 stat
1577 2222 1758 2274 bonum,
1780 2226 1822 2263 et
1839 2227 1985 2266 contra
2004 2225 2146 2268 virum
2166 2227 2330 2279 justum

1299 2294 1504 2344 peccator,
1525 2307 1544 2331 n
1570 2297 1611 2336 ec
1630 2294 1891 2346 improperat
1920 2295 2041 2338 nobis
2066 2300 2243 2349 peccata
2272 2297 2330 2338 le-

1300 2363 1367 2415 92'8
1383 2394 1394 2413 ,
1416 2363 1517 2415 quia
1547 2375 1770 2416 peccamus
1790 2366 2142 2418 transgrediendo
2162 2367 2326 2420 legem,

1301 2432 1414 2473 unde
1435 2435 1466 2457 ¹⁴
1489 2447 1525 2473 :a
1541 2432 1690 2475 Nonne
1718 2435 1853 2476 Moses
1871 2436 1984 2477 dedit
2011 2438 2131 2478 vobis
2161 2438 2303 2490 legem
2317 2469 2327 2488 ‚

1302 2504 1342 2541 et
1361 2513 1487 2542 nemo
1506 2515 1560 2544 ex
1578 2504 1699 2544 vobis
1719 2505 1815 2545 facit
1831 2505 1974 2558 legem
1986 2508 2005 2546 ἱ)
2019 2521 2038 2545 n
2053 2508 2109 2550 Ec
2127 2507 2330 2561 diffamat

1302 2572 1352 2613 in
1370 2583 1471 2623 nos,
1492 2574 1535 2614 id
1554 2577 1614 2614 est
1629 2606 1641 2626 2
1664 2578 1810 2616 contra
1830 2588 1906 2617 nos
1922 2609 1933 2628 ,
1955 2578 2024 2618 vel
2043 2578 2088 2619 in
2105 2590 2182 2619 nos
2202 2581 2332 2620 retor-

1303 2645 1471 2697 quendo
1484 2676 1497 2695 ,
1520 2651 1694 2700 peccata
1715 2647 1958 2700 disciplinae
1980 2654 2138 2693 nostrae
2153 2682 2163 2700 ,
2183 2650 2227 2691 id
2245 2654 2331 2699 est,

1303 2715 1494 2767 dicendo,
1509 2717 1623 2769 quod
1642 2730 1866 2769 peccamus
1885 2720 2132 2762 traditiones
2151 2723 2332 2771 nostras,

1303 2786 1372 2827 vel
1393 2788 1594 2838 tenendo,
1627 2789 1695 2829 vel
1724 2791 1867 2831 tenere
1887 2790 2077 2832 faciendo
2103 2792 2249 2842 ;unde
2269 2793 2299 2817 ¹⁵
2322 2805 2332 2832 ε

1312 2873 1331 2897 <i
1345 2856 1483 2908 Quare
1495 2860 1844 2912 transgredimini
1861 2862 2111 2904 mandatum
2124 2862 2197 2904 Dei
2207 2875 2336 2916 prop-

1305 2931 1370 2970 ter
1388 2930 1630 2972 traditiones
1648 2934 1837 2972 nostras?
1856 2947 1876 2970 n

1378 3001 1443 3041 13.
1476 3001 1687 3044 Promittii
1723 3013 1764 3044 se
1800 3003 2025 3046 scientiam
2062 3004 2139 3046 Dei
2174 3004 2336 3046 habere.

1310 3069 1453 3111 Glossa
1475 3085 1483 3111 :
1513 3086 1532 3109 c<
1553 3071 1597 3112 Id
1617 3074 1704 3122 est,
1724 3073 1870 3114 omnia
1896 3086 1942 3114 se
1973 3074 2107 3123 scire,
2136 3077 2340 3127 tanquam

1310 3140 1445 3192 Deus3
1467 3156 1486 3179 ›)
1514 3145 1554 3183 et
1574 3142 1656 3183 hoc
1674 3147 1884 3196 quantum
1904 3146 1957 3187 ad
1975 3146 2199 3187 essentiam
2228 3161 2238 3187 ε
2261 3147 2340 3188 Fi-

1310 3211 1418 3253 lium
1437 3213 1514 3254 Dei
1544 3223 1586 3254 se
1606 3215 1827 3266 nominat,
1853 3215 1896 3256 id
1925 3219 2013 3266 est,
2047 3216 2132 3257 Deo
2163 3216 2341 3258 consub-

1313 3283 1552 3323 stantialem
1573 3286 1614 3324 et
1633 3287 1891 3326 coaeternum
1906 3318 1917 3337 ‚
1940 3287 2081 3339 quoad
2099 3298 2338 3339 personam.

1312 3375 1354 3381 —
1375 3358 1397 3376 '²
1415 3359 1524 3398 Jeme„
1545 3367 1592 3399 xi,
1607 3361 1659 3392 48.
1675 3378 1717 3384 —
1733 3361 1756 3382 ¹³
1772 3361 1892 3401 Eccli„
1910 3370 2040 3403 xxxin,
2063 3364 2111 3394 15.
2131 3378 2165 3385 -
2190 3362 2216 3384 ¹⁴
2233 3362 2342 3402 loun„

1314 3412 1374 3444 vn,
1397 3406 1445 3436 19.
1465 3422 1506 3428 -
1529 3407 1552 3428 ¹5
1571 3407 1707 3447 Malta„
1727 3415 1785 3448 XV,
1806 3410 1836 3439 3.

1356 3459 1401 3497 (a)
1428 3457 1525 3490 Edit.
1557 3458 1628 3490 Vat.
1659 3469 1829 3501 quosque3
1858 3461 1950 3493 Edit.
1985 3461 2059 3493 Ven.
2086 3470 2275 3502 quousque.
2302 3479 2344 3486 -

1316 3503 1363 3543 (b)
1384 3505 1464 3535 (;aet.
1481 3505 1560 3536 edit.
1585 3506 1665 3538 (lixi.

2160 3573 2184 3609 2
