<?xml version="1.0" encoding="UTF-8"?>
<!DOCTYPE html PUBLIC "-//W3C//DTD XHTML 1.0 Transitional//EN"
    "http://www.w3.org/TR/xhtml1/DTD/xhtml1-transitional.dtd">
<html xmlns="http://www.w3.org/1999/xhtml" xml:lang="en" lang="en">
 <head>
  <title>
</title>
<meta http-equiv="Content-Type" content="text/html;charset=utf-8" />
  <meta name='ocr-system' content='tesseract 3.04.00' />
  <meta name='ocr-capabilities' content='ocr_page ocr_carea ocr_par ocr_line ocrx_word'/>
</head>
<body>
  <div class='ocr_page' id='page_1' title='image "./operaomniasixtiv10bonauoft/operaomniasixtiv10bonauoft_0639.png"; bbox 0 0 2634 3853; ppageno 0'>
   <div class='ocr_carea' id='block_1_1' title="bbox 961 141 1599 187">
    <p class='ocr_par' dir='ltr' id='par_1_1' title="bbox 961 141 1599 187">
     <span class='ocr_line' id='line_1_1' title="bbox 961 141 1599 187; baseline 0.002 -4"><span class='ocrx_word' id='word_1_1' title='bbox 961 141 1232 184; x_wconf 86' lang='lat' dir='ltr'><strong>EXPOSITIO</strong></span> <span class='ocrx_word' id='word_1_2' title='bbox 1262 143 1315 184; x_wconf 95' lang='lat' dir='ltr'>IN</span> <span class='ocrx_word' id='word_1_3' title='bbox 1347 144 1461 185; x_wconf 87' lang='lat' dir='ltr'><strong>CAP.</strong></span> <span class='ocrx_word' id='word_1_4' title='bbox 1494 144 1599 187; x_wconf 86' lang='lat' dir='ltr'><strong>XIV.</strong></span> 
     </span>
    </p>
   </div>
   <div class='ocr_carea' id='block_1_2' title="bbox 166 229 1249 3355">
    <p class='ocr_par' dir='ltr' id='par_1_2' title="bbox 217 229 1246 761">
     <span class='ocr_line' id='line_1_2' title="bbox 218 229 1242 284; baseline -0.001 -12"><span class='ocrx_word' id='word_1_5' title='bbox 218 232 272 272; x_wconf 88' lang='lat' dir='ltr'>ei.</span> <span class='ocrx_word' id='word_1_6' title='bbox 293 245 313 270; x_wconf 72' lang='lat' dir='ltr'>x&gt;</span> <span class='ocrx_word' id='word_1_7' title='bbox 337 231 388 271; x_wconf 93' lang='lat' dir='ltr'>Et</span> <span class='ocrx_word' id='word_1_8' title='bbox 408 231 458 271; x_wconf 93' lang='lat' dir='ltr'>de</span> <span class='ocrx_word' id='word_1_9' title='bbox 477 229 725 281; x_wconf 77' lang='lat' dir='ltr'>huJusmodi</span> <span class='ocrx_word' id='word_1_10' title='bbox 754 230 906 271; x_wconf 90' lang='lat' dir='ltr'>dicitur</span> <span class='ocrx_word' id='word_1_11' title='bbox 933 230 943 252; x_wconf 81' lang='lat'><strong>¹</strong></span> <span class='ocrx_word' id='word_1_12' title='bbox 975 244 983 271; x_wconf 76' lang='grc' dir='ltr'>ε</span> <span class='ocrx_word' id='word_1_13' title='bbox 1023 245 1041 269; x_wconf 70' lang='grc' dir='ltr'>(ι</span> <span class='ocrx_word' id='word_1_14' title='bbox 1067 230 1139 271; x_wconf 88' lang='lat' dir='ltr'>Est</span> <span class='ocrx_word' id='word_1_15' title='bbox 1167 231 1242 284; x_wconf 90' lang='lat' dir='ltr'>qui</span> 
     </span>
     <span class='ocr_line' id='line_1_3' title="bbox 218 299 1241 353; baseline -0.002 -11"><span class='ocrx_word' id='word_1_16' title='bbox 218 301 410 353; x_wconf 87' lang='lat' dir='ltr'>nequiter</span> <span class='ocrx_word' id='word_1_17' title='bbox 452 299 648 340; x_wconf 86' lang='lat' dir='ltr'>humiliat</span> <span class='ocrx_word' id='word_1_18' title='bbox 693 311 736 340; x_wconf 89' lang='lat' dir='ltr'>se</span> <span class='ocrx_word' id='word_1_19' title='bbox 755 332 764 350; x_wconf 83' lang='lat'>,</span> <span class='ocrx_word' id='word_1_20' title='bbox 819 301 880 342; x_wconf 76' lang='lat' dir='ltr'>et.</span> <span class='ocrx_word' id='word_1_21' title='bbox 905 300 1104 340; x_wconf 86' lang='lat' dir='ltr'>interiora</span> <span class='ocrx_word' id='word_1_22' title='bbox 1148 301 1241 352; x_wconf 74' lang='lat' dir='ltr'>eJ&#39;us</span> 
     </span>
     <span class='ocr_line' id='line_1_4' title="bbox 217 369 1238 423; baseline 0 -13"><span class='ocrx_word' id='word_1_23' title='bbox 217 371 340 423; x_wconf 90' lang='lat' dir='ltr'>plena</span> <span class='ocrx_word' id='word_1_24' title='bbox 371 371 471 410; x_wconf 87' lang='lat' dir='ltr'>sunt</span> <span class='ocrx_word' id='word_1_25' title='bbox 497 369 606 410; x_wconf 90' lang='lat' dir='ltr'>dolo.</span> <span class='ocrx_word' id='word_1_26' title='bbox 638 383 657 407; x_wconf 75' lang='grc' dir='ltr'>ι)</span> <span class='ocrx_word' id='word_1_27' title='bbox 683 369 732 409; x_wconf 88' lang='lat' dir='ltr'>Et</span> <span class='ocrx_word' id='word_1_28' title='bbox 764 369 814 409; x_wconf 90' lang='lat' dir='ltr'>de</span> <span class='ocrx_word' id='word_1_29' title='bbox 842 369 996 409; x_wconf 84' lang='lat' dir='ltr'>talibus</span> <span class='ocrx_word' id='word_1_30' title='bbox 1016 369 1117 410; x_wconf 86' lang='lat' dir='ltr'>dicit</span> <span class='ocrx_word' id='word_1_31' title='bbox 1136 369 1238 411; x_wconf 90' lang='lat' dir='ltr'>Pro-</span> 
     </span>
     <span class='ocr_line' id='line_1_5' title="bbox 217 438 1241 496; baseline 0.002 -17"><span class='ocrx_word' id='word_1_32' title='bbox 217 439 343 492; x_wconf 99' lang='lat' dir='ltr'>pheta</span> <span class='ocrx_word' id='word_1_33' title='bbox 380 440 426 480; x_wconf 92' lang='lat' dir='ltr'>in</span> <span class='ocrx_word' id='word_1_34' title='bbox 464 439 628 481; x_wconf 81' lang='lat' dir='ltr'><em>Psalmo</em></span> <span class='ocrx_word' id='word_1_35' title='bbox 666 443 680 464; x_wconf 75' lang='lat'><strong>2</strong></span> <span class='ocrx_word' id='word_1_36' title='bbox 726 453 734 478; x_wconf 91' lang='lat'>:</span> <span class='ocrx_word' id='word_1_37' title='bbox 784 453 802 477; x_wconf 89' lang='lat'>«</span> <span class='ocrx_word' id='word_1_38' title='bbox 827 438 919 480; x_wconf 92' lang='lat' dir='ltr'>Non</span> <span class='ocrx_word' id='word_1_39' title='bbox 961 439 1140 479; x_wconf 79' lang='lat' dir='ltr'>declines</span> <span class='ocrx_word' id='word_1_40' title='bbox 1169 452 1241 496; x_wconf 81' lang='lat' dir='ltr'>cor</span> 
     </span>
     <span class='ocr_line' id='line_1_6' title="bbox 217 509 1240 560; baseline 0.002 -11"><span class='ocrx_word' id='word_1_41' title='bbox 217 521 361 550; x_wconf 90' lang='lat' dir='ltr'>meum</span> <span class='ocrx_word' id='word_1_42' title='bbox 379 509 425 549; x_wconf 89' lang='lat' dir='ltr'>in</span> <span class='ocrx_word' id='word_1_43' title='bbox 443 510 573 550; x_wconf 87' lang='lat' dir='ltr'>verba</span> <span class='ocrx_word' id='word_1_44' title='bbox 595 509 766 549; x_wconf 80' lang='lat' dir='ltr'>malitiae</span> <span class='ocrx_word' id='word_1_45' title='bbox 780 541 790 560; x_wconf 91' lang='lat'>,</span> <span class='ocrx_word' id='word_1_46' title='bbox 813 510 865 550; x_wconf 90' lang='lat' dir='ltr'>ad</span> <span class='ocrx_word' id='word_1_47' title='bbox 884 510 1146 550; x_wconf 80' lang='lat' dir='ltr'>excusandas</span> <span class='ocrx_word' id='word_1_48' title='bbox 1166 522 1240 551; x_wconf 82' lang='lat' dir='ltr'>ex-</span> 
     </span>
     <span class='ocr_line' id='line_1_7' title="bbox 218 579 1236 633; baseline 0.002 -14"><span class='ocrx_word' id='word_1_49' title='bbox 218 579 452 620; x_wconf 86' lang='lat' dir='ltr'>cusationes</span> <span class='ocrx_word' id='word_1_50' title='bbox 470 580 514 620; x_wconf 93' lang='lat' dir='ltr'>in</span> <span class='ocrx_word' id='word_1_51' title='bbox 536 580 726 633; x_wconf 58' lang='lat' dir='ltr'>peccatis</span> <span class='ocrx_word' id='word_1_52' title='bbox 745 595 764 617; x_wconf 73' lang='lat' dir='ltr'>n</span> <span class='ocrx_word' id='word_1_53' title='bbox 790 580 841 620; x_wconf 82' lang='lat' dir='ltr'>Et</span> <span class='ocrx_word' id='word_1_54' title='bbox 860 580 953 620; x_wconf 89' lang='lat' dir='ltr'>ideo</span> <span class='ocrx_word' id='word_1_55' title='bbox 974 592 997 620; x_wconf 91' lang='lat' dir='ltr'>e</span> <span class='ocrx_word' id='word_1_56' title='bbox 1026 581 1236 621; x_wconf 90' lang='lat' dir='ltr'>contrario</span> 
     </span>
     <span class='ocr_line' id='line_1_8' title="bbox 217 649 1246 703; baseline 0.002 -13"><span class='ocrx_word' id='word_1_57' title='bbox 217 649 370 691; x_wconf 89' lang='lat' dir='ltr'>dicitur</span> <span class='ocrx_word' id='word_1_58' title='bbox 393 650 444 690; x_wconf 82' lang='lat' dir='ltr'>de</span> <span class='ocrx_word' id='word_1_59' title='bbox 470 650 561 692; x_wconf 88' lang='lat' dir='ltr'>viro</span> <span class='ocrx_word' id='word_1_60' title='bbox 587 651 703 703; x_wconf 85' lang='lat' dir='ltr'>justo</span> <span class='ocrx_word' id='word_1_61' title='bbox 731 653 744 676; x_wconf 76' lang='lat'>3</span> <span class='ocrx_word' id='word_1_62' title='bbox 768 665 776 690; x_wconf 89' lang='lat'>:</span> <span class='ocrx_word' id='word_1_63' title='bbox 807 666 825 688; x_wconf 76' lang='grc' dir='ltr'>α</span> <span class='ocrx_word' id='word_1_64' title='bbox 859 650 1003 691; x_wconf 87' lang='lat' dir='ltr'>Justus</span> <span class='ocrx_word' id='word_1_65' title='bbox 1036 651 1150 703; x_wconf 92' lang='lat' dir='ltr'>prior</span> <span class='ocrx_word' id='word_1_66' title='bbox 1184 654 1246 692; x_wconf 88' lang='lat' dir='ltr'>est</span> 
     </span>
     <span class='ocr_line' id='line_1_9' title="bbox 219 720 574 761; baseline -0.006 -1"><span class='ocrx_word' id='word_1_67' title='bbox 219 722 434 761; x_wconf 87' lang='lat' dir='ltr'>accusator</span> <span class='ocrx_word' id='word_1_68' title='bbox 453 720 533 761; x_wconf 90' lang='lat' dir='ltr'>sui.</span> <span class='ocrx_word' id='word_1_69' title='bbox 555 735 574 759; x_wconf 72' lang='lat' dir='ltr'>J)</span> 
     </span>
    </p>

    <p class='ocr_par' dir='ltr' id='par_1_3' title="bbox 166 789 1249 3170">
     <span class='ocr_line' id='line_1_10' title="bbox 271 789 1241 843; baseline 0.003 -13"><span class='ocrx_word' id='word_1_70' title='bbox 271 789 485 841; x_wconf 85' lang='lat' dir='ltr'>Secundo,</span> <span class='ocrx_word' id='word_1_71' title='bbox 509 793 716 843; x_wconf 89' lang='lat' dir='ltr'>quantum</span> <span class='ocrx_word' id='word_1_72' title='bbox 742 792 793 832; x_wconf 88' lang='lat' dir='ltr'>ad</span> <span class='ocrx_word' id='word_1_73' title='bbox 815 791 1042 832; x_wconf 87' lang='lat' dir='ltr'>secundam</span> <span class='ocrx_word' id='word_1_74' title='bbox 1067 803 1241 833; x_wconf 78' lang='lat' dir='ltr'>excusa-</span> 
     </span>
     <span class='ocr_line' id='line_1_11' title="bbox 218 860 1240 913; baseline 0.001 -12"><span class='ocrx_word' id='word_1_75' title='bbox 218 860 376 901; x_wconf 86' lang='lat' dir='ltr'>tionem</span> <span class='ocrx_word' id='word_1_76' title='bbox 395 872 491 913; x_wconf 84' lang='lat' dir='ltr'>quae</span> <span class='ocrx_word' id='word_1_77' title='bbox 518 861 633 902; x_wconf 86' lang='lat' dir='ltr'>venit</span> <span class='ocrx_word' id='word_1_78' title='bbox 662 873 714 901; x_wconf 82' lang='lat' dir='ltr'>ex</span> <span class='ocrx_word' id='word_1_79' title='bbox 733 861 1009 902; x_wconf 89' lang='lat' dir='ltr'>sollicitudine</span> <span class='ocrx_word' id='word_1_80' title='bbox 1028 862 1240 912; x_wconf 76' lang='lat' dir='ltr'>avaritiae,</span> 
     </span>
     <span class='ocr_line' id='line_1_12' title="bbox 217 931 1244 984; baseline 0.002 -13"><span class='ocrx_word' id='word_1_81' title='bbox 217 931 357 972; x_wconf 89' lang='lat' dir='ltr'><strong>subdit</strong></span> <span class='ocrx_word' id='word_1_82' title='bbox 388 931 442 983; x_wconf 92' lang='lat' dir='ltr'>(v.</span> <span class='ocrx_word' id='word_1_83' title='bbox 479 933 541 981; x_wconf 80' lang='lat'>19)</span> <span class='ocrx_word' id='word_1_84' title='bbox 573 931 663 973; x_wconf 77' lang='lat' dir='ltr'>:Ec</span> <span class='ocrx_word' id='word_1_85' title='bbox 693 932 796 974; x_wconf 77' lang='lat' dir='ltr'>alter</span> <span class='ocrx_word' id='word_1_86' title='bbox 816 931 936 973; x_wconf 67' lang='lat' dir='ltr'>dixit</span> <span class='ocrx_word' id='word_1_87' title='bbox 957 945 970 970; x_wconf 93' lang='lat'>.·</span> <span class='ocrx_word' id='word_1_88' title='bbox 989 933 1100 984; x_wconf 75' lang='lat' dir='ltr'>Juya</span> <span class='ocrx_word' id='word_1_89' title='bbox 1124 933 1244 975; x_wconf 79' lang='lat' dir='ltr'>boum</span> 
     </span>
     <span class='ocr_line' id='line_1_13' title="bbox 218 1001 1242 1055; baseline 0.002 -13"><span class='ocrx_word' id='word_1_90' title='bbox 218 1001 301 1043; x_wconf 81' lang='lat' dir='ltr'>emi</span> <span class='ocrx_word' id='word_1_91' title='bbox 327 1001 525 1053; x_wconf 78' lang='lat' dir='ltr'>quinque.</span> <span class='ocrx_word' id='word_1_92' title='bbox 563 1001 805 1043; x_wconf 82' lang='lat' dir='ltr'>Sollicitudo</span> <span class='ocrx_word' id='word_1_93' title='bbox 834 1014 1018 1055; x_wconf 85' lang='lat' dir='ltr'>namque</span> <span class='ocrx_word' id='word_1_94' title='bbox 1054 1004 1242 1044; x_wconf 79' lang='lat' dir='ltr'>avaritiae</span> 
     </span>
     <span class='ocr_line' id='line_1_14' title="bbox 217 1071 1245 1124; baseline 0.003 -13"><span class='ocrx_word' id='word_1_95' title='bbox 217 1071 335 1120; x_wconf 81' lang='lat' dir='ltr'>facit,</span> <span class='ocrx_word' id='word_1_96' title='bbox 375 1071 486 1124; x_wconf 88' lang='lat' dir='ltr'>quod</span> <span class='ocrx_word' id='word_1_97' title='bbox 521 1071 616 1124; x_wconf 88' lang='lat' dir='ltr'>quis</span> <span class='ocrx_word' id='word_1_98' title='bbox 651 1083 735 1112; x_wconf 90' lang='lat' dir='ltr'>non</span> <span class='ocrx_word' id='word_1_99' title='bbox 771 1072 924 1124; x_wconf 86' lang='lat' dir='ltr'>quaerit</span> <span class='ocrx_word' id='word_1_100' title='bbox 960 1072 1042 1112; x_wconf 85' lang='lat' dir='ltr'>nisi</span> <span class='ocrx_word' id='word_1_101' title='bbox 1079 1075 1245 1114; x_wconf 86' lang='lat' dir='ltr'>terrena</span> 
     </span>
     <span class='ocr_line' id='line_1_15' title="bbox 217 1142 1243 1196; baseline 0.003 -14"><span class='ocrx_word' id='word_1_102' title='bbox 217 1144 396 1183; x_wconf 88' lang='lat' dir='ltr'>tractare</span> <span class='ocrx_word' id='word_1_103' title='bbox 439 1157 447 1183; x_wconf 94' lang='lat'><strong>:</strong></span> <span class='ocrx_word' id='word_1_104' title='bbox 481 1142 574 1183; x_wconf 85' lang='lat' dir='ltr'>ideo</span> <span class='ocrx_word' id='word_1_105' title='bbox 613 1143 746 1184; x_wconf 89' lang='lat' dir='ltr'>labori</span> <span class='ocrx_word' id='word_1_106' title='bbox 790 1144 920 1185; x_wconf 90' lang='lat' dir='ltr'>boum</span> <span class='ocrx_word' id='word_1_107' title='bbox 959 1147 1243 1196; x_wconf 82' lang='lat' dir='ltr'>comparatur,</span> 
     </span>
     <span class='ocr_line' id='line_1_16' title="bbox 217 1213 1247 1265; baseline 0.001 -11"><span class='ocrx_word' id='word_1_108' title='bbox 217 1224 403 1265; x_wconf 87' lang='lat' dir='ltr'>quorum</span> <span class='ocrx_word' id='word_1_109' title='bbox 429 1213 491 1253; x_wconf 89' lang='lat' dir='ltr'>est</span> <span class='ocrx_word' id='word_1_110' title='bbox 509 1214 667 1254; x_wconf 85' lang='lat' dir='ltr'>terram</span> <span class='ocrx_word' id='word_1_111' title='bbox 696 1214 856 1254; x_wconf 89' lang='lat' dir='ltr'>sulcare</span> <span class='ocrx_word' id='word_1_112' title='bbox 893 1215 935 1254; x_wconf 90' lang='lat' dir='ltr'>et</span> <span class='ocrx_word' id='word_1_113' title='bbox 963 1226 1173 1255; x_wconf 76' lang='lat' dir='ltr'>exercere.</span> <span class='ocrx_word' id='word_1_114' title='bbox 1195 1215 1247 1255; x_wconf 85' lang='lat' dir='ltr'>Et</span> 
     </span>
     <span class='ocr_line' id='line_1_17' title="bbox 218 1282 1247 1337; baseline 0.002 -14"><span class='ocrx_word' id='word_1_115' title='bbox 218 1282 420 1324; x_wconf 88' lang='lat' dir='ltr'>dicuntur</span> <span class='ocrx_word' id='word_1_116' title='bbox 439 1283 629 1335; x_wconf 88' lang='lat' dir='ltr'>quinque</span> <span class='ocrx_word' id='word_1_117' title='bbox 641 1283 754 1335; x_wconf 81' lang='lat' dir='ltr'>juga</span> <span class='ocrx_word' id='word_1_118' title='bbox 767 1285 896 1325; x_wconf 88' lang='lat' dir='ltr'>boum</span> <span class='ocrx_word' id='word_1_119' title='bbox 908 1315 920 1335; x_wconf 84' lang='lat'>,</span> <span class='ocrx_word' id='word_1_120' title='bbox 939 1287 1111 1337; x_wconf 88' lang='lat' dir='ltr'>propter</span> <span class='ocrx_word' id='word_1_121' title='bbox 1127 1286 1247 1337; x_wconf 88' lang='lat' dir='ltr'>quin-</span> 
     </span>
     <span class='ocr_line' id='line_1_18' title="bbox 220 1355 1242 1406; baseline 0.002 -12"><span class='ocrx_word' id='word_1_122' title='bbox 220 1365 303 1406; x_wconf 89' lang='lat' dir='ltr'>que</span> <span class='ocrx_word' id='word_1_123' title='bbox 340 1364 489 1393; x_wconf 89' lang='lat' dir='ltr'>sensus</span> <span class='ocrx_word' id='word_1_124' title='bbox 529 1365 754 1394; x_wconf 85' lang='lat' dir='ltr'>conversos</span> <span class='ocrx_word' id='word_1_125' title='bbox 792 1355 844 1395; x_wconf 88' lang='lat' dir='ltr'>ad</span> <span class='ocrx_word' id='word_1_126' title='bbox 882 1355 973 1395; x_wconf 82' lang='lat' dir='ltr'>haec</span> <span class='ocrx_word' id='word_1_127' title='bbox 1018 1356 1242 1396; x_wconf 80' lang='lat' dir='ltr'>terrestria.</span> 
     </span>
     <span class='ocr_line' id='line_1_19' title="bbox 219 1422 1243 1476; baseline 0.003 -13"><span class='ocrx_word' id='word_1_128' title='bbox 219 1422 336 1463; x_wconf 90' lang='lat' dir='ltr'>Unde</span> <span class='ocrx_word' id='word_1_129' title='bbox 356 1422 500 1463; x_wconf 88' lang='lat' dir='ltr'>Glossa</span> <span class='ocrx_word' id='word_1_130' title='bbox 525 1437 534 1462; x_wconf 77' lang='grc' dir='ltr'>ε</span> <span class='ocrx_word' id='word_1_131' title='bbox 569 1438 588 1461; x_wconf 84' lang='grc'>((</span> <span class='ocrx_word' id='word_1_132' title='bbox 610 1423 709 1464; x_wconf 83' lang='lat' dir='ltr'>Haec</span> <span class='ocrx_word' id='word_1_133' title='bbox 742 1426 850 1476; x_wconf 79' lang='lat' dir='ltr'>Juga</span> <span class='ocrx_word' id='word_1_134' title='bbox 880 1425 1010 1464; x_wconf 90' lang='lat' dir='ltr'>boum</span> <span class='ocrx_word' id='word_1_135' title='bbox 1032 1425 1243 1475; x_wconf 83' lang='lat' dir='ltr'>(licuntur,</span> 
     </span>
     <span class='ocr_line' id='line_1_20' title="bbox 220 1492 1245 1546; baseline 0.003 -14"><span class='ocrx_word' id='word_1_136' title='bbox 220 1493 320 1545; x_wconf 86' lang='lat' dir='ltr'>quia</span> <span class='ocrx_word' id='word_1_137' title='bbox 339 1504 414 1545; x_wconf 90' lang='lat' dir='ltr'>per</span> <span class='ocrx_word' id='word_1_138' title='bbox 431 1492 509 1532; x_wconf 86' lang='lat' dir='ltr'>hos</span> <span class='ocrx_word' id='word_1_139' title='bbox 531 1494 698 1534; x_wconf 89' lang='lat' dir='ltr'>terrena</span> <span class='ocrx_word' id='word_1_140' title='bbox 716 1497 926 1546; x_wconf 81' lang='lat' dir='ltr'>reguntur</span> <span class='ocrx_word' id='word_1_141' title='bbox 950 1508 958 1533; x_wconf 90' lang='lat'>:</span> <span class='ocrx_word' id='word_1_142' title='bbox 982 1495 1111 1536; x_wconf 90' lang='lat' dir='ltr'>boves</span> <span class='ocrx_word' id='word_1_143' title='bbox 1131 1496 1245 1536; x_wconf 86' lang='lat' dir='ltr'>enim</span> 
     </span>
     <span class='ocr_line' id='line_1_21' title="bbox 219 1563 1243 1618; baseline 0.002 -14"><span class='ocrx_word' id='word_1_144' title='bbox 219 1566 378 1604; x_wconf 86' lang='lat' dir='ltr'>terram</span> <span class='ocrx_word' id='word_1_145' title='bbox 397 1565 580 1604; x_wconf 80' lang='lat' dir='ltr'>versant.</span> <span class='ocrx_word' id='word_1_146' title='bbox 603 1578 621 1600; x_wconf 80' lang='lat'>›)</span> <span class='ocrx_word' id='word_1_147' title='bbox 661 1563 746 1604; x_wconf 91' lang='lat' dir='ltr'>Dici</span> <span class='ocrx_word' id='word_1_148' title='bbox 768 1565 893 1604; x_wconf 88' lang='lat' dir='ltr'>etiam</span> <span class='ocrx_word' id='word_1_149' title='bbox 915 1568 1088 1617; x_wconf 89' lang='lat' dir='ltr'>possunt</span> <span class='ocrx_word' id='word_1_150' title='bbox 1111 1567 1243 1618; x_wconf 80' lang='lat' dir='ltr'>juga,</span> 
     </span>
     <span class='ocr_line' id='line_1_22' title="bbox 220 1633 1247 1687; baseline 0.002 -13"><span class='ocrx_word' id='word_1_151' title='bbox 220 1634 321 1686; x_wconf 86' lang='lat' dir='ltr'>quia</span> <span class='ocrx_word' id='word_1_152' title='bbox 339 1633 494 1674; x_wconf 89' lang='lat' dir='ltr'>collum</span> <span class='ocrx_word' id='word_1_153' title='bbox 513 1633 669 1684; x_wconf 81' lang='lat' dir='ltr'>ligant,</span> <span class='ocrx_word' id='word_1_154' title='bbox 699 1636 739 1674; x_wconf 89' lang='lat' dir='ltr'>et</span> <span class='ocrx_word' id='word_1_155' title='bbox 757 1635 963 1676; x_wconf 89' lang='lat' dir='ltr'>cervicem</span> <span class='ocrx_word' id='word_1_156' title='bbox 985 1635 1182 1687; x_wconf 89' lang='lat' dir='ltr'>domant,</span> <span class='ocrx_word' id='word_1_157' title='bbox 1207 1639 1247 1676; x_wconf 90' lang='lat' dir='ltr'>et</span> 
     </span>
     <span class='ocr_line' id='line_1_23' title="bbox 220 1703 1245 1756; baseline 0.001 -11"><span class='ocrx_word' id='word_1_158' title='bbox 220 1706 356 1745; x_wconf 88' lang='lat' dir='ltr'>totum</span> <span class='ocrx_word' id='word_1_159' title='bbox 375 1704 618 1756; x_wconf 85' lang='lat' dir='ltr'>deprimunt</span> <span class='ocrx_word' id='word_1_160' title='bbox 632 1703 676 1743; x_wconf 90' lang='lat' dir='ltr'>in</span> <span class='ocrx_word' id='word_1_161' title='bbox 693 1706 864 1755; x_wconf 78' lang='lat' dir='ltr'>terrain,</span> <span class='ocrx_word' id='word_1_162' title='bbox 881 1708 921 1745; x_wconf 89' lang='lat' dir='ltr'>et</span> <span class='ocrx_word' id='word_1_163' title='bbox 940 1706 1127 1746; x_wconf 86' lang='lat' dir='ltr'>animam</span> <span class='ocrx_word' id='word_1_164' title='bbox 1146 1719 1245 1748; x_wconf 89' lang='lat' dir='ltr'>ven-</span> 
     </span>
     <span class='ocr_line' id='line_1_24' title="bbox 221 1774 1245 1830; baseline 0.003 -15"><span class='ocrx_word' id='word_1_165' title='bbox 221 1775 329 1816; x_wconf 88' lang='lat' dir='ltr'>dunt</span> <span class='ocrx_word' id='word_1_166' title='bbox 349 1785 425 1826; x_wconf 90' lang='lat' dir='ltr'>pro</span> <span class='ocrx_word' id='word_1_167' title='bbox 444 1776 580 1814; x_wconf 71' lang='lat' dir='ltr'>terra⁸</span> <span class='ocrx_word' id='word_1_168' title='bbox 604 1787 612 1813; x_wconf 85' lang='lat'><strong>:</strong></span> <span class='ocrx_word' id='word_1_169' title='bbox 636 1788 655 1812; x_wconf 72' lang='grc' dir='ltr'>α</span> <span class='ocrx_word' id='word_1_170' title='bbox 674 1774 787 1814; x_wconf 90' lang='lat' dir='ltr'>Nihil</span> <span class='ocrx_word' id='word_1_171' title='bbox 808 1777 868 1815; x_wconf 88' lang='lat' dir='ltr'>est</span> <span class='ocrx_word' id='word_1_172' title='bbox 887 1775 1097 1828; x_wconf 81' lang='lat' dir='ltr'>iniquius,</span> <span class='ocrx_word' id='word_1_173' title='bbox 1116 1789 1245 1830; x_wconf 84' lang='lat' dir='ltr'>quam</span> 
     </span>
     <span class='ocr_line' id='line_1_25' title="bbox 221 1845 1246 1897; baseline 0 -9"><span class='ocrx_word' id='word_1_174' title='bbox 221 1856 363 1888; x_wconf 87' lang='lat' dir='ltr'>amare</span> <span class='ocrx_word' id='word_1_175' title='bbox 398 1845 638 1897; x_wconf 88' lang='lat' dir='ltr'>pecuniam.</span> <span class='ocrx_word' id='word_1_176' title='bbox 688 1845 765 1885; x_wconf 89' lang='lat' dir='ltr'>Hic</span> <span class='ocrx_word' id='word_1_177' title='bbox 811 1846 924 1886; x_wconf 89' lang='lat' dir='ltr'>enim</span> <span class='ocrx_word' id='word_1_178' title='bbox 972 1850 1012 1887; x_wconf 89' lang='lat' dir='ltr'>et</span> <span class='ocrx_word' id='word_1_179' title='bbox 1060 1847 1246 1889; x_wconf 87' lang='lat' dir='ltr'>animam</span> 
     </span>
     <span class='ocr_line' id='line_1_26' title="bbox 221 1916 1246 1969; baseline 0.001 -11"><span class='ocrx_word' id='word_1_180' title='bbox 221 1928 344 1958; x_wconf 86' lang='lat' dir='ltr'>suam</span> <span class='ocrx_word' id='word_1_181' title='bbox 373 1916 568 1957; x_wconf 90' lang='lat' dir='ltr'>venalem</span> <span class='ocrx_word' id='word_1_182' title='bbox 587 1916 734 1965; x_wconf 86' lang='lat' dir='ltr'>habet,</span> <span class='ocrx_word' id='word_1_183' title='bbox 768 1917 971 1969; x_wconf 87' lang='lat' dir='ltr'>quoniam</span> <span class='ocrx_word' id='word_1_184' title='bbox 990 1917 1034 1957; x_wconf 91' lang='lat' dir='ltr'>in</span> <span class='ocrx_word' id='word_1_185' title='bbox 1064 1918 1151 1959; x_wconf 87' lang='lat' dir='ltr'>vita</span> <span class='ocrx_word' id='word_1_186' title='bbox 1171 1931 1246 1959; x_wconf 87' lang='lat' dir='ltr'>sua</span> 
     </span>
     <span class='ocr_line' id='line_1_27' title="bbox 220 1986 1246 2040; baseline 0.001 -12"><span class='ocrx_word' id='word_1_187' title='bbox 220 1987 396 2040; x_wconf 89' lang='lat' dir='ltr'>projecit</span> <span class='ocrx_word' id='word_1_188' title='bbox 414 1986 563 2027; x_wconf 86' lang='lat' dir='ltr'>intima</span> <span class='ocrx_word' id='word_1_189' title='bbox 577 1999 653 2027; x_wconf 85' lang='lat' dir='ltr'>sua</span> <span class='ocrx_word' id='word_1_190' title='bbox 669 2001 677 2026; x_wconf 75' lang='grc' dir='ltr'><strong>ι</strong></span> <span class='ocrx_word' id='word_1_191' title='bbox 695 2000 714 2024; x_wconf 84' lang='grc'>))</span> <span class='ocrx_word' id='word_1_192' title='bbox 733 1987 848 2039; x_wconf 83' lang='lat' dir='ltr'>quia,</span> <span class='ocrx_word' id='word_1_193' title='bbox 865 1990 912 2028; x_wconf 92' lang='lat' dir='ltr'>ut</span> <span class='ocrx_word' id='word_1_194' title='bbox 929 1987 1100 2028; x_wconf 71' lang='lat' dir='ltr'>dicitur⁵</span> <span class='ocrx_word' id='word_1_195' title='bbox 1120 2001 1158 2029; x_wconf 84' lang='lat'>:«</span> <span class='ocrx_word' id='word_1_196' title='bbox 1168 1988 1246 2029; x_wconf 88' lang='lat' dir='ltr'>Ubi</span> 
     </span>
     <span class='ocr_line' id='line_1_28' title="bbox 221 2057 1240 2108; baseline -0.001 -10"><span class='ocrx_word' id='word_1_197' title='bbox 221 2060 284 2098; x_wconf 84' lang='lat' dir='ltr'>est</span> <span class='ocrx_word' id='word_1_198' title='bbox 306 2057 531 2098; x_wconf 74' lang='lat' dir='ltr'>thesaurus</span> <span class='ocrx_word' id='word_1_199' title='bbox 564 2060 686 2108; x_wconf 87' lang='lat' dir='ltr'>tuus,</span> <span class='ocrx_word' id='word_1_200' title='bbox 717 2057 775 2096; x_wconf 91' lang='lat' dir='ltr'>ibi</span> <span class='ocrx_word' id='word_1_201' title='bbox 805 2060 866 2098; x_wconf 90' lang='lat' dir='ltr'>est</span> <span class='ocrx_word' id='word_1_202' title='bbox 899 2060 939 2098; x_wconf 91' lang='lat' dir='ltr'>et</span> <span class='ocrx_word' id='word_1_203' title='bbox 965 2069 1035 2098; x_wconf 87' lang='lat' dir='ltr'>cor</span> <span class='ocrx_word' id='word_1_204' title='bbox 1061 2061 1199 2100; x_wconf 89' lang='lat' dir='ltr'>tuum.</span> <span class='ocrx_word' id='word_1_205' title='bbox 1222 2074 1240 2097; x_wconf 70' lang='lat' dir='ltr'>n</span> 
     </span>
     <span class='ocr_line' id='line_1_29' title="bbox 221 2128 1247 2179; baseline 0.001 -10"><span class='ocrx_word' id='word_1_206' title='bbox 221 2128 272 2170; x_wconf 88' lang='lat' dir='ltr'>Et</span> <span class='ocrx_word' id='word_1_207' title='bbox 299 2129 524 2169; x_wconf 78' lang='lat' dir='ltr'>thesaurus</span> <span class='ocrx_word' id='word_1_208' title='bbox 553 2128 671 2169; x_wconf 88' lang='lat' dir='ltr'>avari</span> <span class='ocrx_word' id='word_1_209' title='bbox 703 2130 763 2167; x_wconf 86' lang='lat' dir='ltr'>est</span> <span class='ocrx_word' id='word_1_210' title='bbox 790 2130 909 2168; x_wconf 83' lang='lat' dir='ltr'>extra</span> <span class='ocrx_word' id='word_1_211' title='bbox 931 2140 1000 2179; x_wconf 82' lang='lat' dir='ltr'>se,</span> <span class='ocrx_word' id='word_1_212' title='bbox 1026 2128 1183 2169; x_wconf 90' lang='lat' dir='ltr'>scilicet</span> <span class='ocrx_word' id='word_1_213' title='bbox 1203 2130 1247 2170; x_wconf 92' lang='lat' dir='ltr'>in</span> 
     </span>
     <span class='ocr_line' id='line_1_30' title="bbox 221 2198 1248 2251; baseline 0.001 -11"><span class='ocrx_word' id='word_1_214' title='bbox 221 2202 356 2248; x_wconf 85' lang='lat' dir='ltr'>terra3</span> <span class='ocrx_word' id='word_1_215' title='bbox 396 2198 490 2239; x_wconf 86' lang='lat' dir='ltr'>ideo</span> <span class='ocrx_word' id='word_1_216' title='bbox 520 2199 670 2238; x_wconf 89' lang='lat' dir='ltr'>intima</span> <span class='ocrx_word' id='word_1_217' title='bbox 699 2198 883 2238; x_wconf 88' lang='lat' dir='ltr'>bominis</span> <span class='ocrx_word' id='word_1_218' title='bbox 915 2199 1029 2239; x_wconf 88' lang='lat' dir='ltr'>avari</span> <span class='ocrx_word' id='word_1_219' title='bbox 1062 2200 1248 2251; x_wconf 73' lang='lat' dir='ltr'>proJecta</span> 
     </span>
     <span class='ocr_line' id='line_1_31' title="bbox 222 2269 1247 2321; baseline -0.002 -10"><span class='ocrx_word' id='word_1_220' title='bbox 222 2270 383 2312; x_wconf 90' lang='lat' dir='ltr'>suntin</span> <span class='ocrx_word' id='word_1_221' title='bbox 402 2271 530 2310; x_wconf 86' lang='lat' dir='ltr'>terra.</span> <span class='ocrx_word' id='word_1_222' title='bbox 553 2269 670 2310; x_wconf 90' lang='lat' dir='ltr'>Unde</span> <span class='ocrx_word' id='word_1_223' title='bbox 699 2281 866 2310; x_wconf 87' lang='lat' dir='ltr'>necesse</span> <span class='ocrx_word' id='word_1_224' title='bbox 897 2272 958 2309; x_wconf 90' lang='lat' dir='ltr'>est</span> <span class='ocrx_word' id='word_1_225' title='bbox 965 2299 980 2320; x_wconf 80' lang='grc'>,</span> <span class='ocrx_word' id='word_1_226' title='bbox 1011 2269 1122 2321; x_wconf 90' lang='lat' dir='ltr'>quod</span> <span class='ocrx_word' id='word_1_227' title='bbox 1138 2271 1247 2321; x_wconf 74' lang='lat' dir='ltr'>Jugo</span> 
     </span>
     <span class='ocr_line' id='line_1_32' title="bbox 166 2335 1245 2393; baseline -0.003 -11"><span class='ocrx_word' id='word_1_228' title='bbox 166 2335 169 2337; x_wconf 55' lang='grc'><strong><em>’</em></strong></span> <span class='ocrx_word' id='word_1_229' title='bbox 222 2340 405 2382; x_wconf 86' lang='lat' dir='ltr'>servitus</span> <span class='ocrx_word' id='word_1_230' title='bbox 434 2339 714 2393; x_wconf 82' lang='lat' dir='ltr'>opprimatur,</span> <span class='ocrx_word' id='word_1_231' title='bbox 751 2339 851 2392; x_wconf 86' lang='lat' dir='ltr'>quia</span> <span class='ocrx_word' id='word_1_232' title='bbox 883 2339 1070 2381; x_wconf 88' lang='lat' dir='ltr'>vendidit</span> <span class='ocrx_word' id='word_1_233' title='bbox 1094 2342 1245 2381; x_wconf 86' lang='lat' dir='ltr'>semet-</span> 
     </span>
     <span class='ocr_line' id='line_1_33' title="bbox 222 2409 1245 2465; baseline -0.002 -13"><span class='ocrx_word' id='word_1_234' title='bbox 222 2412 378 2465; x_wconf 88' lang='lat' dir='ltr'>ipsum.</span> <span class='ocrx_word' id='word_1_235' title='bbox 407 2410 525 2452; x_wconf 88' lang='lat' dir='ltr'>Unde</span> <span class='ocrx_word' id='word_1_236' title='bbox 553 2410 878 2454; x_wconf 72' lang='lat' dir='ltr'>Ecclesiasticus</span> <span class='ocrx_word' id='word_1_237' title='bbox 905 2415 917 2435; x_wconf 76' lang='lat'><strong>⁶</strong></span> <span class='ocrx_word' id='word_1_238' title='bbox 941 2425 948 2452; x_wconf 93' lang='lat'>:</span> <span class='ocrx_word' id='word_1_239' title='bbox 980 2424 998 2448; x_wconf 73' lang='grc' dir='ltr'>(ι</span> <span class='ocrx_word' id='word_1_240' title='bbox 1025 2409 1136 2450; x_wconf 87' lang='lat' dir='ltr'>Inter</span> <span class='ocrx_word' id='word_1_241' title='bbox 1157 2422 1245 2451; x_wconf 89' lang='lat' dir='ltr'>me·</span> 
     </span>
     <span class='ocr_line' id='line_1_34' title="bbox 222 2481 1248 2534; baseline -0.002 -10"><span class='ocrx_word' id='word_1_242' title='bbox 222 2483 340 2524; x_wconf 87' lang='lat' dir='ltr'>dium</span> <span class='ocrx_word' id='word_1_243' title='bbox 377 2481 648 2532; x_wconf 85' lang='lat' dir='ltr'>venditionis,</span> <span class='ocrx_word' id='word_1_244' title='bbox 681 2484 722 2522; x_wconf 91' lang='lat' dir='ltr'>et</span> <span class='ocrx_word' id='word_1_245' title='bbox 752 2481 996 2534; x_wconf 82' lang='lat' dir='ltr'>emptionis,</span> <span class='ocrx_word' id='word_1_246' title='bbox 1028 2482 1248 2533; x_wconf 81' lang='lat' dir='ltr'>angustia-</span> 
     </span>
     <span class='ocr_line' id='line_1_35' title="bbox 223 2552 1249 2605; baseline -0.001 -12"><span class='ocrx_word' id='word_1_247' title='bbox 223 2553 339 2593; x_wconf 87' lang='lat' dir='ltr'>bitur</span> <span class='ocrx_word' id='word_1_248' title='bbox 355 2554 573 2605; x_wconf 86' lang='lat' dir='ltr'>peccatum</span> <span class='ocrx_word' id='word_1_249' title='bbox 597 2552 665 2604; x_wconf 82' lang='lat' dir='ltr'>(a).</span> <span class='ocrx_word' id='word_1_250' title='bbox 693 2566 711 2590; x_wconf 78' lang='lat'>›)</span> <span class='ocrx_word' id='word_1_251' title='bbox 746 2552 891 2593; x_wconf 85' lang='lat' dir='ltr'>Reddit</span> <span class='ocrx_word' id='word_1_252' title='bbox 921 2552 1038 2592; x_wconf 89' lang='lat' dir='ltr'>enim</span> <span class='ocrx_word' id='word_1_253' title='bbox 1071 2552 1249 2593; x_wconf 84' lang='lat' dir='ltr'>avaritia</span> 
     </span>
     <span class='ocr_line' id='line_1_36' title="bbox 224 2623 1247 2666; baseline 0.002 -2"><span class='ocrx_word' id='word_1_254' title='bbox 224 2623 447 2666; x_wconf 88' lang='lat' dir='ltr'>sollicitum</span> <span class='ocrx_word' id='word_1_255' title='bbox 467 2626 508 2663; x_wconf 87' lang='lat' dir='ltr'>et</span> <span class='ocrx_word' id='word_1_256' title='bbox 527 2623 743 2664; x_wconf 84' lang='lat' dir='ltr'>curiosum</span> <span class='ocrx_word' id='word_1_257' title='bbox 769 2636 779 2664; x_wconf 73' lang='grc' dir='ltr'><strong><em>ε</em></strong></span> <span class='ocrx_word' id='word_1_258' title='bbox 802 2623 895 2664; x_wconf 92' lang='lat' dir='ltr'>ideo</span> <span class='ocrx_word' id='word_1_259' title='bbox 926 2623 1068 2663; x_wconf 88' lang='lat' dir='ltr'>subdit</span> <span class='ocrx_word' id='word_1_260' title='bbox 1089 2638 1098 2664; x_wconf 74' lang='grc' dir='ltr'>ι</span> <span class='ocrx_word' id='word_1_261' title='bbox 1130 2624 1184 2666; x_wconf 77' lang='lat' dir='ltr'>Ec</span> <span class='ocrx_word' id='word_1_262' title='bbox 1203 2634 1247 2666; x_wconf 84' lang='lat' dir='ltr'>eo</span> 
     </span>
     <span class='ocr_line' id='line_1_37' title="bbox 220 2693 1247 2747; baseline -0.001 -11"><span class='ocrx_word' id='word_1_263' title='bbox 220 2694 397 2747; x_wconf 75' lang='lat' dir='ltr'>probare</span> <span class='ocrx_word' id='word_1_264' title='bbox 414 2693 501 2744; x_wconf 72' lang='lat' dir='ltr'>illa,</span> <span class='ocrx_word' id='word_1_265' title='bbox 514 2693 614 2746; x_wconf 87' lang='lat' dir='ltr'>quia</span> <span class='ocrx_word' id='word_1_266' title='bbox 633 2694 824 2735; x_wconf 89' lang='lat' dir='ltr'>curiosus</span> <span class='ocrx_word' id='word_1_267' title='bbox 840 2695 1084 2735; x_wconf 87' lang='lat' dir='ltr'>continuam</span> <span class='ocrx_word' id='word_1_268' title='bbox 1102 2706 1247 2735; x_wconf 89' lang='lat' dir='ltr'>curam</span> 
     </span>
     <span class='ocr_line' id='line_1_38' title="bbox 223 2764 1248 2817; baseline 0.001 -12"><span class='ocrx_word' id='word_1_269' title='bbox 223 2765 274 2806; x_wconf 88' lang='lat' dir='ltr'>de</span> <span class='ocrx_word' id='word_1_270' title='bbox 293 2764 519 2817; x_wconf 85' lang='lat' dir='ltr'>superfluis</span> <span class='ocrx_word' id='word_1_271' title='bbox 537 2764 676 2804; x_wconf 86' lang='lat' dir='ltr'>habet.</span> <span class='ocrx_word' id='word_1_272' title='bbox 705 2764 820 2805; x_wconf 89' lang='lat' dir='ltr'>Unde</span> <span class='ocrx_word' id='word_1_273' title='bbox 843 2764 985 2805; x_wconf 84' lang='lat' dir='ltr'>Giossa</span> <span class='ocrx_word' id='word_1_274' title='bbox 1011 2769 1023 2790; x_wconf 89' lang='lat'><strong>⁷</strong></span> <span class='ocrx_word' id='word_1_275' title='bbox 1048 2779 1056 2804; x_wconf 92' lang='lat'>:</span> <span class='ocrx_word' id='word_1_276' title='bbox 1088 2765 1248 2806; x_wconf 86' lang='lat' dir='ltr'>«Recte</span> 
     </span>
     <span class='ocr_line' id='line_1_39' title="bbox 223 2834 1243 2890; baseline 0 -14"><span class='ocrx_word' id='word_1_277' title='bbox 223 2848 298 2890; x_wconf 89' lang='lat' dir='ltr'>per</span> <span class='ocrx_word' id='word_1_278' title='bbox 328 2835 515 2888; x_wconf 85' lang='lat' dir='ltr'>quinque</span> <span class='ocrx_word' id='word_1_279' title='bbox 542 2846 689 2876; x_wconf 88' lang='lat' dir='ltr'>sensus</span> <span class='ocrx_word' id='word_1_280' title='bbox 721 2834 938 2876; x_wconf 87' lang='lat' dir='ltr'>curiositas</span> <span class='ocrx_word' id='word_1_281' title='bbox 967 2835 1243 2887; x_wconf 83' lang='lat' dir='ltr'>designatur,</span> 
     </span>
     <span class='ocr_line' id='line_1_40' title="bbox 223 2906 1246 2960; baseline -0.001 -12"><span class='ocrx_word' id='word_1_282' title='bbox 223 2919 320 2960; x_wconf 79' lang='lat' dir='ltr'>quae</span> <span class='ocrx_word' id='word_1_283' title='bbox 330 2907 433 2948; x_wconf 90' lang='lat' dir='ltr'>dum</span> <span class='ocrx_word' id='word_1_284' title='bbox 451 2906 635 2947; x_wconf 84' lang='lat' dir='ltr'>exterius</span> <span class='ocrx_word' id='word_1_285' title='bbox 654 2906 886 2958; x_wconf 81' lang='lat' dir='ltr'>investigat</span> <span class='ocrx_word' id='word_1_286' title='bbox 900 2906 1033 2948; x_wconf 90' lang='lat' dir='ltr'>vitam</span> <span class='ocrx_word' id='word_1_287' title='bbox 1047 2907 1246 2960; x_wconf 77' lang='lat' dir='ltr'>proximi,</span> 
     </span>
     <span class='ocr_line' id='line_1_41' title="bbox 225 2977 1246 3030; baseline 0 -12"><span class='ocrx_word' id='word_1_288' title='bbox 225 2989 301 3018; x_wconf 85' lang='lat' dir='ltr'>sua</span> <span class='ocrx_word' id='word_1_289' title='bbox 320 2977 472 3017; x_wconf 86' lang='lat' dir='ltr'>intima</span> <span class='ocrx_word' id='word_1_290' title='bbox 485 2977 638 3026; x_wconf 81' lang='lat' dir='ltr'>nescit3</span> <span class='ocrx_word' id='word_1_291' title='bbox 660 2979 700 3017; x_wconf 86' lang='lat' dir='ltr'>et</span> <span class='ocrx_word' id='word_1_292' title='bbox 719 2977 875 3017; x_wconf 89' lang='lat' dir='ltr'>curiosi</span> <span class='ocrx_word' id='word_1_293' title='bbox 889 2977 1072 3027; x_wconf 88' lang='lat' dir='ltr'>animus,</span> <span class='ocrx_word' id='word_1_294' title='bbox 1087 2980 1246 3030; x_wconf 89' lang='lat' dir='ltr'>quanto</span> 
     </span>
     <span class='ocr_line' id='line_1_42' title="bbox 225 3047 1242 3100; baseline -0.004 -11"><span class='ocrx_word' id='word_1_295' title='bbox 225 3050 288 3089; x_wconf 87' lang='lat' dir='ltr'>est</span> <span class='ocrx_word' id='word_1_296' title='bbox 306 3047 477 3100; x_wconf 84' lang='lat' dir='ltr'>peritior</span> <span class='ocrx_word' id='word_1_297' title='bbox 506 3047 652 3098; x_wconf 90' lang='lat' dir='ltr'>alieni,</span> <span class='ocrx_word' id='word_1_298' title='bbox 674 3050 791 3087; x_wconf 87' lang='lat' dir='ltr'>tauto</span> <span class='ocrx_word' id='word_1_299' title='bbox 818 3047 1011 3099; x_wconf 80' lang='lat' dir='ltr'>ignarior</span> <span class='ocrx_word' id='word_1_300' title='bbox 1044 3048 1091 3088; x_wconf 88' lang='lat' dir='ltr'>fit</span> <span class='ocrx_word' id='word_1_301' title='bbox 1116 3048 1198 3089; x_wconf 87' lang='lat' dir='ltr'>sui.</span> <span class='ocrx_word' id='word_1_302' title='bbox 1223 3062 1242 3085; x_wconf 87' lang='lat'>»</span> 
     </span>
     <span class='ocr_line' id='line_1_43' title="bbox 225 3117 1248 3170; baseline 0 -11"><span class='ocrx_word' id='word_1_303' title='bbox 225 3117 276 3159; x_wconf 90' lang='lat' dir='ltr'>Et</span> <span class='ocrx_word' id='word_1_304' title='bbox 293 3119 393 3158; x_wconf 87' lang='lat' dir='ltr'>nota</span> <span class='ocrx_word' id='word_1_305' title='bbox 411 3117 524 3169; x_wconf 88' lang='lat' dir='ltr'>quod</span> <span class='ocrx_word' id='word_1_306' title='bbox 540 3117 721 3158; x_wconf 81' lang='lat' dir='ltr'>charitas</span> <span class='ocrx_word' id='word_1_307' title='bbox 740 3129 826 3158; x_wconf 91' lang='lat' dir='ltr'>non</span> <span class='ocrx_word' id='word_1_308' title='bbox 846 3117 973 3158; x_wconf 87' lang='lat' dir='ltr'>habet</span> <span class='ocrx_word' id='word_1_309' title='bbox 990 3118 1072 3158; x_wconf 87' lang='lat' dir='ltr'>nisi</span> <span class='ocrx_word' id='word_1_310' title='bbox 1087 3119 1248 3170; x_wconf 72' lang='lat' dir='ltr'>Jugum</span> 
     </span>
    </p>

    <p class='ocr_par' dir='ltr' id='par_1_4' title="bbox 225 3218 1246 3355">
     <span class='ocr_line' id='line_1_44' title="bbox 267 3218 1246 3261; baseline 0.004 -13"><span class='ocrx_word' id='word_1_311' title='bbox 267 3219 278 3240; x_wconf 86' lang='lat'><strong>¹</strong></span> <span class='ocrx_word' id='word_1_312' title='bbox 298 3218 414 3257; x_wconf 81' lang='lat' dir='ltr'>Eccli.,</span> <span class='ocrx_word' id='word_1_313' title='bbox 433 3227 505 3259; x_wconf 76' lang='lat' dir='ltr'>xrx,</span> <span class='ocrx_word' id='word_1_314' title='bbox 522 3221 573 3251; x_wconf 78' lang='lat'>23.</span> <span class='ocrx_word' id='word_1_315' title='bbox 588 3238 629 3243; x_wconf 88' lang='lat'>—-</span> <span class='ocrx_word' id='word_1_316' title='bbox 648 3221 660 3241; x_wconf 77' lang='lat'><strong>²</strong></span> <span class='ocrx_word' id='word_1_317' title='bbox 676 3220 766 3252; x_wconf 77' lang='lat' dir='ltr'>Psal.</span> <span class='ocrx_word' id='word_1_318' title='bbox 789 3229 866 3261; x_wconf 69' lang='lat' dir='ltr'>exn,</span> <span class='ocrx_word' id='word_1_319' title='bbox 884 3222 914 3252; x_wconf 79' lang='lat'>4.</span> <span class='ocrx_word' id='word_1_320' title='bbox 929 3231 970 3244; x_wconf 57' lang='lat'>¹—</span> <span class='ocrx_word' id='word_1_321' title='bbox 984 3221 998 3243; x_wconf 74' lang='grc'><strong>3</strong></span> <span class='ocrx_word' id='word_1_322' title='bbox 1017 3222 1127 3259; x_wconf 81' lang='grc' dir='ltr'><em>Ρνου.,</em></span> <span class='ocrx_word' id='word_1_323' title='bbox 1147 3229 1246 3261; x_wconf 74' lang='lat' dir='ltr'>xviii,</span> 
     </span>
     <span class='ocr_line' id='line_1_45' title="bbox 226 3265 1246 3308; baseline 0.003 -11"><span class='ocrx_word' id='word_1_324' title='bbox 226 3267 276 3298; x_wconf 81' lang='lat'>17.</span> <span class='ocrx_word' id='word_1_325' title='bbox 296 3282 337 3288; x_wconf 90' lang='lat'>—</span> <span class='ocrx_word' id='word_1_326' title='bbox 356 3266 369 3286; x_wconf 54' lang='grc' dir='ltr'><em>ὓ</em></span> <span class='ocrx_word' id='word_1_327' title='bbox 390 3265 505 3302; x_wconf 77' lang='grc' dir='ltr'><em>Εοςῖί.,</em></span> <span class='ocrx_word' id='word_1_328' title='bbox 526 3274 566 3306; x_wconf 81' lang='lat' dir='ltr'>x,</span> <span class='ocrx_word' id='word_1_329' title='bbox 589 3269 636 3298; x_wconf 76' lang='lat'>10.</span> <span class='ocrx_word' id='word_1_330' title='bbox 658 3285 698 3290; x_wconf 97' lang='lat'><strong>—</strong></span> <span class='ocrx_word' id='word_1_331' title='bbox 719 3268 732 3289; x_wconf 76' lang='lat'><strong>⁵</strong></span> <span class='ocrx_word' id='word_1_332' title='bbox 746 3268 878 3307; x_wconf 68' lang='lat' dir='ltr'>Matth„</span> <span class='ocrx_word' id='word_1_333' title='bbox 898 3276 944 3308; x_wconf 76' lang='lat' dir='ltr'>VJ,</span> <span class='ocrx_word' id='word_1_334' title='bbox 965 3270 1015 3299; x_wconf 81' lang='lat'>21.</span> <span class='ocrx_word' id='word_1_335' title='bbox 1034 3286 1074 3291; x_wconf 89' lang='lat'><strong>—</strong></span> <span class='ocrx_word' id='word_1_336' title='bbox 1093 3269 1106 3290; x_wconf 79' lang='lat'>⁶</span> <span class='ocrx_word' id='word_1_337' title='bbox 1129 3268 1246 3307; x_wconf 68' lang='lat' dir='ltr'>Ecclz&#39;„</span> 
     </span>
     <span class='ocr_line' id='line_1_46' title="bbox 225 3313 1246 3355; baseline 0.004 -13"><span class='ocrx_word' id='word_1_338' title='bbox 225 3319 335 3351; x_wconf 79' lang='lat' dir='ltr'>xxvn,</span> <span class='ocrx_word' id='word_1_339' title='bbox 355 3314 386 3342; x_wconf 82' lang='lat'>2.</span> <span class='ocrx_word' id='word_1_340' title='bbox 408 3329 443 3334; x_wconf 92' lang='lat'>-—-</span> <span class='ocrx_word' id='word_1_341' title='bbox 463 3313 476 3334; x_wconf 91' lang='lat'><strong>⁷</strong></span> <span class='ocrx_word' id='word_1_342' title='bbox 497 3313 618 3353; x_wconf 86' lang='lat' dir='ltr'>Gloss.,</span> <span class='ocrx_word' id='word_1_343' title='bbox 640 3323 681 3345; x_wconf 84' lang='lat' dir='ltr'>ex</span> <span class='ocrx_word' id='word_1_344' title='bbox 704 3315 800 3355; x_wconf 87' lang='lat' dir='ltr'>Bed.,</span> <span class='ocrx_word' id='word_1_345' title='bbox 820 3315 854 3345; x_wconf 79' lang='lat' dir='ltr'>z&#39;n</span> <span class='ocrx_word' id='word_1_346' title='bbox 873 3315 963 3354; x_wconf 62' lang='lat' dir='ltr'>Luc„</span> <span class='ocrx_word' id='word_1_347' title='bbox 987 3315 1046 3346; x_wconf 90' lang='lat' dir='ltr'>lib.</span> <span class='ocrx_word' id='word_1_348' title='bbox 1068 3315 1120 3355; x_wconf 86' lang='lat' dir='ltr'>IV,</span> <span class='ocrx_word' id='word_1_349' title='bbox 1140 3325 1170 3347; x_wconf 88' lang='lat' dir='ltr'>c.</span> <span class='ocrx_word' id='word_1_350' title='bbox 1191 3324 1246 3347; x_wconf 81' lang='lat' dir='ltr'>Lx.</span> 
     </span>
    </p>
   </div>
   <div class='ocr_carea' id='block_1_3' title="bbox 227 3359 1247 3449">
    <p class='ocr_par' dir='ltr' id='par_1_5' title="bbox 227 3359 1247 3449">
     <span class='ocr_line' id='line_1_47' title="bbox 227 3359 1246 3402; baseline 0.003 -13"><span class='ocrx_word' id='word_1_351' title='bbox 227 3375 266 3382; x_wconf 88' lang='lat'><strong>—</strong></span> <span class='ocrx_word' id='word_1_352' title='bbox 289 3359 299 3377; x_wconf 80' lang='lat'>⁵</span> <span class='ocrx_word' id='word_1_353' title='bbox 319 3360 414 3398; x_wconf 86' lang='lat' dir='ltr'>Sup.,</span> <span class='ocrx_word' id='word_1_354' title='bbox 435 3368 474 3398; x_wconf 84' lang='lat' dir='ltr'>x,</span> <span class='ocrx_word' id='word_1_355' title='bbox 497 3361 547 3390; x_wconf 72' lang='lat'>42.</span> <span class='ocrx_word' id='word_1_356' title='bbox 573 3377 607 3381; x_wconf 90' lang='grc'><strong>-</strong></span> <span class='ocrx_word' id='word_1_357' title='bbox 636 3361 647 3378; x_wconf 83' lang='lat'>⁹</span> <span class='ocrx_word' id='word_1_358' title='bbox 669 3361 784 3399; x_wconf 59' lang='lat' dir='ltr'>Micia„</span> <span class='ocrx_word' id='word_1_359' title='bbox 808 3368 860 3401; x_wconf 74' lang='lat' dir='ltr'>vi,</span> <span class='ocrx_word' id='word_1_360' title='bbox 881 3363 910 3393; x_wconf 92' lang='lat'>8.</span> <span class='ocrx_word' id='word_1_361' title='bbox 931 3378 970 3383; x_wconf 88' lang='lat'><strong>—</strong></span> <span class='ocrx_word' id='word_1_362' title='bbox 993 3362 1020 3384; x_wconf 82' lang='lat'>¹0</span> <span class='ocrx_word' id='word_1_363' title='bbox 1045 3361 1179 3402; x_wconf 66' lang='lat' dir='ltr'>Matth„</span> <span class='ocrx_word' id='word_1_364' title='bbox 1198 3369 1246 3401; x_wconf 74' lang='lat' dir='ltr'>XI,</span> 
     </span>
     <span class='ocr_line' id='line_1_48' title="bbox 227 3405 1247 3449; baseline 0.005 -13"><span class='ocrx_word' id='word_1_365' title='bbox 227 3407 277 3437; x_wconf 88' lang='lat'>30.</span> <span class='ocrx_word' id='word_1_366' title='bbox 309 3423 345 3428; x_wconf 89' lang='lat'>-—</span> <span class='ocrx_word' id='word_1_367' title='bbox 378 3406 400 3427; x_wconf 89' lang='lat'>¹¹</span> <span class='ocrx_word' id='word_1_368' title='bbox 430 3405 558 3442; x_wconf 68' lang='lat' dir='ltr'>leren„</span> <span class='ocrx_word' id='word_1_369' title='bbox 588 3414 646 3447; x_wconf 80' lang='lat'>111,</span> <span class='ocrx_word' id='word_1_370' title='bbox 677 3410 728 3439; x_wconf 81' lang='lat'>27.</span> <span class='ocrx_word' id='word_1_371' title='bbox 758 3426 797 3432; x_wconf 90' lang='lat'>-—</span> <span class='ocrx_word' id='word_1_372' title='bbox 828 3409 852 3429; x_wconf 83' lang='lat'>¹²</span> <span class='ocrx_word' id='word_1_373' title='bbox 882 3409 1004 3447; x_wconf 64' lang='lat' dir='ltr'>Eccle„</span> <span class='ocrx_word' id='word_1_374' title='bbox 1034 3417 1097 3449; x_wconf 81' lang='lat' dir='ltr'>vn,</span> <span class='ocrx_word' id='word_1_375' title='bbox 1131 3411 1181 3441; x_wconf 84' lang='lat'>30.</span> <span class='ocrx_word' id='word_1_376' title='bbox 1208 3426 1247 3433; x_wconf 92' lang='lat'>—</span> 
     </span>
    </p>
   </div>
   <div class='ocr_carea' id='block_1_4' title="bbox 2262 154 2336 191">
    <p class='ocr_par' dir='ltr' id='par_1_6' title="bbox 2262 154 2336 191">
     <span class='ocr_line' id='line_1_49' title="bbox 2262 154 2336 191; baseline -0.014 0"><span class='ocrx_word' id='word_1_377' title='bbox 2262 154 2336 191; x_wconf 83' lang='lat'>617</span> 
     </span>
    </p>
   </div>
   <div class='ocr_carea' id='block_1_5' title="bbox 1315 233 2359 1841">
    <p class='ocr_par' dir='ltr' id='par_1_7' title="bbox 1315 233 2359 1558">
     <span class='ocr_line' id='line_1_50' title="bbox 1315 233 2359 286; baseline 0.008 -14"><span class='ocrx_word' id='word_1_378' title='bbox 1315 244 1474 284; x_wconf 85' lang='lat' dir='ltr'>unum,</span> <span class='ocrx_word' id='word_1_379' title='bbox 1498 233 1597 286; x_wconf 88' lang='lat' dir='ltr'>quia</span> <span class='ocrx_word' id='word_1_380' title='bbox 1625 246 1794 275; x_wconf 88' lang='lat' dir='ltr'>omnem</span> <span class='ocrx_word' id='word_1_381' title='bbox 1828 236 2150 278; x_wconf 89' lang='lat' dir='ltr'>sollicitudinem</span> <span class='ocrx_word' id='word_1_382' title='bbox 2179 239 2359 279; x_wconf 89' lang='lat' dir='ltr'>reducit·</span> 
     </span>
     <span class='ocr_line' id='line_1_51' title="bbox 1315 303 2342 354; baseline 0.007 -12"><span class='ocrx_word' id='word_1_383' title='bbox 1315 303 1366 343; x_wconf 88' lang='lat' dir='ltr'>ad</span> <span class='ocrx_word' id='word_1_384' title='bbox 1386 315 1542 354; x_wconf 85' lang='lat' dir='ltr'>unum,</span> <span class='ocrx_word' id='word_1_385' title='bbox 1572 305 1806 346; x_wconf 90' lang='lat' dir='ltr'>secundum</span> <span class='ocrx_word' id='word_1_386' title='bbox 1837 306 1940 346; x_wconf 85' lang='lat' dir='ltr'>illud</span> <span class='ocrx_word' id='word_1_387' title='bbox 1965 307 1978 327; x_wconf 75' lang='lat'><strong>⁸</strong></span> <span class='ocrx_word' id='word_1_388' title='bbox 2013 321 2021 348; x_wconf 91' lang='lat'><strong>:</strong></span> <span class='ocrx_word' id='word_1_389' title='bbox 2069 323 2088 346; x_wconf 83' lang='lat'>&lt;‹</span> <span class='ocrx_word' id='word_1_390' title='bbox 2119 308 2257 349; x_wconf 91' lang='lat' dir='ltr'>Unum</span> <span class='ocrx_word' id='word_1_391' title='bbox 2281 311 2342 350; x_wconf 88' lang='lat' dir='ltr'>est</span> 
     </span>
     <span class='ocr_line' id='line_1_52' title="bbox 1315 374 2338 420; baseline 0.008 -8"><span class='ocrx_word' id='word_1_392' title='bbox 1315 374 1615 414; x_wconf 86' lang='lat' dir='ltr'>necessarium.</span> <span class='ocrx_word' id='word_1_393' title='bbox 1650 389 1669 412; x_wconf 84' lang='lat'>›&gt;</span> <span class='ocrx_word' id='word_1_394' title='bbox 1704 375 1786 415; x_wconf 62' lang='grc' dir='ltr'>ΕΗ</span> <span class='ocrx_word' id='word_1_395' title='bbox 1818 390 1826 415; x_wconf 91' lang='lat'>:</span> <span class='ocrx_word' id='word_1_396' title='bbox 1861 375 2093 417; x_wconf 89' lang='lat' dir='ltr'>Sollicitum</span> <span class='ocrx_word' id='word_1_397' title='bbox 2118 379 2338 420; x_wconf 83' lang='lat' dir='ltr'>ambulare</span> 
     </span>
     <span class='ocr_line' id='line_1_53' title="bbox 1316 443 2341 499; baseline 0.006 -16"><span class='ocrx_word' id='word_1_398' title='bbox 1316 455 1413 483; x_wconf 88' lang='lat' dir='ltr'>cum</span> <span class='ocrx_word' id='word_1_399' title='bbox 1434 443 1515 485; x_wconf 87' lang='lat' dir='ltr'>Deo</span> <span class='ocrx_word' id='word_1_400' title='bbox 1536 447 1607 486; x_wconf 91' lang='lat' dir='ltr'>tuo</span> <span class='ocrx_word' id='word_1_401' title='bbox 1619 476 1632 496; x_wconf 79' lang='lat'>,</span> <span class='ocrx_word' id='word_1_402' title='bbox 1656 459 1675 483; x_wconf 83' lang='lat'>›&gt;</span> <span class='ocrx_word' id='word_1_403' title='bbox 1701 449 1778 486; x_wconf 91' lang='lat' dir='ltr'>etc.</span> <span class='ocrx_word' id='word_1_404' title='bbox 1802 446 1853 486; x_wconf 86' lang='lat' dir='ltr'>Et</span> <span class='ocrx_word' id='word_1_405' title='bbox 1882 448 1910 471; x_wconf 82' lang='lat'>¹⁰</span> <span class='ocrx_word' id='word_1_406' title='bbox 1944 460 1953 487; x_wconf 91' lang='lat'>:</span> <span class='ocrx_word' id='word_1_407' title='bbox 1982 462 2001 485; x_wconf 90' lang='lat'>«</span> <span class='ocrx_word' id='word_1_408' title='bbox 2019 447 2040 488; x_wconf 89' lang='lat' dir='ltr'>J</span> <span class='ocrx_word' id='word_1_409' title='bbox 2045 459 2180 499; x_wconf 82' lang='lat' dir='ltr'>ugum</span> <span class='ocrx_word' id='word_1_410' title='bbox 2199 461 2341 490; x_wconf 91' lang='lat' dir='ltr'>meum</span> 
     </span>
     <span class='ocr_line' id='line_1_54' title="bbox 1317 517 2341 566; baseline 0.007 -13"><span class='ocrx_word' id='word_1_411' title='bbox 1317 526 1447 555; x_wconf 90' lang='lat' dir='ltr'>suave</span> <span class='ocrx_word' id='word_1_412' title='bbox 1466 517 1541 566; x_wconf 86' lang='lat' dir='ltr'>est,</span> <span class='ocrx_word' id='word_1_413' title='bbox 1557 530 1575 553; x_wconf 83' lang='lat'>›&gt;</span> <span class='ocrx_word' id='word_1_414' title='bbox 1602 519 1680 557; x_wconf 90' lang='lat' dir='ltr'>etc.</span> <span class='ocrx_word' id='word_1_415' title='bbox 1706 517 1794 557; x_wconf 78' lang='lat' dir='ltr'>Et¹¹</span> <span class='ocrx_word' id='word_1_416' title='bbox 1819 530 1828 557; x_wconf 91' lang='lat'>:</span> <span class='ocrx_word' id='word_1_417' title='bbox 1846 517 2037 558; x_wconf 82' lang='lat' dir='ltr'>«Bonum</span> <span class='ocrx_word' id='word_1_418' title='bbox 2058 520 2118 559; x_wconf 87' lang='lat' dir='ltr'>est</span> <span class='ocrx_word' id='word_1_419' title='bbox 2136 519 2227 559; x_wconf 89' lang='lat' dir='ltr'>viro</span> <span class='ocrx_word' id='word_1_420' title='bbox 2244 531 2341 560; x_wconf 88' lang='lat' dir='ltr'>cum</span> 
     </span>
     <span class='ocr_line' id='line_1_55' title="bbox 1315 587 2341 640; baseline 0.005 -14"><span class='ocrx_word' id='word_1_421' title='bbox 1315 587 1544 637; x_wconf 84' lang='lat' dir='ltr'>portaverit</span> <span class='ocrx_word' id='word_1_422' title='bbox 1560 589 1721 640; x_wconf 74' lang='lat' dir='ltr'>Jugum</span> <span class='ocrx_word' id='word_1_423' title='bbox 1740 589 1792 628; x_wconf 89' lang='lat' dir='ltr'>ab</span> <span class='ocrx_word' id='word_1_424' title='bbox 1811 589 2088 630; x_wconf 87' lang='lat' dir='ltr'>adolescentia</span> <span class='ocrx_word' id='word_1_425' title='bbox 2103 601 2193 630; x_wconf 88' lang='lat' dir='ltr'>sua.</span> <span class='ocrx_word' id='word_1_426' title='bbox 2214 603 2233 627; x_wconf 73' lang='lat' dir='ltr'>n</span> <span class='ocrx_word' id='word_1_427' title='bbox 2260 590 2341 631; x_wconf 85' lang='lat' dir='ltr'>Sed</span> 
     </span>
     <span class='ocr_line' id='line_1_56' title="bbox 1316 656 2341 711; baseline 0.006 -16"><span class='ocrx_word' id='word_1_428' title='bbox 1316 656 1537 697; x_wconf 87' lang='lat' dir='ltr'>curiositas</span> <span class='ocrx_word' id='word_1_429' title='bbox 1557 658 1683 698; x_wconf 86' lang='lat' dir='ltr'>habet</span> <span class='ocrx_word' id='word_1_430' title='bbox 1704 659 1890 711; x_wconf 82' lang='lat' dir='ltr'>quinque</span> <span class='ocrx_word' id='word_1_431' title='bbox 1904 691 1916 710; x_wconf 86' lang='lat'>,</span> <span class='ocrx_word' id='word_1_432' title='bbox 1944 662 2150 711; x_wconf 87' lang='lat' dir='ltr'>quantum</span> <span class='ocrx_word' id='word_1_433' title='bbox 2172 661 2223 700; x_wconf 88' lang='lat' dir='ltr'>ad</span> <span class='ocrx_word' id='word_1_434' title='bbox 2244 661 2341 701; x_wconf 90' lang='lat' dir='ltr'>uni—</span> 
     </span>
     <span class='ocr_line' id='line_1_57' title="bbox 1316 727 2340 783; baseline 0.006 -17"><span class='ocrx_word' id='word_1_435' title='bbox 1316 727 1559 768; x_wconf 88' lang='lat' dir='ltr'>versitatem</span> <span class='ocrx_word' id='word_1_436' title='bbox 1584 729 1847 770; x_wconf 84' lang='lat' dir='ltr'>sensibilium</span> <span class='ocrx_word' id='word_1_437' title='bbox 1869 730 1977 770; x_wconf 90' lang='lat' dir='ltr'>circa</span> <span class='ocrx_word' id='word_1_438' title='bbox 2008 743 2105 783; x_wconf 83' lang='lat' dir='ltr'>quae</span> <span class='ocrx_word' id='word_1_439' title='bbox 2133 733 2340 773; x_wconf 87' lang='lat' dir='ltr'>versatur.</span> 
     </span>
     <span class='ocr_line' id='line_1_58' title="bbox 1317 797 2350 853; baseline 0.005 -16"><span class='ocrx_word' id='word_1_440' title='bbox 1317 797 1434 838; x_wconf 90' lang='lat' dir='ltr'>Unde</span> <span class='ocrx_word' id='word_1_441' title='bbox 1455 799 1774 841; x_wconf 74' lang='lat' dir='ltr'>Ecclesiasticus</span> <span class='ocrx_word' id='word_1_442' title='bbox 1793 801 1845 840; x_wconf 78' lang='lat'>¹²:</span> <span class='ocrx_word' id='word_1_443' title='bbox 1871 815 1890 839; x_wconf 86' lang='lat'>«</span> <span class='ocrx_word' id='word_1_444' title='bbox 1908 801 2054 842; x_wconf 90' lang='lat' dir='ltr'>Inveni</span> <span class='ocrx_word' id='word_1_445' title='bbox 2073 802 2185 853; x_wconf 89' lang='lat' dir='ltr'>quod</span> <span class='ocrx_word' id='word_1_446' title='bbox 2201 798 2350 843; x_wconf 85' lang='lat' dir='ltr'>fecerit</span> 
     </span>
     <span class='ocr_line' id='line_1_59' title="bbox 1316 867 2343 923; baseline 0.005 -16"><span class='ocrx_word' id='word_1_447' title='bbox 1316 867 1425 908; x_wconf 87' lang='lat' dir='ltr'>Deus</span> <span class='ocrx_word' id='word_1_448' title='bbox 1446 868 1666 909; x_wconf 86' lang='lat' dir='ltr'>hominem</span> <span class='ocrx_word' id='word_1_449' title='bbox 1694 873 1854 910; x_wconf 88' lang='lat' dir='ltr'>rectum</span> <span class='ocrx_word' id='word_1_450' title='bbox 1870 902 1882 920; x_wconf 87' lang='lat'>,</span> <span class='ocrx_word' id='word_1_451' title='bbox 1912 873 1953 911; x_wconf 91' lang='lat' dir='ltr'>et</span> <span class='ocrx_word' id='word_1_452' title='bbox 1982 871 2070 923; x_wconf 88' lang='lat' dir='ltr'>ipse</span> <span class='ocrx_word' id='word_1_453' title='bbox 2097 883 2141 912; x_wconf 89' lang='lat' dir='ltr'>se</span> <span class='ocrx_word' id='word_1_454' title='bbox 2168 872 2343 912; x_wconf 87' lang='lat' dir='ltr'>infinitis</span> 
     </span>
     <span class='ocr_line' id='line_1_60' title="bbox 1317 939 2342 994; baseline 0.005 -16"><span class='ocrx_word' id='word_1_455' title='bbox 1317 939 1535 979; x_wconf 87' lang='lat' dir='ltr'>miscuerit</span> <span class='ocrx_word' id='word_1_456' title='bbox 1564 941 1882 992; x_wconf 76' lang='lat' dir='ltr'>quaestionibus.</span> <span class='ocrx_word' id='word_1_457' title='bbox 1916 955 1934 978; x_wconf 78' lang='lat'>›)</span> <span class='ocrx_word' id='word_1_458' title='bbox 1969 941 2019 982; x_wconf 89' lang='lat' dir='ltr'>Et</span> <span class='ocrx_word' id='word_1_459' title='bbox 2047 942 2248 994; x_wconf 85' lang='lat' dir='ltr'>quoniam</span> <span class='ocrx_word' id='word_1_460' title='bbox 2278 944 2342 984; x_wconf 91' lang='lat' dir='ltr'>vi-</span> 
     </span>
     <span class='ocr_line' id='line_1_61' title="bbox 1318 1010 2343 1064; baseline 0.004 -15"><span class='ocrx_word' id='word_1_461' title='bbox 1318 1010 1427 1050; x_wconf 90' lang='lat' dir='ltr'>tium</span> <span class='ocrx_word' id='word_1_462' title='bbox 1460 1011 1698 1062; x_wconf 81' lang='lat' dir='ltr'>cupiditatis</span> <span class='ocrx_word' id='word_1_463' title='bbox 1728 1014 1767 1050; x_wconf 89' lang='lat' dir='ltr'>et</span> <span class='ocrx_word' id='word_1_464' title='bbox 1793 1011 1980 1053; x_wconf 84' lang='lat' dir='ltr'>avaritiae</span> <span class='ocrx_word' id='word_1_465' title='bbox 2013 1012 2155 1064; x_wconf 86' lang='lat' dir='ltr'>palliat</span> <span class='ocrx_word' id='word_1_466' title='bbox 2183 1024 2227 1053; x_wconf 90' lang='lat' dir='ltr'>se</span> <span class='ocrx_word' id='word_1_467' title='bbox 2264 1014 2343 1054; x_wconf 87' lang='lat' dir='ltr'>sub</span> 
     </span>
     <span class='ocr_line' id='line_1_62' title="bbox 1317 1081 2342 1136; baseline 0.007 -16"><span class='ocrx_word' id='word_1_468' title='bbox 1317 1081 1452 1133; x_wconf 89' lang='lat' dir='ltr'>specie</span> <span class='ocrx_word' id='word_1_469' title='bbox 1480 1081 1756 1133; x_wconf 73' lang='lat' dir='ltr'>providentiae</span> <span class='ocrx_word' id='word_1_470' title='bbox 1773 1113 1783 1133; x_wconf 89' lang='lat'>,</span> <span class='ocrx_word' id='word_1_471' title='bbox 1816 1082 1909 1123; x_wconf 91' lang='lat' dir='ltr'>ideo</span> <span class='ocrx_word' id='word_1_472' title='bbox 1931 1083 2070 1123; x_wconf 88' lang='lat' dir='ltr'>subdit</span> <span class='ocrx_word' id='word_1_473' title='bbox 2101 1096 2109 1123; x_wconf 93' lang='lat'>:</span> <span class='ocrx_word' id='word_1_474' title='bbox 2145 1084 2255 1136; x_wconf 73' lang='lat' dir='ltr'>Roqo</span> <span class='ocrx_word' id='word_1_475' title='bbox 2276 1088 2314 1127; x_wconf 81' lang='lat' dir='ltr'>te</span> <span class='ocrx_word' id='word_1_476' title='bbox 2329 1117 2342 1136; x_wconf 91' lang='lat'>,</span> 
     </span>
     <span class='ocr_line' id='line_1_63' title="bbox 1317 1151 2344 1206; baseline 0.004 -15"><span class='ocrx_word' id='word_1_477' title='bbox 1317 1151 1419 1192; x_wconf 82' lang='lat' dir='ltr'>habe</span> <span class='ocrx_word' id='word_1_478' title='bbox 1437 1162 1500 1193; x_wconf 84' lang='lat' dir='ltr'>me</span> <span class='ocrx_word' id='word_1_479' title='bbox 1522 1155 1784 1194; x_wconf 68' lang='lat' dir='ltr'>excusatum.</span> <span class='ocrx_word' id='word_1_480' title='bbox 1819 1152 1899 1193; x_wconf 85' lang='lat' dir='ltr'>Sed</span> <span class='ocrx_word' id='word_1_481' title='bbox 1931 1153 2083 1193; x_wconf 85' lang='lat' dir='ltr'>talibus</span> <span class='ocrx_word' id='word_1_482' title='bbox 2108 1156 2242 1206; x_wconf 87' lang='lat' dir='ltr'>potest</span> <span class='ocrx_word' id='word_1_483' title='bbox 2264 1154 2344 1195; x_wconf 90' lang='lat' dir='ltr'>dici</span> 
     </span>
     <span class='ocr_line' id='line_1_64' title="bbox 1318 1222 2344 1272; baseline 0.005 -11"><span class='ocrx_word' id='word_1_484' title='bbox 1318 1222 1421 1262; x_wconf 88' lang='lat' dir='ltr'>illud</span> <span class='ocrx_word' id='word_1_485' title='bbox 1440 1224 1467 1247; x_wconf 81' lang='lat'>¹³</span> <span class='ocrx_word' id='word_1_486' title='bbox 1485 1236 1493 1263; x_wconf 73' lang='grc' dir='ltr'>ε</span> <span class='ocrx_word' id='word_1_487' title='bbox 1513 1237 1531 1261; x_wconf 71' lang='grc' dir='ltr'>(ι</span> <span class='ocrx_word' id='word_1_488' title='bbox 1543 1223 1649 1272; x_wconf 82' lang='lat' dir='ltr'>Quid</span> <span class='ocrx_word' id='word_1_489' title='bbox 1669 1223 1816 1264; x_wconf 89' lang='lat' dir='ltr'>niteris</span> <span class='ocrx_word' id='word_1_490' title='bbox 1828 1224 1984 1264; x_wconf 84' lang='lat' dir='ltr'>bonam</span> <span class='ocrx_word' id='word_1_491' title='bbox 1997 1225 2215 1265; x_wconf 88' lang='lat' dir='ltr'>ostendere</span> <span class='ocrx_word' id='word_1_492' title='bbox 2228 1226 2344 1267; x_wconf 87' lang='lat' dir='ltr'>viam</span> 
     </span>
     <span class='ocr_line' id='line_1_65' title="bbox 1317 1293 2340 1348; baseline 0.004 -15"><span class='ocrx_word' id='word_1_493' title='bbox 1317 1295 1435 1334; x_wconf 87' lang='lat' dir='ltr'>tuam</span> <span class='ocrx_word' id='word_1_494' title='bbox 1466 1293 1518 1334; x_wconf 87' lang='lat' dir='ltr'>ad</span> <span class='ocrx_word' id='word_1_495' title='bbox 1550 1294 1822 1346; x_wconf 79' lang='lat' dir='ltr'>quaerendam</span> <span class='ocrx_word' id='word_1_496' title='bbox 1850 1294 2138 1346; x_wconf 88' lang='lat' dir='ltr'>dilectionem,</span> <span class='ocrx_word' id='word_1_497' title='bbox 2162 1308 2257 1348; x_wconf 83' lang='lat' dir='ltr'>quae</span> <span class='ocrx_word' id='word_1_498' title='bbox 2276 1297 2340 1337; x_wconf 90' lang='lat' dir='ltr'>in-</span> 
     </span>
     <span class='ocr_line' id='line_1_66' title="bbox 1318 1365 2341 1419; baseline 0.003 -14"><span class='ocrx_word' id='word_1_499' title='bbox 1318 1375 1444 1417; x_wconf 85' lang='lat' dir='ltr'>super</span> <span class='ocrx_word' id='word_1_500' title='bbox 1454 1366 1494 1405; x_wconf 91' lang='lat' dir='ltr'>et</span> <span class='ocrx_word' id='word_1_501' title='bbox 1510 1365 1559 1416; x_wconf 67' lang='lat' dir='ltr'>(b)</span> <span class='ocrx_word' id='word_1_502' title='bbox 1573 1365 1754 1405; x_wconf 88' lang='lat' dir='ltr'>malitias</span> <span class='ocrx_word' id='word_1_503' title='bbox 1765 1367 1860 1405; x_wconf 89' lang='lat' dir='ltr'>tuas</span> <span class='ocrx_word' id='word_1_504' title='bbox 1872 1366 2048 1406; x_wconf 87' lang='lat' dir='ltr'>docuisti</span> <span class='ocrx_word' id='word_1_505' title='bbox 2062 1366 2153 1407; x_wconf 90' lang='lat' dir='ltr'>vias</span> <span class='ocrx_word' id='word_1_506' title='bbox 2168 1369 2261 1407; x_wconf 87' lang='lat' dir='ltr'>tuas</span> <span class='ocrx_word' id='word_1_507' title='bbox 2278 1368 2341 1419; x_wconf 85' lang='lat' dir='ltr'>(c),</span> 
     </span>
     <span class='ocr_line' id='line_1_67' title="bbox 1318 1435 2343 1488; baseline 0.003 -13"><span class='ocrx_word' id='word_1_508' title='bbox 1318 1438 1359 1475; x_wconf 88' lang='lat' dir='ltr'>et</span> <span class='ocrx_word' id='word_1_509' title='bbox 1375 1435 1418 1475; x_wconf 90' lang='lat' dir='ltr'>in</span> <span class='ocrx_word' id='word_1_510' title='bbox 1432 1435 1508 1475; x_wconf 88' lang='lat' dir='ltr'>alis</span> <span class='ocrx_word' id='word_1_511' title='bbox 1520 1436 1603 1476; x_wconf 81' lang='lat' dir='ltr'>tuis</span> <span class='ocrx_word' id='word_1_512' title='bbox 1622 1436 1820 1477; x_wconf 83' lang='lat' dir='ltr'>inventus</span> <span class='ocrx_word' id='word_1_513' title='bbox 1834 1438 1896 1476; x_wconf 88' lang='lat' dir='ltr'>est</span> <span class='ocrx_word' id='word_1_514' title='bbox 1907 1437 2085 1488; x_wconf 86' lang='lat' dir='ltr'>sanguis</span> <span class='ocrx_word' id='word_1_515' title='bbox 2105 1437 2343 1478; x_wconf 87' lang='lat' dir='ltr'>animarum</span> 
     </span>
     <span class='ocr_line' id='line_1_68' title="bbox 1320 1506 2022 1558; baseline -0.001 -13"><span class='ocrx_word' id='word_1_516' title='bbox 1320 1517 1582 1558; x_wconf 85' lang='lat' dir='ltr'>pauperum,</span> <span class='ocrx_word' id='word_1_517' title='bbox 1605 1510 1645 1548; x_wconf 87' lang='lat' dir='ltr'>et</span> <span class='ocrx_word' id='word_1_518' title='bbox 1663 1506 1953 1547; x_wconf 89' lang='lat' dir='ltr'>innocentium</span> <span class='ocrx_word' id='word_1_519' title='bbox 1963 1508 1982 1546; x_wconf 82' lang='lat'>‘?</span> <span class='ocrx_word' id='word_1_520' title='bbox 2003 1521 2022 1544; x_wconf 64' lang='lat' dir='ltr'>n</span> 
     </span>
    </p>

    <p class='ocr_par' dir='ltr' id='par_1_8' title="bbox 1316 1576 2347 1841">
     <span class='ocr_line' id='line_1_69' title="bbox 1374 1576 2341 1629; baseline 0.003 -13"><span class='ocrx_word' id='word_1_521' title='bbox 1374 1576 1513 1617; x_wconf 89' lang='lat' dir='ltr'>Tertio</span> <span class='ocrx_word' id='word_1_522' title='bbox 1534 1580 1741 1629; x_wconf 86' lang='lat' dir='ltr'>quantum</span> <span class='ocrx_word' id='word_1_523' title='bbox 1761 1577 1811 1617; x_wconf 88' lang='lat' dir='ltr'>ad</span> <span class='ocrx_word' id='word_1_524' title='bbox 1828 1577 1995 1617; x_wconf 81' lang='lat' dir='ltr'>tertiam</span> <span class='ocrx_word' id='word_1_525' title='bbox 2015 1578 2341 1629; x_wconf 80' lang='lat' dir='ltr'>excusationem,</span> 
     </span>
     <span class='ocr_line' id='line_1_70' title="bbox 1319 1648 2340 1702; baseline 0.002 -15"><span class='ocrx_word' id='word_1_526' title='bbox 1319 1659 1415 1700; x_wconf 75' lang='lat' dir='ltr'>quae</span> <span class='ocrx_word' id='word_1_527' title='bbox 1428 1648 1544 1688; x_wconf 85' lang='lat' dir='ltr'>venit</span> <span class='ocrx_word' id='word_1_528' title='bbox 1560 1660 1612 1688; x_wconf 81' lang='lat' dir='ltr'>ex</span> <span class='ocrx_word' id='word_1_529' title='bbox 1626 1648 1801 1688; x_wconf 91' lang='lat' dir='ltr'>libidine</span> <span class='ocrx_word' id='word_1_530' title='bbox 1817 1648 2014 1698; x_wconf 86' lang='lat' dir='ltr'>lasciviae,</span> <span class='ocrx_word' id='word_1_531' title='bbox 2032 1649 2171 1690; x_wconf 87' lang='lat' dir='ltr'>subdit</span> <span class='ocrx_word' id='word_1_532' title='bbox 2183 1652 2239 1701; x_wconf 84' lang='lat' dir='ltr'>(v.</span> <span class='ocrx_word' id='word_1_533' title='bbox 2255 1650 2317 1702; x_wconf 78' lang='lat'>20)</span> <span class='ocrx_word' id='word_1_534' title='bbox 2333 1665 2340 1689; x_wconf 91' lang='lat'>:</span> 
     </span>
     <span class='ocr_line' id='line_1_71' title="bbox 1319 1717 2344 1769; baseline 0 -8"><span class='ocrx_word' id='word_1_535' title='bbox 1319 1719 1375 1761; x_wconf 77' lang='lat' dir='ltr'>Et</span> <span class='ocrx_word' id='word_1_536' title='bbox 1404 1718 1517 1760; x_wconf 75' lang='lat' dir='ltr'>alius</span> <span class='ocrx_word' id='word_1_537' title='bbox 1543 1717 1687 1760; x_wconf 69' lang='lat' dir='ltr'>dixit:</span> <span class='ocrx_word' id='word_1_538' title='bbox 1723 1718 1900 1760; x_wconf 62' lang='lat' dir='ltr'>Umorem</span> <span class='ocrx_word' id='word_1_539' title='bbox 1918 1718 2054 1769; x_wconf 66' lang='lat' dir='ltr'>duxi,</span> <span class='ocrx_word' id='word_1_540' title='bbox 2081 1723 2120 1761; x_wconf 79' lang='lat' dir='ltr'>ec</span> <span class='ocrx_word' id='word_1_541' title='bbox 2145 1719 2240 1761; x_wconf 80' lang='lat' dir='ltr'>ideo</span> <span class='ocrx_word' id='word_1_542' title='bbox 2260 1730 2344 1762; x_wconf 77' lang='grc' dir='ltr'>ηοη</span> 
     </span>
     <span class='ocr_line' id='line_1_72' title="bbox 1316 1788 2347 1841; baseline 0.001 -12"><span class='ocrx_word' id='word_1_543' title='bbox 1316 1798 1488 1840; x_wconf 73' lang='lat' dir='ltr'>possum</span> <span class='ocrx_word' id='word_1_544' title='bbox 1507 1790 1664 1831; x_wconf 75' lang='lat' dir='ltr'>venire.</span> <span class='ocrx_word' id='word_1_545' title='bbox 1686 1788 1784 1829; x_wconf 79' lang='lat' dir='ltr'>Haec</span> <span class='ocrx_word' id='word_1_546' title='bbox 1801 1800 1910 1829; x_wconf 83' lang='lat' dir='ltr'>uxor</span> <span class='ocrx_word' id='word_1_547' title='bbox 1930 1792 1991 1830; x_wconf 87' lang='lat' dir='ltr'>est</span> <span class='ocrx_word' id='word_1_548' title='bbox 2011 1790 2347 1841; x_wconf 86' lang='lat' dir='ltr'>concupiscentia</span> 
     </span>
    </p>
   </div>
   <div class='ocr_carea' id='block_1_6' title="bbox 1321 1858 2417 1912">
    <p class='ocr_par' dir='ltr' id='par_1_9' title="bbox 1321 1858 2417 1912">
     <span class='ocr_line' id='line_1_73' title="bbox 1321 1858 2417 1912; baseline 0.002 -14"><span class='ocrx_word' id='word_1_549' title='bbox 1321 1860 1469 1909; x_wconf 79' lang='lat' dir='ltr'>carnis,</span> <span class='ocrx_word' id='word_1_550' title='bbox 1490 1859 1539 1899; x_wconf 91' lang='lat' dir='ltr'>de</span> <span class='ocrx_word' id='word_1_551' title='bbox 1559 1871 1644 1912; x_wconf 85' lang='lat' dir='ltr'>qua</span> <span class='ocrx_word' id='word_1_552' title='bbox 1659 1861 1698 1901; x_wconf 91' lang='lat' dir='ltr'><em>E</em></span> <span class='ocrx_word' id='word_1_553' title='bbox 1701 1859 1936 1901; x_wconf 72' lang='lat' dir='ltr'>eclesiastes</span> <span class='ocrx_word' id='word_1_554' title='bbox 1955 1859 2040 1900; x_wconf 69' lang='lat'>¹⁵:(‹</span> <span class='ocrx_word' id='word_1_555' title='bbox 2060 1860 2205 1900; x_wconf 89' lang='lat' dir='ltr'>Inveni</span> <span class='ocrx_word' id='word_1_556' title='bbox 2225 1872 2346 1900; x_wconf 83' lang='lat' dir='ltr'>ama·</span> <span class='ocrx_word' id='word_1_557' title='bbox 2411 1858 2417 1862; x_wconf 79' lang='grc'><em>”</em></span> 
     </span>
    </p>
   </div>
   <div class='ocr_carea' id='block_1_7' title="bbox 1320 1929 2350 3178">
    <p class='ocr_par' dir='ltr' id='par_1_10' title="bbox 1320 1929 2350 3178">
     <span class='ocr_line' id='line_1_74' title="bbox 1320 1929 2346 1982; baseline 0.002 -14"><span class='ocrx_word' id='word_1_558' title='bbox 1320 1929 1475 1968; x_wconf 87' lang='lat' dir='ltr'>riorem</span> <span class='ocrx_word' id='word_1_559' title='bbox 1495 1931 1630 1970; x_wconf 89' lang='lat' dir='ltr'>morte</span> <span class='ocrx_word' id='word_1_560' title='bbox 1651 1929 1891 1979; x_wconf 82' lang='lat' dir='ltr'>mulierem,</span> <span class='ocrx_word' id='word_1_561' title='bbox 1909 1941 2006 1981; x_wconf 82' lang='lat' dir='ltr'>quae</span> <span class='ocrx_word' id='word_1_562' title='bbox 2026 1929 2202 1982; x_wconf 81' lang='lat' dir='ltr'>laqueus</span> <span class='ocrx_word' id='word_1_563' title='bbox 2221 1942 2346 1971; x_wconf 88' lang='lat' dir='ltr'>vena-</span> 
     </span>
     <span class='ocr_line' id='line_1_75' title="bbox 1320 1999 2348 2051; baseline 0.002 -13"><span class='ocrx_word' id='word_1_564' title='bbox 1320 2002 1463 2039; x_wconf 89' lang='lat' dir='ltr'>torum</span> <span class='ocrx_word' id='word_1_565' title='bbox 1482 2002 1566 2049; x_wconf 87' lang='lat' dir='ltr'>est,</span> <span class='ocrx_word' id='word_1_566' title='bbox 1582 2002 1622 2040; x_wconf 93' lang='lat' dir='ltr'>et</span> <span class='ocrx_word' id='word_1_567' title='bbox 1641 2010 1801 2051; x_wconf 84' lang='lat' dir='ltr'>sagena</span> <span class='ocrx_word' id='word_1_568' title='bbox 1816 2011 1887 2040; x_wconf 89' lang='lat' dir='ltr'>cor</span> <span class='ocrx_word' id='word_1_569' title='bbox 1908 2001 2014 2051; x_wconf 76' lang='lat' dir='ltr'>eJus.</span> <span class='ocrx_word' id='word_1_570' title='bbox 2042 2013 2062 2038; x_wconf 88' lang='lat'>»</span> <span class='ocrx_word' id='word_1_571' title='bbox 2078 1999 2178 2041; x_wconf 86' lang='lat' dir='ltr'>Haec</span> <span class='ocrx_word' id='word_1_572' title='bbox 2196 1999 2348 2041; x_wconf 88' lang='lat' dir='ltr'>dicitur</span> 
     </span>
     <span class='ocr_line' id='line_1_76' title="bbox 1321 2070 2344 2122; baseline 0.001 -12"><span class='ocrx_word' id='word_1_573' title='bbox 1321 2081 1432 2110; x_wconf 80' lang='lat' dir='ltr'>uxor</span> <span class='ocrx_word' id='word_1_574' title='bbox 1459 2072 1629 2122; x_wconf 89' lang='lat' dir='ltr'>propter</span> <span class='ocrx_word' id='word_1_575' title='bbox 1659 2070 1957 2112; x_wconf 88' lang='lat' dir='ltr'>vehementem</span> <span class='ocrx_word' id='word_1_576' title='bbox 1986 2070 2171 2111; x_wconf 90' lang='lat' dir='ltr'>libidinis</span> <span class='ocrx_word' id='word_1_577' title='bbox 2200 2071 2344 2112; x_wconf 86' lang='lat' dir='ltr'>adhae-</span> 
     </span>
     <span class='ocr_line' id='line_1_77' title="bbox 1321 2141 2349 2195; baseline 0.003 -14"><span class='ocrx_word' id='word_1_578' title='bbox 1321 2141 1484 2181; x_wconf 88' lang='lat' dir='ltr'>sionem</span> <span class='ocrx_word' id='word_1_579' title='bbox 1500 2143 1542 2182; x_wconf 53' lang='grc' dir='ltr'>1ὗε</span> <span class='ocrx_word' id='word_1_580' title='bbox 1564 2158 1583 2181; x_wconf 75' lang='grc' dir='ltr'>(ι</span> <span class='ocrx_word' id='word_1_581' title='bbox 1603 2145 1663 2182; x_wconf 86' lang='lat' dir='ltr'>An</span> <span class='ocrx_word' id='word_1_582' title='bbox 1683 2143 1875 2192; x_wconf 84' lang='lat' dir='ltr'>nescitis,</span> <span class='ocrx_word' id='word_1_583' title='bbox 1899 2142 2100 2195; x_wconf 85' lang='lat' dir='ltr'>quoniam</span> <span class='ocrx_word' id='word_1_584' title='bbox 2119 2142 2192 2194; x_wconf 85' lang='lat' dir='ltr'>qui</span> <span class='ocrx_word' id='word_1_585' title='bbox 2212 2143 2349 2184; x_wconf 83' lang='lat' dir='ltr'>adhae-</span> 
     </span>
     <span class='ocr_line' id='line_1_78' title="bbox 1321 2212 2350 2265; baseline 0.001 -12"><span class='ocrx_word' id='word_1_586' title='bbox 1321 2216 1384 2254; x_wconf 85' lang='lat' dir='ltr'>ret</span> <span class='ocrx_word' id='word_1_587' title='bbox 1403 2214 1639 2264; x_wconf 86' lang='lat' dir='ltr'>meretrici,</span> <span class='ocrx_word' id='word_1_588' title='bbox 1661 2225 1798 2254; x_wconf 86' lang='lat' dir='ltr'>unum</span> <span class='ocrx_word' id='word_1_589' title='bbox 1817 2224 1970 2265; x_wconf 90' lang='lat' dir='ltr'>corpus</span> <span class='ocrx_word' id='word_1_590' title='bbox 1989 2213 2192 2253; x_wconf 76' lang='lat' dir='ltr'>efficitur?</span> <span class='ocrx_word' id='word_1_591' title='bbox 2214 2212 2350 2254; x_wconf 80' lang='lat' dir='ltr'>Erunt</span> 
     </span>
     <span class='ocr_line' id='line_1_79' title="bbox 1322 2279 2348 2333; baseline 0.002 -13"><span class='ocrx_word' id='word_1_592' title='bbox 1322 2281 1448 2331; x_wconf 89' lang='lat' dir='ltr'>enim,</span> <span class='ocrx_word' id='word_1_593' title='bbox 1475 2281 1635 2333; x_wconf 87' lang='lat' dir='ltr'>inquit,</span> <span class='ocrx_word' id='word_1_594' title='bbox 1660 2281 1745 2321; x_wconf 87' lang='lat' dir='ltr'>duo</span> <span class='ocrx_word' id='word_1_595' title='bbox 1767 2281 1810 2320; x_wconf 92' lang='lat' dir='ltr'>in</span> <span class='ocrx_word' id='word_1_596' title='bbox 1830 2292 1954 2321; x_wconf 86' lang='lat' dir='ltr'>carne</span> <span class='ocrx_word' id='word_1_597' title='bbox 1968 2292 2068 2321; x_wconf 85' lang='lat' dir='ltr'>una.</span> <span class='ocrx_word' id='word_1_598' title='bbox 2090 2294 2108 2318; x_wconf 70' lang='grc' dir='ltr'>ι)</span> <span class='ocrx_word' id='word_1_599' title='bbox 2123 2279 2348 2333; x_wconf 88' lang='lat' dir='ltr'>Propterea</span> 
     </span>
     <span class='ocr_line' id='line_1_80' title="bbox 1322 2350 2344 2404; baseline 0.002 -13"><span class='ocrx_word' id='word_1_600' title='bbox 1322 2350 1456 2391; x_wconf 85' lang='lat' dir='ltr'>addit:</span> <span class='ocrx_word' id='word_1_601' title='bbox 1476 2352 1535 2394; x_wconf 79' lang='lat' dir='ltr'>Et</span> <span class='ocrx_word' id='word_1_602' title='bbox 1555 2351 1650 2393; x_wconf 79' lang='lat' dir='ltr'>ideo</span> <span class='ocrx_word' id='word_1_603' title='bbox 1663 2361 1747 2393; x_wconf 76' lang='lat' dir='ltr'>non</span> <span class='ocrx_word' id='word_1_604' title='bbox 1757 2361 1927 2404; x_wconf 76' lang='lat' dir='ltr'>possum</span> <span class='ocrx_word' id='word_1_605' title='bbox 1942 2352 2097 2403; x_wconf 80' lang='lat' dir='ltr'>venire,</span> <span class='ocrx_word' id='word_1_606' title='bbox 2114 2363 2189 2392; x_wconf 89' lang='lat' dir='ltr'>nec</span> <span class='ocrx_word' id='word_1_607' title='bbox 2204 2352 2317 2392; x_wconf 86' lang='lat' dir='ltr'>addit</span> <span class='ocrx_word' id='word_1_608' title='bbox 2336 2367 2344 2393; x_wconf 82' lang='lat' dir='ltr'><strong><em>z</em></strong></span> 
     </span>
     <span class='ocr_line' id='line_1_81' title="bbox 1322 2421 2346 2474; baseline 0.001 -12"><span class='ocrx_word' id='word_1_609' title='bbox 1322 2421 1436 2463; x_wconf 80' lang='lat' dir='ltr'>Habe</span> <span class='ocrx_word' id='word_1_610' title='bbox 1454 2432 1516 2463; x_wconf 83' lang='lat' dir='ltr'>me</span> <span class='ocrx_word' id='word_1_611' title='bbox 1542 2426 1789 2464; x_wconf 73' lang='lat' dir='ltr'>eoecusatum</span> <span class='ocrx_word' id='word_1_612' title='bbox 1808 2453 1820 2472; x_wconf 83' lang='grc'>,</span> <span class='ocrx_word' id='word_1_613' title='bbox 1843 2422 1942 2474; x_wconf 88' lang='lat' dir='ltr'>quia</span> <span class='ocrx_word' id='word_1_614' title='bbox 1966 2421 2105 2462; x_wconf 83' lang='lat' dir='ltr'>solum</span> <span class='ocrx_word' id='word_1_615' title='bbox 2130 2424 2346 2474; x_wconf 82' lang='lat' dir='ltr'>peccatum</span> 
     </span>
     <span class='ocr_line' id='line_1_82' title="bbox 1323 2491 2347 2544; baseline 0.002 -13"><span class='ocrx_word' id='word_1_616' title='bbox 1323 2491 1459 2531; x_wconf 87' lang='lat' dir='ltr'>carnis</span> <span class='ocrx_word' id='word_1_617' title='bbox 1478 2493 1552 2542; x_wconf 91' lang='lat' dir='ltr'>est,</span> <span class='ocrx_word' id='word_1_618' title='bbox 1567 2492 1679 2544; x_wconf 86' lang='lat' dir='ltr'>quod</span> <span class='ocrx_word' id='word_1_619' title='bbox 1699 2492 1876 2532; x_wconf 89' lang='lat' dir='ltr'>minime</span> <span class='ocrx_word' id='word_1_620' title='bbox 1894 2492 2035 2544; x_wconf 89' lang='lat' dir='ltr'>palliat</span> <span class='ocrx_word' id='word_1_621' title='bbox 2055 2504 2097 2532; x_wconf 88' lang='lat' dir='ltr'>se</span> <span class='ocrx_word' id='word_1_622' title='bbox 2119 2493 2197 2532; x_wconf 91' lang='lat' dir='ltr'>sub</span> <span class='ocrx_word' id='word_1_623' title='bbox 2212 2492 2347 2544; x_wconf 85' lang='lat' dir='ltr'>specie</span> 
     </span>
     <span class='ocr_line' id='line_1_83' title="bbox 1323 2561 2346 2612; baseline 0.001 -11"><span class='ocrx_word' id='word_1_624' title='bbox 1323 2561 1492 2602; x_wconf 89' lang='lat' dir='ltr'>virtutis</span> <span class='ocrx_word' id='word_1_625' title='bbox 1505 2593 1517 2612; x_wconf 89' lang='lat'>,</span> <span class='ocrx_word' id='word_1_626' title='bbox 1540 2565 1581 2602; x_wconf 89' lang='lat' dir='ltr'>et</span> <span class='ocrx_word' id='word_1_627' title='bbox 1601 2562 1778 2603; x_wconf 89' lang='lat' dir='ltr'>minime</span> <span class='ocrx_word' id='word_1_628' title='bbox 1798 2564 2038 2612; x_wconf 80' lang='lat' dir='ltr'>excusatur,</span> <span class='ocrx_word' id='word_1_629' title='bbox 2061 2565 2102 2602; x_wconf 89' lang='lat' dir='ltr'>et</span> <span class='ocrx_word' id='word_1_630' title='bbox 2120 2564 2263 2603; x_wconf 88' lang='lat' dir='ltr'>tamen</span> <span class='ocrx_word' id='word_1_631' title='bbox 2282 2574 2346 2603; x_wconf 89' lang='lat' dir='ltr'>se-</span> 
     </span>
     <span class='ocr_line' id='line_1_84' title="bbox 1323 2622 2344 2683; baseline 0.001 -11"><span class='ocrx_word' id='word_1_632' title='bbox 1323 2632 1511 2673; x_wconf 88' lang='lat' dir='ltr'>cundum</span> <span class='ocrx_word' id='word_1_633' title='bbox 1545 2632 1768 2673; x_wconf 87' lang='lat' dir='ltr'>veritatem</span> <span class='ocrx_word' id='word_1_634' title='bbox 1806 2632 1944 2683; x_wconf 81' lang='lat' dir='ltr'>magis</span> <span class='ocrx_word' id='word_1_635' title='bbox 1977 2635 2037 2672; x_wconf 90' lang='lat' dir='ltr'>est</span> <span class='ocrx_word' id='word_1_636' title='bbox 2080 2622 2344 2683; x_wconf 78' lang='lat' dir='ltr'>excusabile,</span> 
     </span>
     <span class='ocr_line' id='line_1_85' title="bbox 1322 2702 2345 2755; baseline 0 -12"><span class='ocrx_word' id='word_1_637' title='bbox 1322 2705 1491 2755; x_wconf 89' lang='lat' dir='ltr'>propter</span> <span class='ocrx_word' id='word_1_638' title='bbox 1505 2704 1586 2755; x_wconf 87' lang='lat' dir='ltr'>maj</span> <span class='ocrx_word' id='word_1_639' title='bbox 1592 2715 1709 2744; x_wconf 90' lang='lat' dir='ltr'>orem</span> <span class='ocrx_word' id='word_1_640' title='bbox 1720 2702 1970 2755; x_wconf 79' lang='lat' dir='ltr'>pronitatem</span> <span class='ocrx_word' id='word_1_641' title='bbox 1983 2702 2345 2755; x_wconf 84' lang='lat' dir='ltr'>concupiscentiae,</span> 
     </span>
     <span class='ocr_line' id='line_1_86' title="bbox 1322 2772 2349 2824; baseline 0 -11"><span class='ocrx_word' id='word_1_642' title='bbox 1322 2773 1555 2814; x_wconf 87' lang='lat' dir='ltr'>secundum</span> <span class='ocrx_word' id='word_1_643' title='bbox 1574 2773 1677 2814; x_wconf 91' lang='lat' dir='ltr'>illud</span> <span class='ocrx_word' id='word_1_644' title='bbox 1697 2773 1750 2812; x_wconf 77' lang='lat'>16:</span> <span class='ocrx_word' id='word_1_645' title='bbox 1783 2772 1947 2814; x_wconf 81' lang='lat' dir='ltr'>«Video</span> <span class='ocrx_word' id='word_1_646' title='bbox 1980 2772 2106 2813; x_wconf 87' lang='lat' dir='ltr'>aliam</span> <span class='ocrx_word' id='word_1_647' title='bbox 2135 2772 2277 2824; x_wconf 85' lang='lat' dir='ltr'>legem</span> <span class='ocrx_word' id='word_1_648' title='bbox 2304 2773 2349 2813; x_wconf 91' lang='lat' dir='ltr'>in</span> 
     </span>
     <span class='ocr_line' id='line_1_87' title="bbox 1322 2842 2349 2896; baseline 0 -13"><span class='ocrx_word' id='word_1_649' title='bbox 1322 2844 1528 2884; x_wconf 87' lang='lat' dir='ltr'>membris</span> <span class='ocrx_word' id='word_1_650' title='bbox 1547 2844 1672 2894; x_wconf 79' lang='lat' dir='ltr'>meiS,</span> <span class='ocrx_word' id='word_1_651' title='bbox 1697 2846 1737 2884; x_wconf 86' lang='lat' dir='ltr'>et</span> <span class='ocrx_word' id='word_1_652' title='bbox 1755 2845 2067 2896; x_wconf 82' lang='lat' dir='ltr'>repugnantem</span> <span class='ocrx_word' id='word_1_653' title='bbox 2090 2842 2176 2895; x_wconf 83' lang='lat' dir='ltr'>legi</span> <span class='ocrx_word' id='word_1_654' title='bbox 2197 2843 2349 2884; x_wconf 90' lang='lat' dir='ltr'>mentis</span> 
     </span>
     <span class='ocr_line' id='line_1_88' title="bbox 1323 2913 2347 2966; baseline 0 -12"><span class='ocrx_word' id='word_1_655' title='bbox 1323 2925 1450 2964; x_wconf 82' lang='lat' dir='ltr'>meae,</span> <span class='ocrx_word' id='word_1_656' title='bbox 1481 2916 1521 2955; x_wconf 85' lang='lat' dir='ltr'>et</span> <span class='ocrx_word' id='word_1_657' title='bbox 1546 2914 1829 2966; x_wconf 86' lang='lat' dir='ltr'>captivantem</span> <span class='ocrx_word' id='word_1_658' title='bbox 1848 2925 1915 2954; x_wconf 90' lang='lat' dir='ltr'>me</span> <span class='ocrx_word' id='word_1_659' title='bbox 1940 2914 1985 2953; x_wconf 92' lang='lat' dir='ltr'>in</span> <span class='ocrx_word' id='word_1_660' title='bbox 2007 2913 2102 2966; x_wconf 82' lang='lat' dir='ltr'>lege</span> <span class='ocrx_word' id='word_1_661' title='bbox 2132 2913 2301 2966; x_wconf 88' lang='lat' dir='ltr'>peccati.</span> <span class='ocrx_word' id='word_1_662' title='bbox 2327 2927 2347 2952; x_wconf 81' lang='lat'>›&gt;</span> 
     </span>
     <span class='ocr_line' id='line_1_89' title="bbox 1322 2983 2346 3036; baseline 0 -11"><span class='ocrx_word' id='word_1_663' title='bbox 1322 2984 1373 3025; x_wconf 86' lang='lat' dir='ltr'>Et</span> <span class='ocrx_word' id='word_1_664' title='bbox 1392 2996 1468 3036; x_wconf 85' lang='lat' dir='ltr'>pro</span> <span class='ocrx_word' id='word_1_665' title='bbox 1488 2986 1602 3024; x_wconf 83' lang='lat' dir='ltr'>tanto</span> <span class='ocrx_word' id='word_1_666' title='bbox 1621 2983 1738 3024; x_wconf 87' lang='lat' dir='ltr'>dicit:</span> <span class='ocrx_word' id='word_1_667' title='bbox 1758 2983 1852 3026; x_wconf 76' lang='lat' dir='ltr'>Non</span> <span class='ocrx_word' id='word_1_668' title='bbox 1865 2994 2034 3036; x_wconf 78' lang='lat' dir='ltr'>possum</span> <span class='ocrx_word' id='word_1_669' title='bbox 2052 2985 2212 3034; x_wconf 76' lang='lat' dir='ltr'>venire,</span> <span class='ocrx_word' id='word_1_670' title='bbox 2232 2984 2346 3036; x_wconf 87' lang='lat' dir='ltr'>quia,</span> 
     </span>
     <span class='ocr_line' id='line_1_90' title="bbox 1322 3055 2349 3107; baseline 0 -12"><span class='ocrx_word' id='word_1_671' title='bbox 1322 3055 1429 3096; x_wconf 89' lang='lat' dir='ltr'>sicut</span> <span class='ocrx_word' id='word_1_672' title='bbox 1447 3055 1546 3096; x_wconf 89' lang='lat' dir='ltr'>dicit</span> <span class='ocrx_word' id='word_1_673' title='bbox 1561 3055 1798 3096; x_wconf 88' lang='lat' dir='ltr'>Bernardus</span> <span class='ocrx_word' id='word_1_674' title='bbox 1812 3057 1859 3096; x_wconf 87' lang='lat'>¹⁷:</span> <span class='ocrx_word' id='word_1_675' title='bbox 1872 3070 1890 3094; x_wconf 83' lang='grc'>(&lt;</span> <span class='ocrx_word' id='word_1_676' title='bbox 1905 3055 2021 3097; x_wconf 87' lang='lat' dir='ltr'>Sicut</span> <span class='ocrx_word' id='word_1_677' title='bbox 2042 3055 2159 3107; x_wconf 82' lang='lat' dir='ltr'>ignis</span> <span class='ocrx_word' id='word_1_678' title='bbox 2179 3058 2220 3096; x_wconf 87' lang='lat' dir='ltr'>et</span> <span class='ocrx_word' id='word_1_679' title='bbox 2239 3067 2349 3107; x_wconf 86' lang='lat' dir='ltr'>aqua</span> 
     </span>
     <span class='ocr_line' id='line_1_91' title="bbox 1323 3125 2342 3178; baseline 0 -13"><span class='ocrx_word' id='word_1_680' title='bbox 1323 3125 1450 3167; x_wconf 86' lang='lat' dir='ltr'>simul</span> <span class='ocrx_word' id='word_1_681' title='bbox 1468 3137 1558 3167; x_wconf 90' lang='lat' dir='ltr'>esse</span> <span class='ocrx_word' id='word_1_682' title='bbox 1577 3137 1664 3167; x_wconf 90' lang='lat' dir='ltr'>non</span> <span class='ocrx_word' id='word_1_683' title='bbox 1685 3128 1882 3178; x_wconf 83' lang='lat' dir='ltr'>possunt,</span> <span class='ocrx_word' id='word_1_684' title='bbox 1902 3126 1960 3167; x_wconf 92' lang='lat' dir='ltr'>sic</span> <span class='ocrx_word' id='word_1_685' title='bbox 1986 3126 2222 3178; x_wconf 88' lang='lat' dir='ltr'>spirituales</span> <span class='ocrx_word' id='word_1_686' title='bbox 2240 3125 2342 3166; x_wconf 91' lang='lat' dir='ltr'>deli-</span> 
     </span>
    </p>
   </div>
   <div class='ocr_carea' id='block_1_8' title="bbox 1323 3260 2348 3450">
    <p class='ocr_par' dir='ltr' id='par_1_11' title="bbox 1323 3260 2348 3450">
     <span class='ocr_line' id='line_1_92' title="bbox 1324 3260 2346 3300; baseline -0.002 -9"><span class='ocrx_word' id='word_1_687' title='bbox 1324 3260 1348 3281; x_wconf 82' lang='lat'>1³</span> <span class='ocrx_word' id='word_1_688' title='bbox 1366 3261 1499 3300; x_wconf 56' lang='lat' dir='ltr'>larem„</span> <span class='ocrx_word' id='word_1_689' title='bbox 1518 3268 1556 3299; x_wconf 88' lang='lat'>11,</span> <span class='ocrx_word' id='word_1_690' title='bbox 1576 3262 1627 3300; x_wconf 89' lang='lat'>33,</span> <span class='ocrx_word' id='word_1_691' title='bbox 1648 3262 1699 3292; x_wconf 66' lang='lat'>34.</span> <span class='ocrx_word' id='word_1_692' title='bbox 1716 3277 1757 3283; x_wconf 91' lang='lat'>—-</span> <span class='ocrx_word' id='word_1_693' title='bbox 1779 3262 1805 3283; x_wconf 69' lang='lat'>1³</span> <span class='ocrx_word' id='word_1_694' title='bbox 1825 3260 1945 3300; x_wconf 80' lang='lat' dir='ltr'>Eccle.,</span> <span class='ocrx_word' id='word_1_695' title='bbox 1968 3267 2027 3299; x_wconf 75' lang='lat' dir='ltr'>vir,</span> <span class='ocrx_word' id='word_1_696' title='bbox 2048 3261 2098 3290; x_wconf 88' lang='lat'>27.</span> <span class='ocrx_word' id='word_1_697' title='bbox 2114 3276 2152 3282; x_wconf 95' lang='lat'>—</span> <span class='ocrx_word' id='word_1_698' title='bbox 2174 3260 2198 3281; x_wconf 85' lang='lat'>¹⁵</span> <span class='ocrx_word' id='word_1_699' title='bbox 2222 3260 2232 3290; x_wconf 88' lang='lat'>1</span> <span class='ocrx_word' id='word_1_700' title='bbox 2256 3260 2346 3298; x_wconf 69' lang='lat' dir='ltr'>Cor„</span> 
     </span>
     <span class='ocr_line' id='line_1_93' title="bbox 1323 3306 2348 3348; baseline 0 -10"><span class='ocrx_word' id='word_1_701' title='bbox 1323 3316 1375 3347; x_wconf 73' lang='lat' dir='ltr'>vr,</span> <span class='ocrx_word' id='word_1_702' title='bbox 1397 3310 1446 3339; x_wconf 88' lang='grc'>16.</span> <span class='ocrx_word' id='word_1_703' title='bbox 1465 3326 1506 3332; x_wconf 89' lang='grc'><strong>-</strong></span> <span class='ocrx_word' id='word_1_704' title='bbox 1527 3309 1553 3330; x_wconf 67' lang='lat'>1⁶</span> <span class='ocrx_word' id='word_1_705' title='bbox 1573 3310 1676 3346; x_wconf 63' lang='lat' dir='ltr'>Rom„</span> <span class='ocrx_word' id='word_1_706' title='bbox 1702 3316 1772 3348; x_wconf 82' lang='lat' dir='ltr'>vn,</span> <span class='ocrx_word' id='word_1_707' title='bbox 1797 3311 1849 3341; x_wconf 77' lang='lat'>23.</span> <span class='ocrx_word' id='word_1_708' title='bbox 1870 3327 1910 3332; x_wconf 95' lang='lat'>—-</span> <span class='ocrx_word' id='word_1_709' title='bbox 1936 3309 1961 3330; x_wconf 87' lang='lat'>¹⁷</span> <span class='ocrx_word' id='word_1_710' title='bbox 1983 3309 2097 3347; x_wconf 66' lang='lat' dir='ltr'>Rern„</span> <span class='ocrx_word' id='word_1_711' title='bbox 2123 3307 2168 3338; x_wconf 84' lang='lat' dir='ltr'>ad</span> <span class='ocrx_word' id='word_1_712' title='bbox 2195 3306 2348 3346; x_wconf 77' lang='lat' dir='ltr'>Fulcon.‚</span> 
     </span>
     <span class='ocr_line' id='line_1_94' title="bbox 1323 3361 2346 3403; baseline -0.002 -10"><span class='ocrx_word' id='word_1_713' title='bbox 1323 3362 1420 3402; x_wconf 84' lang='lat' dir='ltr'>epist.</span> <span class='ocrx_word' id='word_1_714' title='bbox 1444 3370 1481 3403; x_wconf 77' lang='grc' dir='ltr'>Π,</span> <span class='ocrx_word' id='word_1_715' title='bbox 1499 3372 1532 3394; x_wconf 88' lang='lat' dir='ltr'>n.</span> <span class='ocrx_word' id='word_1_716' title='bbox 1558 3365 1645 3394; x_wconf 79' lang='lat'><strong>10.—</strong></span> <span class='ocrx_word' id='word_1_717' title='bbox 1667 3364 1712 3403; x_wconf 78' lang='lat' dir='ltr'>(a)</span> <span class='ocrx_word' id='word_1_718' title='bbox 1737 3364 1814 3394; x_wconf 77' lang='lat' dir='ltr'>Coet.</span> <span class='ocrx_word' id='word_1_719' title='bbox 1834 3363 1912 3394; x_wconf 73' lang='lat' dir='ltr'>edit.</span> <span class='ocrx_word' id='word_1_720' title='bbox 1933 3361 2090 3402; x_wconf 84' lang='lat' dir='ltr'>peccatis.</span> <span class='ocrx_word' id='word_1_721' title='bbox 2107 3362 2191 3392; x_wconf 82' lang='lat' dir='ltr'>LXX</span> <span class='ocrx_word' id='word_1_722' title='bbox 2212 3370 2220 3391; x_wconf 91' lang='lat'><strong>:</strong></span> <span class='ocrx_word' id='word_1_723' title='bbox 2242 3362 2346 3402; x_wconf 65' lang='lat' dir='ltr'>&amp;nap-</span> 
     </span>
     <span class='ocr_line' id='line_1_95' title="bbox 1323 3409 2019 3450; baseline -0.001 -10"><span class='ocrx_word' id='word_1_724' title='bbox 1323 3409 1384 3441; x_wconf 85' lang='grc' dir='ltr'><strong>τία.</strong></span> <span class='ocrx_word' id='word_1_725' title='bbox 1411 3427 1443 3435; x_wconf 87' lang='lat'>--</span> <span class='ocrx_word' id='word_1_726' title='bbox 1468 3409 1511 3450; x_wconf 83' lang='lat' dir='ltr'>(b)</span> <span class='ocrx_word' id='word_1_727' title='bbox 1535 3410 1636 3442; x_wconf 76' lang='lat' dir='ltr'>Omz&#39;s.</span> <span class='ocrx_word' id='word_1_728' title='bbox 1656 3412 1700 3442; x_wconf 86' lang='lat' dir='ltr'>et.</span> <span class='ocrx_word' id='word_1_729' title='bbox 1718 3428 1757 3434; x_wconf 90' lang='lat'>—-</span> <span class='ocrx_word' id='word_1_730' title='bbox 1777 3411 1813 3449; x_wconf 78' lang='lat' dir='ltr'>(c)</span> <span class='ocrx_word' id='word_1_731' title='bbox 1830 3411 1914 3441; x_wconf 81' lang='lat' dir='ltr'>Item</span> <span class='ocrx_word' id='word_1_732' title='bbox 1934 3411 2019 3440; x_wconf 81' lang='lat' dir='ltr'>tuas.</span> 
     </span>
    </p>
   </div>
  </div>
 </body>
</html>
