2634 3853
250 165 327 203 184

250 251 507 303 cupletatus,
529 254 569 291 et
596 251 754 292 nullius
787 262 892 303 egeo
916 265 924 289 :
949 252 988 290 et
1012 248 1146 288 nescis
1174 247 1276 299 quia

249 325 297 363 tu
310 334 354 362 es
374 322 516 371 miser,
538 323 578 362 et
595 321 865 370 miserabilis,
888 323 928 360 et
946 329 1118 371 pauper,
1140 319 1181 356 et
1199 328 1276 356 nu·

250 393 342 444 dus,
366 395 407 433 et
426 404 575 433 caecus.
599 407 616 430 n
643 391 748 432 Nota
775 390 887 443 quod
914 390 1105 430 Christus
1125 386 1276 427 habuit

251 466 557 517 paupertatem,
578 466 618 503 et
636 463 716 502 hoc
734 460 978 513 tripliciter:
996 457 1273 506 Mortalitatis,

251 533 320 573 vel
354 534 584 584 assumptae
621 529 878 570 infirmitatis
913 529 923 550 ¹
965 542 973 568 :
1022 542 1040 564 «
1080 526 1215 568 Simul
1232 526 1277 566 in

253 615 387 643 unum
414 602 530 642 dives
559 603 599 640 et
629 611 802 652 pauper.
833 613 852 636 ›)
890 598 1114 650 Egestatis‚
1148 609 1274 636 mun-

253 673 356 713 dum
375 671 619 723 ingrediens
639 672 653 692 ²³
675 684 683 710 ε
707 686 726 708 ι(
746 669 900 710 Pannis
920 681 1019 709 eum
1039 667 1219 709 involvit
1239 670 1278 707 et

252 742 471 783 reclinavit
507 742 552 781 in
585 741 811 794 praesepi03
850 756 868 778 n
912 739 1189 793 progrediens
1218 742 1231 763 ³
1266 753 1274 778 ;

255 828 273 852 α
296 813 427 853 Filius
446 812 632 852 hominis
652 824 738 852 non
757 811 898 861 habet,
919 811 993 851 ubi
1009 813 1134 862 caput
1151 821 1278 849 5111101

253 883 450 924 reclinet:
470 896 489 919 1)
515 885 529 907 ⁶
551 897 571 920 (ι
604 881 901 934 Circumpectis
930 880 1154 929 omnibus,
1182 892 1279 919 cum

250 955 340 1007 J'am
363 954 414 1005 (a)
437 964 614 1005 vespera
641 955 748 993 esset
766 952 892 1000 hora,
923 951 1026 991 exiit
1052 950 1097 990 in
1125 949 1280 989 Betha-

254 1024 370 1064 niam
387 1038 429 1073 ;»
459 1023 682 1075 egrediens
702 1023 715 1043 ⁵
735 1034 776 1062 2«
797 1021 1012 1061 Infirmata
1030 1023 1090 1060 est
1110 1020 1152 1060 in
1171 1032 1280 1073 pau-

255 1097 415 1147 pertate
434 1094 569 1134 virtus
588 1105 703 1142 mea,
719 1096 760 1133 et
780 1104 874 1132 ossa
892 1103 988 1131 mea
1006 1091 1127 1141 sicut,
1150 1105 1169 1127 ›>
1201 1093 1278 1130 etc.
1306 1126 1311 1130 .

254 1164 581 1213 Familiaritatis,
603 1163 714 1204 unde
740 1163 784 1202 in
815 1161 1003 1203 Psalmoss
1022 1176 1060 1201 z«
1085 1160 1282 1212 Singula-

253 1235 355 1275 riter
372 1246 468 1274 sum
488 1245 585 1286 ego,
608 1233 739 1273 donec
759 1236 986 1272 transeam.
1006 1247 1024 1269 ›)
1048 1236 1060 1257 ⁷
1078 1231 1181 1271 Ecce
1206 1243 1283 1271 rex

253 1308 352 1345 tuus
365 1304 482 1347 venit
503 1304 576 1344 tibi
598 1307 844 1344 mansuetus
860 1334 870 1352 ,
899 1305 941 1342 et
961 1302 1171 1352 Salvator,
1194 1302 1283 1354 ipse

254 1387 434 1428 pauper,
477 1377 518 1415 et
555 1374 783 1415 ascendens
818 1385 943 1425 super
979 1373 1163 1413 asinum.
1190 1388 1208 1410 ›)
1233 1374 1283 1414 In

255 1448 379 1498 νίφα
413 1446 735 1498 indiqnationis
772 1444 863 1496 ejus
888 1444 1160 1495 :indignatio
1194 1443 1283 1494 Dei,

255 1517 452 1557 voluntas
471 1516 672 1569 puniendi
690 1530 699 1565 ;
722 1516 848 1566 virga
867 1517 1026 1565 autem,
1041 1515 1131 1567 ipsa
1141 1525 1279 1566 poena,

256 1600 386 1640 quam
408 1587 504 1627 tulit
523 1586 712 1627 Christus
725 1589 773 1626 ut
791 1586 1027 1627 salvaretur
1047 1597 1183 1637 genus
1201 1585 1285 1625 bu-

257 1670 433 1698 manum
453 1659 466 1681 3
490 1672 497 1698 :
527 1673 546 1695 (ι
566 1657 742 1709 Propter
762 1657 896 1697 scelus
915 1656 1059 1708 populi
1075 1656 1173 1705 mei,
1186 1667 1283 1707 per—

258 1728 368 1768 cussi
401 1739 500 1768 eum
525 1742 532 1766 :
559 1727 809 1768 vulneratus
833 1729 895 1771 est
934 1729 1106 1778 propter
1134 1725 1286 1778 iniqui-

257 1800 362 1838 tates
377 1800 553 1838 nostras.
584 1812 602 1834 1)
629 1797 702 1837 Vel
734 1797 948 1837 moraliter
978 1796 1135 1848 exponi
1151 1799 1286 1848 potest

257 1869 307 1909 de
327 1880 596 1920 quocumque
616 1870 758 1921 justo,
781 1868 855 1920 qui
875 1879 950 1920 per
966 1866 1286 1907 tribulationem

258 1938 461 1979 divinitus
491 1939 727 1978 immissam
766 1938 1030 1990 recognoscit
1059 1937 1284 1977 infirmita-

259 2011 359 2060 tem,
383 2011 424 2049 et
439 2009 610 2050 virtutis
638 2021 727 2049 suae
759 2009 1014 2061 parvitatem
1046 2011 1059 2031 ⁹
1093 2022 1101 2047 2
1132 2022 1151 2045 <‹
1170 2007 1288 2047 Infir-

260 2079 383 2120 mitas
402 2080 547 2132 gravis
567 2080 751 2120 sobriam
771 2079 868 2119 facit
887 2079 1090 2119 animam.
1113 2093 1131 2115 ))

313 2149 517 2202 Sequitur
548 2151 602 2201 (v.
637 2154 676 2198 Ξ,
713 2149 883 2202 Aleph):
915 2149 982 2190 Me
1012 2150 1221 2200 minavit,
1251 2155 1289 2191 ec

260 2220 452 2262 adduxit
479 2231 543 2262 me
570 2233 583 2260 .·
614 2220 802 2269 minare,
833 2220 913 2260 hoc
945 2222 1005 2260 est
1034 2220 1207 2269 ducere3
1240 2222 1289 2261 in

260 2291 463 2342 tenebras,
477 2291 739 2333 adversitatis
755 2294 795 2330 et
806 2290 1052 2343 abjectionis
1063 2291 1092 2315 ¹⁰
1108 2302 1148 2330 z«
1164 2291 1289 2340 Quasi

260 2363 531 2404 absconditus
560 2365 620 2402 est
639 2363 784 2402 vultus
809 2364 923 2414 ejus,
961 2364 1002 2401 et
1033 2361 1252 2413 despectus
1277 2375 1284 2401 :

260 2435 372 2475 unde
391 2446 468 2475 1166
485 2433 777 2487 reputavimus
797 2444 942 2472 eum.»
962 2432 1166 2479 Μῑηαυϊί,
1189 2431 1289 2483 quia

260 2505 304 2544 in
321 2504 559 2545 humilitate
580 2503 791 2544 mundum
811 2503 1072 2555 pertransiit3
1096 2506 1133 2544 ec
1154 2501 1290 2543 adda-2

259 2577 331 2618 xic
351 2576 399 2617 in
418 2575 616 2625 tenebras,
639 2575 739 2627 quia
758 2573 1083 2614 tribulationum
1105 2572 1286 2613 toleran-

259 2648 362 2687 tiam
384 2647 430 2686 in
462 2658 585 2686 cruce
612 2645 943 2693 consummavit3
982 2648 1022 2686 ec
1041 2654 1127 2686 non
1148 2645 1197 2685 in
1220 2644 1284 2685 lu-

259 2727 367 2767 cem,
409 2715 715 2768 prosperitatis,
753 2715 821 2754 vel
857 2714 1083 2755 affluentice
1123 2717 1285 2767 tempo-

258 2786 360 2826 ralis
379 2787 405 2808 ¹¹
428 2800 436 2826 :
453 2801 472 2823 «
495 2785 617 2826 Venit
636 2785 831 2837 princeps
850 2783 1001 2824 mundi
1021 2783 1167 2835 hujus,
1184 2787 1225 2824 et
1244 2785 1287 2823 in

258 2868 327 2896 me
359 2868 447 2896 11011
477 2856 604 2896 habet
638 2855 884 2908 quidquam.
919 2869 938 2891 ›>
977 2854 1146 2903 Glossa,
1182 2855 1240 2895 ibi
1275 2870 1282 2896 :

265 2941 284 2965 (ι
305 2926 447 2967 Noluit
468 2926 515 2979 (b)
540 2926 741 2967 Dominus
759 2927 916 2966 habere
935 2926 1047 2978 quod
1067 2926 1283 2979 perderet3

252 3009 414 3050 pauper
451 2997 594 3046 venit,
635 3009 689 3037 ne
726 2997 902 3037 haberet
939 2996 1130 3037 diabolus
1167 2998 1279 3049 quod

249 3068 445 3108 auferret.
480 3082 498 3105 1)
525 3068 553 3090 ¹²
582 3067 671 3107 «Et
702 3067 777 3107 lux
796 3068 840 3106 in
861 3067 1046 3107 tenebris
1075 3066 1217 3117 lucet,
1242 3070 1283 3107 et

248 3139 436 3179 tenebrae
457 3149 557 3178 eum
576 3149 663 3177 non
682 3138 1114 3190 comprehenderunt,
1138 3152 1156 3174 ›)
1179 3139 1279 3190 quia

291 3246 296 3262 ¹
320 3243 411 3276 Psal.
440 3251 566 3284 va¹11,
588 3246 618 3275 3.
642 3260 676 3265 -
699 3243 712 3264 2
733 3243 819 3284 Lucu,
840 3251 881 3284 11,
899 3246 929 3275 7.
949 3261 989 3268 -—
1015 3243 1028 3265 ὃ
1045 3244 1134 3282 Luc„
1158 3251 1205 3284 lx,
1228 3246 1278 3275 58.

247 3308 288 3316 -—
307 3292 320 3314 δ
338 3293 459 3332 Marc„
478 3299 527 3331 x1,
551 3291 601 3323 11.
623 3307 664 3314 -
683 3291 696 3312 ⁸
715 3290 805 3323 Psal.
825 3299 906 3329 xxx,
929 3294 979 3322 11.
1000 3307 1040 3313 —
1061 3291 1073 3309 ὓ
1094 3290 1182 3322 Ρεαί.
1202 3299 1279 3331 CXL,

246 3342 298 3370 10.
335 3357 374 3363 —-
412 3340 423 3358 ⁷
463 3338 576 3380 Zach„
606 3346 661 3380 11,
695 3340 725 3370 9.
757 3355 796 3361 —
828 3339 838 3357 Β
871 3339 951 3377 isa„
996 3344 1078 3377 Lm,
1117 3339 1155 3377 8,
1182 3340 1213 3369 5,
1244 3355 1283 3361 —

245 3381 257 3398 ⁰
279 3386 398 3428 Ecclz‘„
420 3395 516 3427 xxxi,
543 3387 574 3418 2.
601 3403 641 3409 -
661 3386 688 3408 ¹⁰
712 3387 793 3425 Isa.,
820 3393 897 3424 L111,
923 3387 954 3417 3.
972 3401 1012 3407 —
1039 3384 1064 3406 ¹¹
1083 3385 1190 3422 Jocm.,
1212 3393 1282 3425 xiv,

245 3429 298 3464 30.
318 3449 357 3458 -
380 3435 402 3457 ¹²
421 3435 530 3475 Jocm„
559 3441 589 3475 1,
609 3435 638 3466 5.
662 3449 702 3458 --
730 3433 754 3456 ¹³
774 3433 851 3472 lsa„
876 3439 982 3471 Lxui,
1011 3433 1042 3463 3.
1065 3448 1100 3455 -—
1132 3431 1155 3454 ‘b
1171 3432 1280 3471 Joan„

594 161 867 203 EXPOSITIO
897 161 949 201 ΙΝ
979 158 1423 201 LAMENTATIONES
1453 158 1694 201 JEREMIAE
1724 154 2032 198 PROPHETAE.

1349 248 1401 288 ad
1431 248 1596 288 nullum
1626 250 1844 299 peccatum
1873 256 1972 284 eum
1997 243 2197 284 inclinare
2228 243 2373 295 potue-

1349 321 1466 358 runt.

1404 391 1441 427 3.
1468 387 1572 428 Item
1586 397 1663 438 pro
1676 384 1798 426 tertio
1813 384 2004 436 sequitur
2018 384 2149 436 Aleph
2165 396 2179 425 .·
2198 385 2378 426 Tantum

1349 460 1398 499 in
1417 469 1500 508 me,
1521 458 1563 497 id
1595 459 1657 497 est
1690 455 1927 503 Christum,
1962 465 2038 506 pro
2068 466 2162 494 mea
2181 455 2376 506 redemp-

1350 528 1465 568 tione
1487 543 1495 568 :
1520 529 1647 570 vertit
1667 531 1704 568 ec
1724 526 1930 568 convertit
1949 535 2124 566 manum
2145 535 2284 575 suam,
2306 525 2381 565 fla-

1351 598 1547 649 gellando
1566 609 1642 650 pro
1674 587 1851 636 humani
1879 595 2047 647 generis
2075 595 2375 647 redemptione.

1352 668 1448 709 ldeo
1477 668 1574 708 dicit
1603 681 1611 708 :
1648 667 1830 709 Tantum
1860 667 1909 707 in
1938 676 2025 715 me,
2059 665 2159 717 quia
2191 665 2308 705 nulla
2343 665 2382 705 ei

1352 742 1594 791 comparata
1629 743 1691 778 est
1725 739 1920 777 creatura
1958 737 2002 776 in
2039 734 2284 776 redimendo
2314 734 2342 756 ¹³
2370 746 2379 774 :

1358 825 1377 849 c(
1398 810 1598 850 Torcular
1621 810 1776 849 calcavi
1796 808 1927 858 solus,
1949 810 1990 848 et
2008 807 2059 848 de
2081 805 2283 857 gentibus
2296 817 2384 845 non

1353 883 1414 921 est
1431 881 1499 922 vir
1518 892 1702 920 mecum.
1716 894 1735 916 1)
1760 880 1904 929 Vertit,
1921 878 2071 930 inquit,
2089 881 2128 919 et
2142 875 2350 918 convertit
2367 888 2382 913 .-

1353 951 1478 992 vertit
1517 950 1796 1002 flagellando;
1839 949 2047 990 convertit
2085 947 2177 988 aliis
2219 947 2263 986 in
2305 945 2386 986 hoc

1353 1022 1562 1074 parcendo
1594 1024 1636 1061 et
1668 1020 1974 1061 subveniendo.
2010 1019 2113 1061 Tota
2133 1018 2228 1066 die,
2265 1029 2384 1069 pere-

1357 1092 1609 1143 grinationis
1632 1091 1783 1131 Christi
1804 1091 1847 1130 in
1867 1090 2015 1139 terris,
2051 1090 2157 1129 sicut
2189 1089 2246 1128 ibi
2278 1087 2385 1128 acci-

1354 1164 1469 1215 pitur
1502 1162 1589 1202 dies
1619 1163 1646 1186 ¹¹·
1685 1176 1693 1201 :
1730 1177 1748 1199 α
1769 1161 1833 1201 Μ6
1862 1162 2024 1213 oportet
2061 1159 2226 1212 operari
2262 1169 2389 1211 opera

1356 1234 1469 1284 ers,
1492 1232 1566 1284 qui
1596 1231 1710 1271 misit
1732 1243 1825 1281 me,
1851 1230 1984 1270 donec
2003 1229 2092 1270 dies
2112 1232 2188 1270 est.
2224 1243 2243 1266 ›>
2282 1227 2388 1268 lllud

1356 1304 1483 1344 etiam
1500 1303 1551 1343 de
1566 1302 1730 1342 Christo
1744 1302 1905 1341 ratione
1919 1301 2211 1341 membrorum
2232 1299 2388 1351 exponi

1357 1375 1512 1426 potest,
1531 1373 1577 1411 -in
1597 1383 1703 1423 quos
1724 1374 1892 1411 tantum
1913 1370 2039 1412 vertit
2067 1381 2245 1410 manum
2265 1368 2388 1409 casti-

1357 1444 1513 1496 gando,
1536 1446 1576 1483 et
1595 1442 1802 1483 convertit
1821 1441 2062 1483 miserando
2087 1456 2094 1481 :
2117 1441 2162 1481 in
2182 1440 2389 1493 quosdam

1359 1516 1492 1556 malos
1512 1515 1715 1567 reprobos
1739 1515 1867 1555 vertit
1902 1526 2076 1553 manum
2105 1512 2360 1564 flagellando
2375 1544 2384 1562 ,

1358 1586 1429 1626 sed
1447 1598 1533 1626 non
1553 1585 1785 1634 convertit,
1818 1586 1863 1624 in
1889 1587 2024 1624 morte
2055 1583 2195 1635 potius
2226 1593 2389 1633 aggra-

1358 1656 1512 1696 vando.
1549 1660 1577 1681 15
1623 1654 1972 1695 «Tantummodo
2006 1665 2083 1694 vos
2116 1652 2302 1705 cognovi
2339 1665 2392 1693 ex

1359 1726 1557 1767 omnibus
1584 1725 1907 1776 cognationibus
1928 1728 2052 1765 terrae
2077 1736 2086 1764 :
2111 1723 2266 1764 idcirco
2287 1723 2389 1763 visi-

1359 1798 1456 1838 tabo
1477 1808 1604 1848 super
1625 1808 1699 1836 vos
1719 1807 1866 1836 omnes
1891 1795 2135 1847 iniquitates
2160 1796 2337 1835 vestras.
2365 1807 2385 1831 ›>

1361 1868 1390 1893 ¹⁶
1412 1882 1430 1906 ε(
1451 1867 1606 1909 Omnes
1626 1866 1698 1918 qui
1727 1866 1795 1918 pie
1816 1865 1965 1906 volunt
1984 1865 2129 1906 vivere
2157 1864 2203 1904 in
2221 1863 2392 1915 {Christo

1360 1938 1475 1989 Jesu,
1497 1936 1833 1990 persecutionem
1855 1935 2083 1987 patientur,
2104 1950 2122 1973 »
2151 1938 2228 1975 etc.

1414 2012 1454 2048 4.
1480 2007 1596 2049 Beth.
1639 2007 1885 2054 Vetustam,
1908 2009 1985 2047 etc.
2018 1993 2249 2058 Postquam
2279 2007 2392 2047 noti-

1361 2078 1504 2118 ficavit
1523 2076 1754 2117 summarie
1776 2076 1929 2116 Christi
1949 2076 2296 2127 exinanitionem,
2323 2077 2392 2117 hic

1363 2148 1505 2189 subdit
1523 2148 1867 2200 compendiosam
1896 2146 2125 2198 quamdam
2146 2147 2181 2198 ej
2191 2157 2239 2186 us
2259 2146 2394 2199 expli-

1364 2219 1586 2259 cationem.
1602 2218 1652 2258 Et
1672 2218 1810 2270 primo
1826 2216 2065 2257 manifestat
2084 2228 2172 2256 sua),
2189 2217 2394 2268 passionis

1363 2290 1654 2330 necessitatem
1669 2320 1678 2338 ‚
1698 2289 1810 2341 quod
1829 2288 2012 2340 pertinet
2030 2288 2082 2328 ad
2099 2288 2273 2328 tertium
2296 2301 2392 2329 ver-

1364 2373 1457 2402 sum
1480 2361 1750 2413 praemissum
1775 2374 1782 2400 :
1812 2360 1993 2401 Tantum
2016 2359 2065 2400 in
2097 2370 2183 2409 me,
2207 2362 2301 2409 etc.;
2325 2372 2393 2401 se-

1364 2430 1501 2471 cundo
1540 2430 1727 2485 notificat
1754 2429 1959 2481 passionis
1996 2440 2083 2469 suae
2117 2428 2395 2480 multipHcem

1363 2501 1634 2541 acerbitatem
1653 2514 1661 2540 :
1681 2499 1934 2550 AEdz'ficavz't
1953 2501 2001 2541 in
2020 2510 2140 2552 qyro,
2162 2503 2257 2550 etc.;
2271 2501 2396 2542 tertio

1363 2573 1455 2623 ejus
1464 2570 1871 2611 consummationem
1886 2584 1895 2610 ε
1912 2571 1963 2611 In
1973 2570 2215 2620 tenebrosi&
2229 2573 2307 2611 etc.
2320 2570 2397 2612 Ne-

1363 2641 1533 2681 cessitas
1541 2643 1685 2680 autem
1697 2640 1919 2680 dominicae
1928 2640 2135 2692 passionis
2145 2652 2198 2680 ex
2213 2641 2294 2681 hoc
2302 2641 2394 2691 fuit,

1363 2711 1462 2763 quia
1478 2711 1505 2735 ¹⁷
1531 2721 1745 2750 «omnes»
1780 2710 1848 2749 alii
1877 2709 2239 2760 «declinaverunt,
2266 2710 2395 2751 simul

1362 2781 1530 2821 inutiles
1553 2780 1647 2820 facti
1669 2783 1782 2830 sunt,
1803 2795 1822 2817 ›)
1846 2781 1955 2820 sicut
1975 2780 2156 2821 ostendit
2174 2781 2219 2820 in
2241 2780 2395 2833 triplici

1363 2852 1596 2893 differentia
1623 2852 1848 2892 hominum
1877 2867 1885 2892 :
1920 2855 2128 2904 quantum
2152 2852 2203 2892 ad
2235 2853 2393 2892 statum

1361 2924 1580 2974 laicorum,
1604 2923 1676 2974 qui
1698 2935 1771 2975 per
1793 2923 1958 2975 pellem,
1985 2934 2082 2975 quae
2103 2922 2292 2963 exterius
2311 2926 2389 2973 est,

1361 2994 1630 3045 intelligitur3
1653 2995 1862 3045 quantum
1878 2993 1930 3034 ad
1948 2995 2105 3033 statum
2122 2993 2389 3042 clericorum,

1361 3064 1434 3116 qui
1454 3063 1631 3104 interius
1651 3066 1773 3113 sunt,
1801 3066 1841 3103 et
1868 3075 1943 3115 per
1970 3074 2138 3102 carnem
2161 3062 2392 3114 designan-

1360 3136 1449 3183 tur;
1471 3136 1513 3174 et
1532 3137 1742 3186 quantum
1774 3133 1825 3173 ad
1851 3135 2009 3173 statum
2040 3132 2329 3185 apostolorum
2351 3138 2391 3175 et

1359 3204 1697 3257 praedicatorum,
1711 3203 1786 3255 qui
1803 3215 1878 3255 per
1895 3214 1990 3243 ossa
2008 3202 2268 3254 figurantur.
2285 3204 2390 3245 Dicit

1359 3326 1414 3358 1x,
1439 3318 1470 3348 4.
1501 3333 1541 3339 -
1564 3316 1605 3348 ,1⁵
1633 3315 1746 3355 Amos,
1769 3322 1823 3353 111,
1845 3316 1876 3345 2.
1897 3329 1936 3338 —
1961 3314 1986 3336 1⁶
2012 3315 2039 3346 11
2068 3314 2164 3355 Tim„
2194 3323 2247 3357 111,
2278 3318 2328 3348 12.
2348 3333 2388 3340 -—-

1364 3364 1388 3384 ¹⁷
1406 3363 1496 3395 Psal.
1519 3369 1597 3401 xm,
1613 3363 1644 3394 3.

1401 3429 1445 3470 (α)
1468 3428 1547 3461 Coet.
1568 3426 1648 3459 edit.
1668 3425 1743 3460 add.
1764 3425 1831 3458 vel.
1848 3442 1887 3450 -
1909 3425 1952 3467 (b)
1972 3426 2055 3458 Caet.
2075 3426 2157 3459 edit.
2175 3427 2300 3461 Voluit.
