2587 3845
1205 151 1374 195 CAPUT
1403 153 1454 194 ΙΙ.

266 244 591 300 protractionem
621 254 763 293 suam3
797 254 824 285 α
842 243 973 295 facie,
999 241 1043 283 id
1073 243 1156 292 est,
1177 254 1288 295 prae-

265 316 410 366 sentia,
428 315 612 366 inimici,
634 317 683 355 ut
701 314 830 355 libere
849 315 986 366 posset
1005 313 1051 353 in
1069 324 1140 353 eos
1162 312 1290 353 desee-

264 389 368 430 vire.
389 389 445 432 Ec
464 388 678 430 succendit
699 389 747 430 z'n
767 386 912 437 Jacob,
932 386 973 426 id
996 388 1069 436 est,
1089 388 1203 426 terra
1221 386 1292 427 Ju-

262 461 450 502 daeorum
465 492 476 512 ,
503 461 629 513 quasi
651 462 789 513 {qnam
813 459 998 510 flammae
1018 457 1285 507 devorcmtz'S,

260 534 303 575 id
322 537 398 585 est,
420 535 724 584 consumentis,
746 535 795 575 in
815 543 942 586 yyro,
966 532 1012 572 in
1031 531 1211 571 circuitu
1229 530 1290 571 Je-

260 607 443 647 rusalem
460 621 470 656 ;
490 606 632 659 quasi:
654 605 761 646 sicut
775 604 886 656 ignis
900 615 1100 644 accensus
1113 602 1196 643 late
1209 615 1288 643 va·-

262 680 410 729 gatur,
434 680 474 718 et
493 677 707 719 consumit
725 676 881 718 omnia:
906 675 964 716 sic
980 675 1169 716 fecerunt
1186 674 1285 715 hos-

258 750 320 788 tes
338 748 598 789 Judaeorum.

310 817 568 870 Allegorice,
595 818 801 870 confregit
827 827 944 859 omne
972 827 1103 860 cornu
1132 815 1286 867 Israel,

257 888 299 934 id
320 891 396 939 est,
413 891 610 929 cornutos
629 900 727 929 suos
746 887 928 929 Ecclesia
947 888 1158 940 confringi
1175 900 1199 928 a
1219 899 1287 927 cu-

257 959 440 1014 piditatis
454 972 598 1001 amore
613 960 887 1008 lamentatur,
905 959 1059 1000 scilicet
1073 958 1282 1012 praelatos;

257 1032 446 1086 quicum
461 1032 627 1073 cornuti
647 1035 747 1072 sunt
766 1031 819 1072 ad
839 1031 1126 1072 invadendum
1145 1030 1285 1071 hostes

256 1102 511 1153 invisibiles,
538 1115 625 1144 non
650 1103 841 1144 visibiles
869 1102 1155 1155 corporaliter,
1198 1114 1286 1142 non

257 1174 408 1215 debent
436 1186 527 1215 esse
558 1176 766 1227 raptores,
800 1173 902 1226 quia
929 1172 1098 1213 nullum
1126 1171 1286 1212 animal

255 1244 414 1284 habens
441 1256 598 1285 cornua
626 1234 734 1285 vivit
764 1244 815 1285 de
844 1244 1023 1297 rapina:
1058 1254 1145 1283 non
1171 1243 1285 1283 enim

254 1314 412 1354 habent
432 1315 576 1355 dentes
596 1317 751 1355 acutos.
774 1315 892 1365 Item,
916 1326 970 1354 ex
988 1326 1174 1367 quorum
1195 1326 1285 1366 per-

252 1384 388 1425 versis
413 1385 618 1437 exemplis
637 1385 828 1437 sequitur
851 1384 1124 1437 spiritualiter
1141 1384 1187 1424 in
1208 1386 1282 1425 Ec-

252 1455 397 1507 clesia,
421 1455 627 1509 quidquid
657 1455 805 1496 accidit
830 1455 874 1496 in
903 1454 1135 1508 Synagoga
1155 1457 1283 1496 mate·

251 1526 425 1568 rialiter.

304 1597 538 1649 Moraliter,
565 1598 757 1640 diabolus
781 1598 970 1653 primum
994 1598 1216 1639 hominem
1238 1598 1282 1639 in

251 1669 321 1710 via
338 1669 507 1710 Domini
524 1669 812 1710 ambulantem
830 1671 1100 1723 sequebatur,
1116 1673 1162 1711 ut
1182 1681 1281 1710 eum

250 1743 509 1792 removeret3
532 1741 603 1781 sed
627 1753 715 1781 non
740 1741 875 1794 potuit
899 1742 951 1782 ad
974 1741 1192 1782 hominem
1219 1753 1282 1783 ac·

250 1811 417 1861 cedere,
449 1812 621 1853 dextera
649 1812 721 1853 Dei
754 1816 1003 1865 protegente
1034 1815 1075 1853 et
1110 1813 1280 1854 interci-

251 1882 390 1924 dente.
405 1883 459 1924 At
477 1895 578 1924 vero
598 1895 695 1924 cum
719 1884 846 1925 homo
865 1884 917 1925 ad
938 1884 1091 1925 diaboli
1111 1897 1281 1937 persua-

249 1953 412 1994 sionem
432 1959 487 2005 {se
515 1954 741 2006 convertit,
767 1955 907 1995 statim
934 1954 1045 1996 Deus
1062 1955 1280 1997 dexteram

248 2036 372 2065 suam
390 2037 415 2065 a
434 2025 537 2065 facie
556 2025 715 2066 inimici
739 2030 973 2068 retrorsum
990 2028 1157 2068 avertit.

302 2095 464 2137 Daleeh.
508 2096 702 2139 Telendz't
738 2108 883 2139 arcum
915 2109 1061 2150 suum,
1095 2101 1171 2140 etc.
1203 2099 1281 2141 Hic

247 2178 397 2208 versus
411 2168 582 2221 exponit
596 2168 727 2209 finem
745 2169 1022 2222 praecedentis
1037 2185 1045 2210 :
1065 2171 1133 2212 hic
1145 2172 1275 2222 enim,

248 2240 298 2278 ut
319 2237 477 2279 dictum
499 2240 585 2289 est,
613 2238 872 2281 lamentatur
901 2241 1045 2294 populi
1074 2245 1275 2295 stragem.

247 2308 299 2349 Et
310 2309 450 2362 primo
462 2309 599 2361 tangit
619 2310 739 2350 istius
759 2311 942 2352 miseriae
962 2313 1180 2366 antiquam
1199 2315 1279 2355 fac-

245 2382 334 2421 tam
365 2381 737 2422 comminationem
756 2397 766 2431 ;
802 2384 984 2425 secundo
1016 2386 1178 2437 Justam
1211 2386 1275 2426 di-

248 2450 361 2492 vinae
381 2451 616 2493 severitatis
642 2451 957 2504 diffinitionem,
987 2454 1047 2495 ibi
1072 2469 1080 2495 ε
1103 2456 1278 2498 Firma-

248 2522 333 2572 vz'c,
355 2524 453 2572 etc.;
481 2522 603 2563 tertio
622 2525 807 2575 stragem
836 2524 982 2578 populi
1009 2526 1274 2578 generalem,

248 2592 334 2634 ibi:
358 2594 415 2635 Et
440 2593 598 2636 occidit
622 2604 762 2645 omne,
785 2597 862 2636 etc.

300 2662 414 2716 Ergo
434 2665 614 2708 tetendit
629 2677 773 2708 arcum
788 2681 804 2708 .·
821 2679 967 2719 arcuS,
990 2669 1090 2721 quia
1110 2671 1278 2723 projicit

246 2734 291 2775 in
321 2734 632 2788 longinquum,
662 2737 874 2789 significat
903 2739 1276 2782 comminationem

246 2807 398 2847 factam
428 2807 566 2859 prius,
599 2808 755 2850 scilicet
785 2822 861 2863 per
889 2810 1020 2851 verba
1051 2813 1277 2865 propheta-

246 2889 359 2918 rum.
385 2878 590 2929 Telendz't,
605 2878 732 2932 quasi
751 2882 971 2932 intinicus,
993 2882 1095 2934 quia
1114 2884 1276 2926 amicus

247 2949 378 2990 tendit
412 2949 640 3002 aliquando
676 2952 729 2992 ad
760 2956 986 3005 terrorem,
1025 2966 1111 2994 non
1149 2956 1278 3008 proji-

248 3017 393 3060 ciendo
411 3020 632 3073 sagittam;
656 3022 727 3063 sed
753 3023 958 3064 Dominus
987 3025 1127 3065 emisit
1149 3026 1277 3078 sagit-

248 3091 356 3140 tam,
385 3103 554 3144 poenam
583 3093 788 3145 debitam,
819 3107 894 3148 per
922 3096 1128 3149 populum
1154 3097 1277 3139 Chal·

248 3160 466 3204 daeorum:
495 3166 536 3204 et
560 3167 718 3217 quanto
747 3166 887 3218 magis
914 3179 1065 3208 manus
1082 3170 1273 3221 retraxit,

248 3233 365 3273 tanto
392 3234 540 3275 fortius
569 3237 795 3289 percussit,
821 3240 861 3278 et
888 3239 1183 3281 vehementius
1208 3254 1276 3294 pe-

248 3304 448 3356 netravit,
484 3305 531 3347 in
567 3308 742 3350 modum
777 3310 1003 3362 sagittarii.
1037 3312 1272 3365 Firmavit,

249 3373 521 3417 immobiliter
545 3378 827 3431 decernendo,
852 3381 1097 3433 dexteram,
1123 3385 1278 3427 scilicet

251 3443 302 3485 ad
328 3447 662 3497 percutiendum.
684 3450 797 3493 Alibi
819 3452 1086 3506 significabat
1103 3454 1275 3498 dextera

2315 167 2392 205 167

1363 244 1708 297 prosperitatem3
1743 244 1813 286 hic
1843 247 1987 287 autem
2019 247 2158 299 magis
2189 252 2393 292 severita-

1362 317 1468 366 tem,
1497 316 1598 369 quia
1627 316 1774 357 fortior
1801 318 1861 357 est
1887 319 2027 357 motus
2053 318 2251 360 dexterae.
2275 320 2392 364 Unde

1363 388 1578 440 sequitur:
1618 389 1750 435 Quasi
1779 389 1932 440 hostis,
1960 389 2012 429 ad
2037 391 2388 442 percutiendum:

1363 459 1436 511 qui
1464 459 1579 499 enim
1608 459 1726 512 prius
1755 460 1906 501 dicitur
1936 461 2139 501 avertisse
2176 462 2391 505 dexteram

1361 532 1532 582 propter
1564 531 1891 572 subtractionem
1927 532 2206 583 defensionis,
2238 534 2307 574 hic
2337 535 2393 575 di-

1361 600 1470 640 citur
1489 601 1680 642 firmasse
1702 602 1932 654 dexteram,
1955 604 2111 644 scilicet
2131 607 2301 658 propter
2320 618 2392 646 as-

1360 672 1581 724 peritatem
1606 673 1920 725 flagellationis,
1950 687 2046 728 quae
2074 675 2221 716 fortior
2240 678 2325 718 est:
2347 677 2392 718 in

1360 742 1532 784 dextera
1550 756 1736 798 namque
1753 747 1956 798 potentia.
1979 748 2039 789 Et
2060 746 2232 797 occidit,
2252 747 2295 788 id
2313 751 2388 799 est,

1360 813 1490 854 occidi
1508 816 1713 867 permisit,
1734 816 1845 869 quod
1862 818 2087 869 pulchrzmz
2105 822 2196 862 erat
2215 820 2328 869 visu,
2350 819 2393 860 id

1359 888 1421 926 est
1445 886 1644 939 pulchros
1662 887 1873 938 homines,
1895 891 1934 929 et
1953 889 2151 941 pulchras
2170 890 2386 939 mulieres,

1359 957 1407 998 in
1427 957 1691 1000 tabernaculo
1712 958 1816 1009 filice
1831 960 1866 1001 S
1872 959 1957 1010 ion,
1974 959 2016 1000 id
2035 962 2109 1010 est,
2130 960 2306 1009 Judaeae,
2322 961 2392 1002 vel

1358 1027 1592 1069 Jerusalem
1614 1044 1622 1069 :
1657 1030 1777 1083 quasi
1801 1030 1846 1070 in
1869 1031 1971 1083 ipsis
1993 1030 2188 1071 domibus
2216 1031 2304 1071 suis
2323 1044 2393 1073 ne-

1359 1099 1567 1141 cabuntur
1589 1115 1596 1141 :
1627 1103 1673 1141 ut
1701 1101 1835 1141 hostis
1860 1113 1946 1142 non
1965 1101 2103 1142 solum
2124 1105 2392 1153 grassaretur

1358 1170 1410 1210 ad
1427 1171 1698 1224 rapiendum,
1721 1172 1793 1213 sed
1813 1172 1940 1212 etiam
1960 1172 2011 1213 ad
2033 1172 2388 1214 interficiendum.

1358 1240 1540 1293 Effudit,
1559 1242 1677 1295 large
1697 1246 1738 1283 et
1755 1255 1913 1293 severe,
1931 1245 2058 1296 quasi
2073 1245 2228 1297 saitem,
2245 1244 2392 1285 onmia

1358 1317 1679 1354 consumentem
1702 1315 1777 1366 (a),
1807 1314 2152 1366 incliqnatmnem
2182 1326 2326 1366 snam,
2348 1316 2391 1356 id

1357 1385 1419 1422 est
1435 1395 1626 1435 poenam,
1650 1397 1746 1437 quae
1765 1386 1941 1437 signum
1961 1388 2050 1425 erat
2070 1398 2160 1426 suae
2180 1387 2266 1427 indi
2274 1399 2390 1439 gna-

1356 1453 1495 1494 tioniS.
1532 1454 1626 1495 Non
1659 1455 1757 1496 dicit
1789 1458 1916 1509 quasi
1954 1468 2130 1509 aquam,
2166 1457 2238 1498 sed
2266 1460 2392 1510 quasi

1358 1526 1523 1578 iqnem:
1553 1539 1763 1579 aquarum
1786 1528 1899 1568 enim
1925 1528 2126 1569 violentia
2156 1528 2260 1569 solet
2289 1530 2391 1583 deJi-

1357 1609 1450 1638 cere
1481 1599 1522 1638 et
1554 1598 1755 1651 dissipare
1781 1611 1869 1640 non
1895 1600 1955 1640 ita
1981 1600 2082 1650 cito,
2114 1612 2193 1640 nec
2222 1601 2390 1653 penitus

1357 1679 1624 1719 consumere3
1661 1669 1774 1721 ignis
1805 1682 1908 1712 vero
1939 1670 2078 1712 subito
2110 1670 2313 1724 destruit,
2346 1674 2387 1714 et

1355 1739 1545 1780 funditus
1564 1742 1786 1782 consumit.

1408 1810 1633 1863 Moraliter,
1658 1813 1702 1852 in
1721 1825 1823 1854 arcu
1844 1813 2043 1855 severitas
2062 1812 2131 1855 vel
2147 1813 2387 1856 terribilitas

1356 1882 1534 1922 extremi
1565 1883 1717 1935 judicii
1752 1884 2024 1937 designatur3
2062 1885 2387 1927 tabernaculum

1355 1953 1508 1995 animae
1529 1967 1682 2007 corpus
1703 1958 1785 2007 est,
1805 1955 2129 1997 tabernaculum
2149 1957 2276 1997 etiam
2297 1958 2387 1998 ani-

1355 2039 1437 2068 mae
1468 2028 1719 2069 conscientia
1754 2031 1840 2069 est:
1872 2041 1998 2070 omne
2030 2041 2134 2082 ergo
2158 2031 2387 2083 pulchrum

1354 2099 1502 2141 occidit
1524 2101 1772 2154 utrobique,
1801 2100 1844 2141 in
1873 2113 2045 2155 corpore
2071 2114 2147 2155 per
2173 2103 2387 2144 calamita-

1353 2173 1464 2222 tem,
1490 2172 1535 2212 in
1556 2172 1809 2213 conscientia
1836 2185 1911 2226 per
1939 2174 2246 2225 cogitationum
2266 2175 2385 2216 foedi-

1353 2245 1496 2283 tatem.
1527 2242 1602 2284 Vel
1633 2246 1743 2285 certe
1779 2256 1854 2297 per
1885 2244 2110 2297 pulchrum
2143 2245 2381 2298 intelligere

1352 2325 1579 2366 possumus
1611 2314 1877 2367 disciplinam
1910 2328 2081 2357 morum
2115 2319 2155 2357 et
2186 2316 2384 2358 honesta—

1352 2388 1463 2436 tem,
1498 2398 1594 2439 quae
1625 2386 1831 2428 Dominus
1864 2388 2016 2429 dicitur
2053 2389 2261 2440 occidere,
2297 2402 2384 2430 non

1353 2457 1562 2508 cogendo,
1593 2457 1663 2498 vel
1691 2457 1827 2498 dando
1859 2458 2087 2509 malitiam,
2119 2461 2191 2501 sed
2221 2461 2383 2502 subtra-

1352 2528 1491 2568 hendo
1527 2528 1724 2580 gratiam.
1751 2528 1926 2582 Effudit
1950 2531 2078 2581 quasi
2104 2532 2241 2583 ionem
2268 2533 2384 2575 indi-

1351 2600 1619 2652 qnace'onem,
1666 2600 1767 2652 quia
1804 2600 1920 2652 iguis
1956 2613 2179 2654 nunquam
2218 2604 2379 2655 deficit,

1352 2671 1542 2723 quandiu
1579 2671 1695 2711 adest
1732 2671 1909 2712 materia
1945 2673 2281 2715 combustibilis:
2322 2676 2383 2716 sic

1351 2755 1429 2783 nec
1458 2742 1551 2782 haec
1584 2742 1829 2793 infelicitas3
1863 2743 1950 2783 imo
1983 2743 2164 2784 decursu
2200 2745 2382 2787 humani

1353 2814 1522 2867 generis
1543 2825 1680 2866 usque
1699 2813 1751 2854 ad
1771 2815 2119 2855 resurrectionem
2137 2817 2382 2867 generalem

1351 2887 1478 2927 stabit
1512 2886 1627 2927 labes
1665 2886 1823 2939 peccati
1859 2887 2096 2938 originalis.
2121 2886 2196 2928 Vel
2227 2889 2384 2931 occidit

1352 2969 1470 3001 omne
1504 2958 1729 3010 pulchrum
1761 2957 1989 3008 DominUS,
2026 2962 2257 3000 connotans
2290 2961 2383 3013 pul-

1352 3029 1635 3069 chritudinem
1675 3028 1956 3080 originalem,
1997 3029 2064 3071 vel
2101 3031 2377 3083 corporalem.

1351 3100 1521 3154 Effudz'c
1547 3101 1673 3153 quasi
1702 3101 1856 3152 iqnem,
1883 3103 1976 3152 etc„
2008 3102 2151 3143 omnia
2176 3102 2279 3145 vitia
2307 3103 2380 3143 sci-

1349 3172 1445 3213 licet
1463 3175 1796 3213 consumentem.

1405 3245 1484 3286 He.
1503 3245 1657 3286 Factus
1677 3247 1738 3286 est
1759 3243 1978 3295 Dominus,
2007 3246 2084 3285 etc.
2107 3244 2381 3286 Lamentatur

1351 3315 1595 3369 generalem
1613 3314 1923 3356 habitationum
1946 3316 2012 3369 (b),
2035 3319 2075 3357 et
2094 3316 2380 3357 habitantium

1352 3386 1651 3428 desolationem
1675 3400 1683 3426 :
1700 3386 1837 3439 primo
1851 3387 2056 3440 plangens
2069 3399 2218 3428 eorum
2230 3400 2379 3441 repro-

1395 3470 1441 3511 (a)
1451 3469 1529 3502 Coet.
1542 3468 1621 3503 edit,
1636 3469 2036 3512 consummantem-(b)
2048 3471 2129 3502 Item
2136 3469 2381 3507 habitatorum;
