2634 3853
118 2913 198 2939 Evan
203 2927 214 2932 -

79 2953 200 2987 gelium.

993 189 1267 232 EXPOSITIO
1297 190 1349 231 IN
1381 189 1493 231 CAP.
1526 189 1594 231 IV.

234 285 397 338 gruitas
415 282 461 322 in
481 280 718 322 testimonio
741 295 750 321 ε
773 279 973 334 exprimit
1005 279 1121 320 enim
1150 292 1258 332 qua-

234 360 330 397 tuor
360 353 616 394 conditiones
640 352 920 402 excellentiae,
955 363 1053 404 quae
1085 353 1184 392 sunt
1213 351 1258 391 in

233 425 449 466 Salvatore
468 427 610 465 nostro
634 437 643 464 :
666 426 729 464 est
749 424 863 464 enim
890 423 1092 463 Mediator
1106 455 1119 473 ,
1143 422 1256 463 Eru-

233 495 356 546 ditor,
376 495 604 547 Reparator
622 496 663 535 et
683 493 924 535 Retributor
942 508 952 543 3
975 495 1017 533 et
1035 493 1128 533 haec
1148 505 1254 545 qua-

232 568 329 606 tuor
378 565 652 606 insinuantur
700 564 746 604 in
789 575 983 604 sermone
1026 564 1252 616 proposito.

233 637 376 679 Primo
406 636 538 688 igitur
569 635 813 676 insinuatur
844 646 932 675 esse
961 634 1163 675 Mediator
1183 647 1258 687 per

231 709 531 750 incarnationis
564 707 815 761 mysterium
831 738 845 757 ,
873 718 971 747 cum
996 706 1094 747 dicit
1120 720 1128 747 ε
1154 706 1256 758 Spi-

232 781 343 823 ritus
359 780 537 822 Domini
555 789 680 832 super
699 789 761 819 me
770 790 788 830 ,·
800 780 972 830 propter
990 777 1104 829 quod
1123 778 1257 819 unoeit

232 862 320 902 me,
341 853 420 892 etc.
442 851 509 892 Me
537 850 796 891 demonstrat
814 848 873 888 ibi
892 859 1117 900 personam
1141 847 1259 888 Chri-

233 922 286 962 sti
304 921 350 961 in
366 923 517 961 natura
536 922 775 972 assumpta,
808 931 937 972 supra
968 931 1097 971 quam
1131 918 1260 971 Spiri-

232 995 302 1034 tus
338 993 508 1033 sanctus
543 990 779 1043 requievit,
820 989 1053 1030 secundum
1084 988 1188 1029 illud
1210 990 1220 1010 1
1248 1003 1256 1029 :

239 1063 329 1104 «Et
355 1062 589 1115 requiescet
620 1073 747 1114 super
777 1073 875 1101 eum
908 1059 1086 1112 Spiritus
1114 1059 1257 1100 Domi-

234 1134 295 1174 ni.
319 1147 338 1171 n
377 1133 428 1175 Et
456 1133 665 1175 Joannes2
693 1147 701 1172 :
735 1146 755 1169 »
779 1132 914 1184 Super
946 1142 1075 1183 quem
1103 1130 1260 1172 videris

236 1206 442 1259 Spiritum
459 1205 796 1253 descendentem,
813 1206 854 1244 et
873 1203 1116 1242 manentem
1134 1213 1260 1254 super

235 1288 361 1326 eum,
389 1276 458 1316 hic
488 1277 549 1316 est
582 1276 655 1328 qui
687 1275 895 1327 baptizat,
925 1287 944 1310 ι)
974 1274 1052 1312 etc.
1089 1272 1140 1312 Et
1167 1273 1260 1313 ideo

234 1345 332 1386 dicit
351 1345 500 1386 Petrus
521 1349 535 1370 ⁸
558 1357 568 1386 :
596 1360 614 1383 «
634 1345 716 1385 Vos
743 1345 854 1385 scitis
875 1345 989 1396 quod
1014 1345 1172 1384 factum
1199 1345 1262 1383 est

233 1415 412 1457 verbum
439 1428 515 1468 per
536 1416 781 1457 universam
807 1415 1028 1464 Judaeam3
1057 1413 1261 1465 incipiens

233 1486 347 1526 enim
363 1499 388 1527 a
408 1486 598 1538 Galilaea,
620 1489 712 1540 post
736 1486 997 1539 baptismum
1020 1485 1135 1538 quod
1156 1496 1262 1538 pree-

234 1556 388 1598 dicavit
417 1557 622 1608 JoanneS,
655 1557 799 1598 Jesum
828 1569 854 1597 a
883 1556 1089 1598 Nazareth
1106 1587 1117 1606 ,
1151 1567 1262 1608 quo-

235 1627 361 1668 modo
380 1628 505 1669 unxit
523 1640 624 1669 eum
642 1628 749 1668 Deus
763 1627 946 1680 Spiritus
965 1629 1123 1677 sancto,
1141 1640 1159 1663 »
1181 1628 1259 1666 etc.

235 1697 352 1738 Unde
380 1698 451 1738 hic
481 1700 542 1738 est
572 1697 751 1738 Sanctus
778 1699 1044 1745 sanctorum,
1074 1697 1120 1736 in
1139 1698 1262 1748 quus

234 1768 434 1809 unctione
460 1768 628 1821 impleri
659 1768 780 1809 dehet
810 1767 1032 1820 prophetia
1048 1772 1062 1794 ’ν
1095 1780 1104 1807 :
1132 1782 1151 1805 «
1183 1766 1263 1806 Im-

235 1839 401 1892 pleatur
417 1839 524 1880 visio
544 1841 584 1880 et
608 1838 848 1892 prophetia,
875 1841 916 1879 et
945 1840 1134 1890 ungatur
1153 1837 1259 1878 San-

236 1913 326 1951 ctus
358 1913 617 1951 sanctorum.
649 1923 668 1946 n
703 1909 755 1950 Et
787 1911 910 1959 nota,
933 1909 1047 1961 quod
1070 1909 1262 1949 humana

236 1983 390 2022 natura
427 1981 474 2021 in
514 1979 675 2021 Christo
720 1991 795 2031 per
833 1978 1036 2019 virtutem
1076 1979 1261 2031 Spiritus

237 2051 367 2092 sancti
399 2051 480 2091 fuit
515 2051 714 2102 concepta
735 2081 746 2100 ,
777 2051 818 2089 et
847 2061 923 2102 per
950 2051 1043 2101 eJus
1076 2049 1260 2101 gratiam

236 2123 390 2164 divinae
421 2124 586 2162 naturae
614 2121 749 2162 unita.
783 2120 834 2162 Et
865 2123 1036 2174 propter
1063 2121 1156 2162 haec
1175 2122 1260 2162 duo

236 2194 333 2234 dicit
362 2194 558 2247 spiritum
593 2193 759 2234 Domini
789 2205 917 2246 super
947 2204 1048 2233 eum
1081 2204 1190 2241 esse,
1219 2195 1261 2233 et

234 2265 429 2306 eumdem
450 2265 634 2306 unxisse.
649 2264 723 2306 Vel
737 2267 848 2305 certe
861 2264 1014 2305 dicitur
1028 2276 1117 2305 esse
1132 2277 1260 2318 super

236 2348 334 2377 eum
354 2337 564 2388 quantum
582 2335 633 2375 ad
661 2334 1078 2387 superexcellentiam
1109 2335 1259 2387 gratiae

236 2406 478 2458 singularis.
515 2406 693 2458 Propter
721 2405 833 2457 quod
864 2405 1017 2445 dicitur
1044 2406 1057 2428 r,
1086 2420 1094 2447 :
1129 2421 1148 2444 «
1166 2405 1260 2447 Non

235 2477 287 2518 ad
313 2488 559 2517 mensuram
588 2476 659 2516 dat
686 2475 795 2516 Deus
825 2476 1035 2528 spiritum.
1055 2491 1074 2513 »
1100 2477 1259 2518 Dicitur

235 2558 338 2589 vero
357 2558 456 2587 eum
481 2546 674 2597 unxisse,
702 2549 910 2599 quantum
930 2548 982 2588 ad
1008 2550 1258 2600 praerogati-

233 2632 333 2661 vam
349 2619 615 2661 sacerdotalis
631 2622 672 2660 et
686 2619 896 2672 regularis
910 2620 1138 2672 dignitatis.
1157 2622 1257 2663 Haec

233 2691 464 2744 respiciunt
488 2693 748 2744 assumptam
775 2693 973 2732 naturam
1001 2693 1046 2732 in
1066 2693 1254 2744 Christo;

234 2765 275 2804 et
305 2763 696 2816 praefigurabantur
722 2764 776 2814 (α)
804 2763 851 2803 in
876 2764 1072 2806 unctione
1099 2777 1254 2818 regum

235 2836 275 2875 et
295 2834 560 2875 sacerdotum
578 2833 622 2873 in
641 2833 774 2874 veteri
792 2835 1058 2875 testamento.

289 2904 483 2945 Secundo
524 2904 766 2944 insinuatur
810 2915 898 2944 esse
940 2904 1137 2946 Eruditor
1180 2918 1256 2959 per

235 2975 544 3027 praedicationis
580 2973 875 3026 magisterium
913 2974 958 3013 in
995 2974 1074 3016 hoc
1097 3007 1107 3024 ‚
1144 2977 1257 3028 quod

238 3045 429 3096 sequitur
459 3060 469 3086 ι
506 3044 813 3098 Evangelizare
846 3045 1107 3097 pauperibus
1138 3047 1259 3090 misit

239 3124 302 3155 me
325 3126 339 3154 .·
363 3115 636 3168 evangelium
660 3127 846 3168 namque
873 3117 936 3155 est
954 3116 1060 3158 bona
1076 3118 1257 3159 nuntia—

242 3184 332 3235 tio,·
363 3184 474 3225 unde
501 3185 547 3225 in
580 3187 725 3227 nostra
753 3186 1027 3228 translatione
1061 3187 1213 3229 dicitur
1245 3203 1253 3229 :

240 3253 310 3295 Ad
338 3255 686 3298 annuntiandum
712 3258 948 3302 mansuetis
973 3259 1094 3301 misit
1111 3269 1186 3301 me.
1208 3259 1259 3300 Et

280 3379 289 3399 1
318 3378 397 3418 [ςα.,
419 3384 476 3418 XI,
497 3380 526 3409 1.
547 3394 586 3401 —
608 3379 619 3397 ²
638 3380 787 3422 Joan.,1‚
809 3383 860 3414 33.
878 3399 919 3405 -
938 3382 950 3401 ³
968 3382 1055 3422 Act„
1077 3391 1111 3424 x,
1133 3384 1185 3425 37,
1205 3385 1257 3416 38.

241 3442 280 3448 —
295 3425 309 3447 ὁ
328 3425 429 3464 Dan„
449 3432 498 3465 IX,
519 3426 571 3456 24.
590 3443 630 3449 -
648 3428 661 3449 ⁵
676 3428 782 3469 Joan.‚
804 3437 858 3471 111,
878 3431 929 3462 34.
946 3447 986 3454 —
1005 3431 1016 3449 ⁰
1035 3430 1139 3472 Nan„
1158 3440 1182 3471 1,
1209 3434 1257 3464 15.

242 3489 282 3495 —
303 3474 312 3491 ⁷
335 3473 414 3513 lsa„
438 3480 504 3513 Lu,
530 3474 560 3504 7.
580 3488 621 3496 -—
640 3473 654 3495 ⁸
672 3474 807 3516 Nalm„
830 3484 863 3517 v,
885 3478 914 3509 3.
935 3494 976 3501 —
994 3479 1005 3495 ⁵·
1028 3478 1126 3519 ibid„
1152 3487 1204 3520 xi,
1228 3482 1258 3512 5.

2278 197 2351 235 311

1332 279 1433 320 huic
1447 279 1495 332 (b)
1515 278 1738 320 concordat
1749 278 1854 319 illud
1866 279 1879 300 ⁶
1893 292 1903 319 :
1914 293 1933 317 ι(
1944 279 2048 319 Ecce
2059 290 2184 332 super
2195 284 2357 323 montes

1331 350 1456 402 pedes
1503 348 1836 400 evangelizantis
1877 350 1918 389 et
1961 349 2249 389 annuntiantis
2286 363 2357 403 pa-

1332 432 1437 460 cem.
1456 434 1474 457 »
1497 419 1547 460 Et
1568 420 1707 461 Isaias
1726 420 1740 441 ⁷
1764 433 1803 459 2«
1821 418 1954 467 Quam
1976 419 2145 470 pulchri
2164 430 2291 472 super
2309 421 2352 472 (c)

1332 492 1496 531 montes
1533 490 1659 543 pedes
1691 490 1982 530 annuntiantis
2016 493 2057 530 et
2091 490 2358 542 praedicantis

1331 573 1492 613 pacem,
1506 560 1800 601 annuntiantis
1814 561 1991 610 honum,
2012 560 2281 613 praedicantis
2297 573 2360 602 sa-

1330 630 1465 672 lutem
1489 633 1498 670 l
1520 646 1538 668 ›)
1564 631 1680 671 Hanc
1700 635 1842 672 autem
1863 632 2014 672 dicitur
2040 632 2229 672 maxime
2249 644 2354 684 pau-

1331 702 1503 755 peribus
1535 702 1812 753 annuntiare,
1840 703 1941 755 quia
1973 703 2025 744 ad
2053 715 2258 756 pauperes
2292 703 2358 743 in-

1332 775 1454 815 choat
1483 786 1721 815 sermonem
1743 776 1756 797 ⁸
1785 790 1794 815 ;
1828 790 1847 813 (ι
1878 775 1993 816 Beati
2031 788 2238 828 pauperes
2280 776 2359 827 spi-

1331 846 1431 886 ritu.
1462 860 1481 883 n
1514 844 1565 885 Et
1595 857 1669 898 per
1700 857 1907 898 pauperes
1940 849 2233 898 paupertatem
2267 845 2361 886 aliis

1331 916 1577 970 praedIcavit
1597 920 1610 941 ⁹
1634 931 1643 957 ι
1678 931 1696 954 α
1717 916 1929 969 Pauperes
1951 916 2313 968 evangelizantur.
2336 932 2355 954 »

1333 988 1417 1030 Nec
1437 989 1612 1039 mirum,
1632 988 1733 1041 quia
1752 988 1904 1029 dicitur
1925 989 1953 1013 ¹⁰
1974 1000 1984 1028 ι
2011 1003 2031 1026 «
2049 987 2224 1040 Propter
2241 988 2363 1029 mise—

1332 1060 1441 1100 riam
1467 1060 1644 1113 inopum
1674 1062 1715 1100 et
1741 1059 1954 1111 gemitum
1979 1071 2219 1112 pauperum
2247 1071 2362 1100 nunc

1334 1143 1545 1183 exurgam
1566 1162 1576 1181 ,
1610 1145 1628 1168 n
1669 1133 1745 1170 etc.
1782 1129 1856 1170 His
1895 1130 2117 1170 annuntiat
2155 1130 2361 1180 salutem,

1334 1202 1434 1255 quia
1460 1200 1561 1242 alibi
1586 1201 1646 1242 ait
1665 1202 1721 1241 ¹¹:
1750 1216 1769 1240 α
1789 1200 1934 1241 Parcet
1954 1200 2131 1253 pauperi
2151 1203 2192 1240 et
2221 1201 2361 1253 inopi,

1334 1275 1374 1313 et
1394 1272 1558 1313 animas
1577 1283 1815 1324 pauperum
1840 1271 1976 1312 salvas
2001 1271 2142 1321 faciet,
2165 1285 2183 1308 n
2210 1273 2286 1311 etc.
2310 1271 2363 1312 Et

1334 1344 1505 1394 propter
1541 1342 1621 1383 hoc
1658 1341 1813 1382 dicitur
1851 1354 1876 1381 a
1909 1341 2071 1393 Spiritu
2105 1344 2146 1381 et
2183 1341 2360 1382 Domino

1335 1413 1490 1453 missus
1511 1414 1563 1453 1²:
1587 1428 1606 1450 «
1624 1412 1827 1452 Dominus
1844 1411 1953 1452 Deus
1974 1412 2088 1451 misit
2107 1424 2190 1462 me,
2213 1414 2253 1452 et
2273 1412 2362 1464 Spi-

1335 1483 1442 1524 ritus
1463 1485 1570 1536 ejus.
1590 1497 1608 1521 ))
1622 1484 1652 1507 1³
1676 1498 1694 1521 α
1706 1482 1755 1522 In
1773 1483 1854 1523 hoc
1873 1483 2068 1535 apparuit
2086 1482 2267 1523 charitas
2288 1483 2362 1522 Dei

1335 1555 1380 1594 in
1399 1554 1536 1605 nobis,
1560 1553 1764 1607 quoniam
1784 1553 1922 1594 filium
1941 1565 2068 1594 suum
2086 1553 2363 1605 unigenitum

1336 1625 1454 1665 misit
1472 1625 1596 1666 Deus.
1621 1640 1640 1663 »

1390 1696 1530 1737 Tertio
1549 1696 1793 1737 insinuatur
1814 1696 2044 1749 Reparator
2062 1708 2138 1749 per
2157 1697 2363 1749 passionis

1336 1767 1595 1817 remedium,
1618 1779 1715 1808 cum
1737 1766 1905 1807 additur
1929 1781 1937 1806 ε
1966 1767 2128 1808 Sanare
2158 1769 2363 1810 contritos

1336 1838 1458 1880 corde
1481 1852 1494 1877 .·
1515 1838 1627 1890 quod
1658 1837 1830 1890 quidem
1858 1837 2008 1878 liberat
2034 1850 2059 1878 a
2088 1838 2201 1879 malo
2226 1838 2363 1891 culpae

1336 1909 1511 1950 actualis
1530 1912 1571 1949 et
1589 1908 1812 1960 originalis
1825 1940 1835 1958 ‚
1856 1921 1881 1949 a
1901 1909 2084 1950 caecitate
2101 1910 2275 1950 rationis
2289 1942 2299 1960 ‚
2321 1912 2362 1951 et

1336 1979 1586 2021 enormitate
1603 1979 1848 2020 voluntatis.
1871 1979 2024 2032 Utique
2043 1993 2068 2020 a
2086 1980 2198 2021 malo
2218 1984 2361 2022 actua-

1335 2052 1386 2091 lis
1427 2050 1562 2104 culpae
1600 2050 1776 2101 liherat;
1813 2053 1985 2103 propter
2023 2051 2135 2103 quod
2176 2051 2328 2092 dicitur
2351 2066 2360 2092 :

1337 2121 1497 2164 Sonare
1518 2123 1719 2164 contritos
1740 2121 1884 2172 corde,
1905 2121 2020 2161 misit
2039 2121 2196 2162 scilicet
2220 2134 2288 2162 me
2311 2122 2363 2163 ad

1336 2193 1597 2234 curationem
1617 2192 1792 2233 actualis
1813 2192 1962 2245 culpae.
1987 2191 2228 2232 Necessaria
2247 2193 2362 2233 enim

1336 2266 1399 2304 est
1428 2276 1526 2304 cum
1545 2264 1739 2316 passione
1760 2263 1912 2303 Christi
1940 2263 2134 2304 contritio
2154 2263 2361 2316 poeniten-

1334 2335 1407 2375 tiae
1428 2334 1456 2356 ¹⁴
1489 2349 1498 2375 :
1537 2335 1656 2384 «Qui
1688 2337 1808 2375 sanat
1838 2334 2039 2375 contritos
2077 2335 2214 2375 corde.
2244 2350 2264 2372 »
2289 2333 2363 2375 Vel

1334 2406 1414 2446 hoc
1435 2405 1607 2455 dicitur,
1630 2405 1729 2457 quia
1757 2405 1850 2457 ipsa
1881 2405 2005 2458 culpa
2033 2405 2205 2445 actualis
2225 2407 2361 2445 totum

1333 2476 1467 2516 robur
1485 2475 1639 2516 animae
1659 2475 1818 2527 frangit
1837 2476 1865 2500 15
1883 2489 1922 2516 z«
1941 2475 2098 2527 Magna
2111 2476 2227 2517 velut
2244 2487 2361 2516 mare

1335 2547 1530 2588 contritio
1559 2548 1652 2597 tua,
1676 2561 1695 2584 ›>
1723 2549 1802 2587 etc.
1834 2545 1885 2587 Et
1913 2546 2013 2587 alibi
2032 2546 2091 2586 ¹⁶:
2121 2561 2140 2584 «
2166 2546 2358 2598 Lingua,

1334 2630 1429 2671 quae
1458 2617 1737 2658 immoderata
1764 2619 1852 2667 est,
1884 2619 2069 2658 conteret
2104 2617 2353 2670 spiritum.»

1332 2689 1499 2730 Liberat
1535 2688 1663 2729 etiam
1702 2701 1726 2728 a
1770 2687 1882 2728 malo
1929 2688 2065 2740 culpae
2105 2688 2325 2740 originalis
2346 2703 2357 2739 ;

1332 2762 1506 2814 propter
1531 2759 1645 2812 quod
1679 2759 1847 2800 additur
1871 2772 1880 2799 :
1912 2758 2150 2801 Praedicare
2177 2760 2360 2811 captivis

1333 2831 1637 2873 remissionem.
1667 2829 1833 2880 Merito,
1863 2841 1987 2870 causa
2015 2829 2235 2881 originalis
2265 2830 2361 2871 cul-

1334 2913 1428 2954 pae,
1464 2900 1683 2954 captivum
1722 2899 1988 2941 detinebatur
2026 2912 2163 2952 genus
2200 2901 2359 2941 huma-

1333 2984 1439 3014 num
1460 2984 1485 3013 a
1508 2971 1674 3012 diabolo
1704 2985 1712 3011 :
1736 2971 1764 2995 ¹⁷
1797 2969 2041 3010 «Excutere
2076 2971 2126 3011 de
2159 2971 2355 3023 pulvere,

1334 3054 1567 3095 consurge,
1601 3042 1697 3083 sede
1714 3073 1725 3093 ,
1753 3040 1999 3082 Jerusalem.
2036 3039 2161 3082 Solve
2189 3041 2359 3082 vincula

1333 3114 1428 3155 colli
1448 3114 1534 3164 tui,
1556 3113 1723 3166 captiva
1752 3112 1839 3153 filia
1869 3111 1986 3152 Sion.
2018 3112 2125 3161 Quia
2144 3111 2236 3152 haec
2260 3111 2358 3152 dicit

1322 3184 1539 3226 ‘Dominus
1566 3198 1576 3225 ε
1607 3183 1741 3225 Gratis
1775 3183 2009 3225 venundati
2041 3183 2169 3234 estis,
2201 3185 2242 3223 et
2268 3182 2357 3222 sine

1333 3305 1374 3311 —
1394 3286 1421 3308 10
1440 3285 1529 3317 Psal.
1551 3292 1600 3325 xr,
1615 3286 1696 3316 6.-
1711 3284 1736 3305 11
1758 3283 1845 3315 Psal.
1867 3291 1961 3324 mxi,
1984 3285 2033 3314 13.
2047 3300 2086 3306 —
2102 3283 2218 3321 12Isa.,
2235 3287 2355 3320 xrvin,

1338 3334 1386 3363 16.
1403 3350 1445 3356 —
1460 3332 1636 3372 131J0an.,
1648 3338 1696 3371 IV,
1709 3333 1739 3363 9.
1758 3347 1793 3352 -
1811 3330 1835 3351 1⁴
1855 3329 1947 3361 Psal.
1962 3332 2116 3369 CXLv1‚3.
2131 3328 2207 3351 —15
2227 3328 2356 3367 Τὴν-ιη,

1337 3387 1375 3420 11,
1398 3381 1448 3412 13.
1474 3397 1510 3402 —
1528 3380 1554 3401 1⁶
1570 3382 1676 3417 Prov.,
1694 3385 1750 3418 xv,
1770 3379 1800 3410 4.
1817 3378 1894 3400 -17
1913 3378 1991 3415 Isa.,
2010 3384 2070 3416 Lu,
2091 3378 2122 3407 2.

1380 3432 1420 3473 (α)
1448 3432 1530 3464 Caet.
1557 3432 1638 3464 edit.
1661 3431 1950 3473 praefigurabatur.
1972 3448 2011 3454 —
2033 3429 2076 3471 (b)
2100 3430 2182 3461 Item
2204 3427 2295 3461 hinc,
2315 3445 2356 3452 -

1338 3480 1376 3520 (c)
1392 3480 1473 3512 Item
1493 3489 1605 3521 supra.
