2634 3853
343 270 420 308 610

342 354 448 396 tavit
466 352 610 403 illum,
632 366 651 390 n
677 354 755 393 etc.
787 351 838 392 Et
868 350 960 390 ideo
994 347 1145 388 dicitur
1168 348 1177 368 ¹
1200 362 1209 387 ι
1235 361 1253 385 c(
1278 346 1365 387 IIu-

342 424 568 465 miliamini
603 424 681 465 sub
720 422 875 475 potenti
910 431 1041 460 manu
1071 418 1171 467 Dei,
1210 420 1256 457 ut
1291 428 1368 457 vos

343 495 498 536 exaltet
518 495 561 535 in
585 497 772 545 tempore
801 489 1068 532 visitationis.
1097 503 1115 525 »
1152 487 1202 528 Et
1232 488 1281 528 de
1301 487 1368 526 his

343 565 507 606 duobus
538 565 582 604 in
602 563 768 605 Psalmo
787 563 833 602 ἐ
863 560 1052 601 «Omnia
1085 569 1242 598 cornua
1272 568 1368 608 pec-

344 640 534 678 catorum
546 634 810 685 confringam
819 664 828 681 ‚
842 634 882 672 et
892 630 1193 672 exaltabuntur
1210 639 1370 667 cornua

339 708 482 760 justi.»
492 707 540 747 Et
549 706 661 759 apud
670 703 932 746 Ezechielem
943 702 994 753 ta)
1006 701 1018 722 ³
1031 715 1039 740 2
1052 716 1070 738 «
1079 699 1218 741 Scient
1228 696 1371 738 omnia

342 777 460 829 ligna
478 776 680 828 regionis,
698 775 795 828 quia
820 786 902 825 ego
924 772 1126 813 Dominus
1144 767 1370 810 humiliavi

342 849 511 900 lignum
525 847 723 896 sublime,
737 849 777 886 et
791 843 973 885 exaltavi
984 844 1154 894 lignum
1164 839 1365 881 humile.»

344 918 464 960 Ratio
481 922 624 960 autem
655 918 786 969 hujus
801 915 978 968 Justitise
1000 916 1040 954 et
1058 911 1270 965 aequitatis
1293 912 1370 958 est,

344 991 443 1043 quia
478 992 635 1043 quanto
670 988 765 1041 quis
796 986 935 1038 magis
973 998 1017 1025 se
1045 984 1225 1032 exaltat,
1258 983 1371 1021 tanto

344 1063 486 1103 minus
504 1063 685 1103 honorat
709 1060 866 1108 Deum,
889 1061 930 1098 et
957 1059 1074 1097 tanto
1107 1056 1249 1095 minus
1278 1066 1372 1093 ma-

345 1133 518 1185 gnificat
537 1132 693 1181 Deum,
715 1142 762 1170 ac
791 1141 865 1182 per
895 1129 975 1168 hoc
1004 1129 1120 1167 tanto
1152 1125 1291 1177 magis
1311 1127 1374 1164 est

345 1216 518 1244 aversus
535 1216 560 1243 a
578 1202 685 1252 Deo,
710 1205 751 1242 et
778 1201 835 1241 sic
868 1211 943 1253 per
969 1209 1230 1250 consequens
1258 1199 1374 1236 tanto

346 1274 489 1314 minus
509 1276 571 1314 est
589 1273 602 1294 ¹0
627 1288 635 1313 ι
664 1271 829 1314 «Nihili
856 1271 988 1311 factus
1019 1282 1087 1318 es,
1110 1271 1151 1309 et
1179 1280 1265 1308 non
1292 1266 1374 1307 eris

345 1345 389 1384 in
409 1347 718 1397 perpetuum.»
757 1343 937 1391 Rursus,
960 1342 1118 1394 quanto
1157 1338 1295 1390 magis
1330 1349 1374 1389 se

345 1415 515 1465 exaltat,
538 1417 654 1455 tanto
669 1413 805 1464 magis
819 1425 863 1452 se
880 1423 1009 1464 supra
1023 1411 1211 1463 seipsum
1231 1408 1373 1459 erigit,

346 1498 393 1526 ac
413 1498 488 1538 per
506 1486 587 1526 hoc
605 1487 721 1525 tanto
742 1484 882 1536 magis
902 1482 1128 1523 evanescit.
1151 1481 1201 1521 Et
1217 1481 1376 1532 quanto

347 1556 486 1608 magis
507 1556 743 1606 evanescit,
764 1557 880 1594 tanto
901 1554 996 1606 plus
1016 1565 1040 1592 a
1067 1552 1243 1593 veritate
1261 1562 1377 1591 rece-

347 1627 421 1676 dit,
443 1632 485 1667 et
502 1629 618 1667 tanto
639 1626 783 1666 minus
814 1627 891 1665 est.
933 1624 1047 1675 Ergo
1083 1624 1243 1674 quanto
1281 1621 1378 1672 quis

347 1698 488 1749 magis
507 1710 532 1737 a
552 1709 595 1737 se
616 1696 842 1744 exaltatur,
858 1696 976 1734 tanto
988 1693 1126 1743 magis
1140 1691 1375 1743 dejiciturffz

356 1783 374 1806 α
395 1768 576 1809 Elevasti
608 1779 697 1816 me,
717 1768 757 1806 et
790 1764 911 1818 quasi
941 1775 1068 1816 super
1095 1764 1269 1803 ventum
1303 1773 1379 1814 po-

349 1851 453 1880 nens
472 1838 619 1879 elisisti
649 1849 718 1877 me
742 1835 894 1878 valide.
917 1849 935 1872 »
974 1834 1190 1875 Postremo
1222 1835 1379 1885 quanto

350 1910 445 1962 quis
459 1909 598 1961 magis
617 1920 661 1948 se
675 1906 853 1956 exaltat,
874 1907 991 1946 tanto
1026 1904 1208 1956 gloriam
1241 1904 1379 1944 homi-

350 1992 456 2020 num
494 1978 636 2030 magis
665 1979 810 2018 amat:
841 1978 881 2016 et
900 1978 1059 2028 quanto
1089 1975 1207 2015 illam
1245 1975 1382 2026 magis

351 2051 635 2104 amplectitur,
656 2051 773 2089 tanto
792 2048 888 2101 plus
908 2050 971 2088 est
990 2047 1205 2099 subjectus
1226 2047 1378 2087 huma-

350 2124 416 2163 nis
449 2122 673 2171 laudibus,
705 2123 746 2161 et
773 2122 945 2172 propter
971 2119 1052 2159 hoc
1086 2121 1204 2159 tanto
1242 2119 1382 2171 magis

351 2194 578 2235 hominum
597 2203 761 2241 servus,
783 2194 823 2231 et
842 2193 960 2230 tanto
981 2190 1119 2241 magis
1139 2189 1322 2241 dejectus
1339 2189 1352 2210 ⁶
1370 2204 1378 2229 z

360 2263 702 2305 «Verumtamen
731 2264 902 2314 propter
935 2260 1052 2301 dolos
1087 2260 1263 2312 posuisti
1288 2260 1348 2300 eis
1372 2274 1380 2300 :

353 2333 539 2387 deJecisti
559 2345 645 2384 eos,
667 2333 770 2373 dum
792 2332 1090 2372 allevarentur.
1108 2345 1127 2367 »
1146 2330 1226 2371 Sed
1246 2342 1268 2370 e
1287 2342 1384 2370 con-

353 2406 501 2454 trario,
523 2406 684 2458 quanto
704 2403 801 2457 quis
821 2403 964 2454 magis
983 2414 1026 2442 se
1040 2401 1254 2451 humiliat,
1268 2403 1384 2442 tanto

354 2477 494 2529 magis
525 2476 659 2517 Deum
692 2475 874 2515 honorat
898 2479 910 2499 ⁷
936 2488 945 2514 :
976 2473 1173 2524 «Magna
1201 2472 1386 2526 potentia

354 2551 426 2591 Dei
445 2550 575 2591 solius
593 2581 604 2599 ,
624 2551 666 2589 et
685 2549 738 2589 ab
757 2547 994 2589 humilibus
1019 2547 1267 2587 honoratur.
1289 2561 1307 2584 >³
1335 2545 1386 2587 Et

355 2624 514 2676 quanto
534 2621 675 2672 magis
695 2620 828 2660 Deum
858 2619 1060 2669 honorat,
1091 2620 1208 2658 tanto
1243 2617 1386 2669 magis

356 2694 407 2734 ad
425 2694 564 2746 ipsum
587 2691 913 2744 appropinquat,
937 2702 985 2730 ac
1004 2701 1079 2742 per
1098 2689 1178 2729 hoc
1197 2690 1314 2729 tanto
1334 2688 1385 2728 ad

356 2763 606 2805 sublimiora
631 2762 836 2802 elevatur.
867 2760 1116 2800 Ambrosius
1145 2774 1153 2799 :
1180 2775 1200 2797 «
1222 2759 1387 2808 Quanto

359 2833 498 2884 magis
518 2844 561 2872 se
580 2830 778 2871 humiliat
800 2830 928 2870 homo
943 2861 956 2880 ,
984 2831 1099 2869 tanto
1118 2829 1226 2869 redit
1255 2829 1303 2868 ad
1328 2829 1389 2868 in-

357 2904 512 2944 teriora
533 2915 543 2943 ε
567 2904 609 2943 et
629 2904 787 2954 quanto
808 2901 947 2952 magis
968 2900 1146 2941 interius
1157 2899 1385 2951 colligitur,

358 2976 475 3014 tanto
504 2974 642 3014 virtus
673 2974 764 3025 ejns
796 2973 932 3024 maj0r
963 2971 1195 3012 efficitur.»
1223 2970 1388 3019 Quanto

359 3045 495 3098 igitur
514 3044 608 3098 quis
627 3043 768 3095 magis
799 3043 1052 3083 humiliatur
1068 3075 1078 3093 ,
1100 3045 1216 3083 tanto
1243 3054 1389 3082 secun-

358 3116 462 3158 dum
491 3115 716 3158 veritatem
752 3115 889 3166 maj0r
913 3113 1106 3153 efficitur.
1142 3112 1259 3153 Unde
1293 3112 1390 3152 dici-

358 3190 430 3229 tur
449 3190 462 3212 8
486 3201 496 3228 :
535 3202 554 3225 (ι
584 3184 730 3227 Virtus
760 3185 804 3224 in
833 3184 1078 3227 infirmitate
1110 3183 1342 3236 perficitur.
1363 3197 1382 3220 ))

361 3259 592 3307 Postremo,
619 3258 779 3309 quanto
806 3256 944 3308 magis
974 3254 1251 3304 humiliatur,
1274 3256 1389 3294 tanto

360 3331 628 3370 terrenorum
673 3326 855 3379 gloriam
899 3326 1042 3366 minus
1085 3325 1266 3365 aestimat
1302 3339 1310 3364 :
1350 3326 1390 3365 et

404 3461 413 3480 ¹
443 3459 452 3489 1
479 3459 583 3498 Petr„
608 3466 639 3496 V,
669 3458 700 3488 6.
726 3472 766 3480 ·-
794 3456 807 3476 2
826 3455 917 3486 Psal.
944 3462 1059 3494 Lxxw,
1089 3457 1137 3485 11.
1159 3471 1197 3477 -
1223 3454 1235 3475 ³
1258 3454 1388 3495 Ezech.⁷

364 3508 583 3545 xx·11‚24.—
602 3505 612 3523 ⁴
635 3503 733 3544 1bid.,
756 3510 879 3542 xxvul,
902 3504 952 3533 19.
975 3519 1012 3525 —
1039 3503 1049 3519 ⁵
1069 3501 1141 3540 Joh,
1161 3511 1248 3541 xxx,
1277 3504 1327 3532 22.
1349 3518 1390 3525 —

365 3554 376 3568 ⁶
396 3552 484 3584 mal.
514 3559 627 3591 Lxxu,
652 3552 702 3583 18.
729 3567 769 3574 —
795 3550 805 3568 ⁷
829 3549 949 3587 Ecca„
974 3557 1033 3588 111,
1062 3549 1114 3579 21.
1139 3566 1180 3571 —-—
1210 3550 1220 3565 '¹
1247 3549 1271 3579 11
1299 3549 1389 3587 Corn,

1068 255 1349 299 EvANGELn
1379 231 1563 296 SANcri
1597 255 1744 297 LucAE

1441 347 1599 397 quanto
1635 346 1777 387 minus
1808 359 1902 387 eam
1934 348 2136 399 aestimat,
2176 351 2293 390 tanto
2329 349 2469 401 inagis

1442 415 1572 455 calcat
1595 430 1604 455 t
1626 418 1666 456 et
1687 420 1844 469 quanto
1864 418 2003 470 magis
2037 431 2130 459 eam
2166 420 2317 470 calcat,
2352 421 2470 460 tanto

1443 486 1494 525 ad
1517 485 1764 527 sublimiora
1792 488 2034 541 surripitur,
2059 492 2099 529 et
2118 489 2176 529 ita
2194 492 2310 530 tanto
2335 491 2472 541 major

1443 555 1647 596 efficitur*
1672 571 1679 597 :
1706 573 1724 596 «
1746 557 1826 598 Pro
1854 570 1903 599 eo
1931 559 2043 611 quod
2077 546 2192 600 fuisti
2217 559 2412 600 derelicta
2432 562 2473 600 et

1443 625 1538 666 odio
1557 626 1713 678 habita,
1737 631 1777 668 et
1795 641 1881 669 non
1900 631 1990 669 erat
2002 629 2075 682 qui
2096 641 2169 682 per
2188 631 2228 670 te
2248 631 2470 679 transiret3

1445 708 1600 747 ponam
1621 699 1657 737 te
1680 698 1724 737 in
1743 699 1985 751 superbiam
2014 700 2281 750 saeculorum,
2305 703 2345 740 et
2365 712 2471 752 gau-

1444 766 1562 806 dium
1596 767 1639 807 in
1670 762 1944 819 generatione
1994 772 2034 810 et
2078 771 2413 822 generationem.
2449 785 2468 809 n

1446 835 1585 887 Igitur
1607 839 1747 878 omnis
1774 840 1910 892 quise
1937 840 2116 890 exaltat,
2145 842 2302 893 quanto
2335 841 2475 893 magis

1445 918 1489 946 se
1509 907 1688 958 exaltat,
1726 912 1841 950 tanto
1871 911 2010 962 magis
2037 923 2081 951 se
2113 910 2285 963 elongat
2304 924 2329 951 a
2355 923 2477 964 supe-

1446 978 1629 1019 rioribus
1654 994 1661 1020 :
1693 982 1733 1019 et
1760 984 1919 1032 quanto
1941 993 1984 1021 se
2006 982 2142 1033 magis
2165 981 2338 1034 elongat
2358 994 2382 1022 a
2402 994 2474 1022 su-

1446 1049 1703 1101 perioribus,
1727 1052 1845 1091 tanto
1872 1052 2012 1103 magis
2041 1051 2196 1092 recedit
2221 1053 2273 1092 ab
2306 1053 2477 1093 interio-

1446 1119 1578 1171 ribus,
1601 1133 1647 1161 ac
1664 1132 1738 1173 per
1760 1121 1840 1161 hoc
1866 1123 1982 1162 tanto
2003 1121 2143 1173 magis
2165 1122 2333 1174 subjicit
2352 1135 2396 1163 56
2415 1123 2478 1163 in-

1447 1191 1681 1231 ferioribus.
1709 1191 1826 1243 Ergo
1846 1195 2004 1244 quanto
2019 1192 2112 1244 quis
2125 1192 2265 1244 magis
2285 1193 2475 1244 effertur,

1446 1262 1561 1301 tanto
1594 1263 1733 1313 magis
1762 1263 1997 1303 secundum
2027 1263 2249 1304 veritatem
2266 1263 2475 1316 dejicitur,

1449 1335 1490 1372 et
1509 1333 1742 1374 secundum
1765 1333 1960 1374 divinum
1977 1334 2188 1386 judicium
2200 1337 2263 1375 est
2282 1335 2481 1388 deiicien-

1450 1405 1544 1445 dus.
1566 1404 1616 1446 Et
1630 1418 1652 1446 e
1672 1406 1884 1446 contrario
1899 1437 1911 1456 ,
1943 1406 2083 1446 omnis
2111 1406 2185 1459 qui
2205 1419 2249 1447 se
2269 1407 2478 1458 humiliat,

1451 1479 1612 1529 quanto
1638 1478 1779 1529 magis
1799 1490 1842 1518 se
1866 1478 2083 1528 humiliat,
2108 1480 2223 1519 tanto
2244 1479 2384 1531 magis
2405 1491 2479 1532 ap-

1450 1548 1707 1600 propinquat
1739 1548 1790 1588 ad
1831 1549 2075 1600 superiora,
2113 1552 2154 1589 et
2190 1551 2306 1590 tanto
2345 1550 2483 1601 magis

1451 1618 1559 1658 redit
1587 1619 1639 1658 ad
1677 1618 1902 1666 interiora,
1937 1630 1986 1658 ac
2019 1620 2135 1658 tanto
2173 1620 2315 1670 magis
2355 1620 2485 1659 calcat

1451 1688 1652 1728 inferiora
1679 1702 1687 1728 ε
1712 1700 1817 1740 ergo
1853 1692 2012 1740 quanto
2052 1689 2194 1741 magis
2217 1702 2261 1730 se
2287 1690 2486 1731 humiliat

1453 1759 1531 1799 sub
1552 1758 1655 1810 Deo,
1696 1761 1811 1799 tanto
1843 1759 1982 1811 magis
2009 1759 2217 1801 exaltatur
2246 1761 2391 1803 divino
2411 1763 2486 1813 ju—

1454 1830 1576 1870 dicio.

1509 1907 1573 1944 12.
1590 1904 1765 1946 Dicebat
1784 1907 1926 1946 autem
1947 1908 1987 1946 ec
2008 1906 2062 1955 ei,
2083 1908 2160 1945 etc.
2179 1904 2408 1958 Postquam
2418 1906 2484 1946 in-

1454 1975 1655 2016 formavit
1664 1974 1864 2015 invitatos
1878 1975 1930 2016 ad
1943 1975 2191 2017 convivium
2202 1976 2403 2029 nuptiale,
2419 1976 2488 2017 hic

1456 2046 1639 2087 secundo
1658 2046 1858 2086 informat
1896 2046 2126 2087 invitantes
2161 2047 2213 2087 ad
2239 2048 2487 2089 convivium

1456 2116 1675 2157 familiare.
1706 2116 1754 2156 In
1771 2129 1856 2170 qua
1875 2116 2174 2158 informatione
2195 2118 2334 2170 primo
2354 2120 2486 2159 retra-

1457 2187 1518 2227 hit
1530 2187 1758 2228 invitantes
1771 2199 1795 2226 a
1807 2187 2038 2228 curialitate
2052 2188 2269 2228 mundana
2283 2203 2292 2238 3
2306 2189 2489 2229 secundo

1458 2257 1586 2297 allicit
1617 2258 1669 2297 ad
1707 2257 1988 2297 curialitatem
2025 2258 2237 2309 divinam,
2267 2259 2324 2298 ibi
2361 2274 2370 2299 z
2411 2259 2490 2300 Sea

1458 2340 1553 2369 cam
1575 2329 1684 2379 facis
1709 2330 1978 2379 convivium,
2001 2330 2079 2368 etc.
2104 2328 2337 2369 Retrahens
2357 2329 2491 2381 igitur

1459 2412 1483 2439 a
1503 2399 1718 2439 mundana
1738 2399 1983 2449 curialitate,
2007 2398 2088 2439 tria
2100 2398 2329 2439 introducit
2346 2398 2398 2439 ad
2414 2399 2490 2439 hu-

1454 2471 1643 2523 jusmodi
1663 2471 1950 2521 refectionem,
1974 2469 2129 2510 scilicet
2145 2469 2406 2510 occasionem
2426 2469 2491 2509 in-

1460 2542 1712 2591 ducentem,
1749 2541 2089 2582 exhortationem
2133 2540 2417 2592 erudientem,
2451 2542 2492 2580 et

1460 2612 1667 2653 rationem
1684 2612 2022 2664 persuadentem.

1514 2682 1656 2724 Primo
1670 2683 1805 2735 igitur
1824 2685 2033 2736 quantum
2063 2683 2114 2724 ad
2137 2683 2400 2724 occasionem
2427 2683 2488 2724 in—

1461 2754 1701 2805 ducentem,
1726 2754 1850 2795 dicit:
1876 2754 2046 2796 Dicebat
2065 2757 2208 2796 autem
2224 2758 2265 2797 ec
2289 2755 2329 2796 ez·
2354 2755 2429 2807 qui
2446 2765 2489 2796 se

1462 2826 1736 2869 invitaverat.
1761 2826 1848 2867 Hoc
1866 2826 1959 2867 ideo
1981 2826 2041 2866 illi
2060 2826 2243 2877 dicebat,
2265 2826 2366 2878 quia
2384 2826 2493 2867 invi-

1461 2898 1563 2938 tatio
1573 2897 1687 2937 illius
1697 2897 1809 2938 dedit
1816 2897 2079 2938 occasionem
2090 2896 2291 2950 loquendi
2305 2896 2355 2937 de
2368 2897 2493 2937 modo

1462 2967 1686 3019 invitandi,
1710 2967 1945 3009 secundum
1973 2967 2077 3008 illud
2108 2966 2398 3009 Ecclesiastici
2426 2968 2454 2991 ¹⁰
2481 2979 2492 3007 :

1471 3056 1489 3080 (ι
1503 3042 1550 3082 In
1564 3042 1703 3083 medio
1720 3042 2034 3083 insensatorum
2050 3053 2175 3083 serva
2189 3041 2370 3083 verbum
2384 3043 2491 3082 tem-

1465 3114 1571 3166 pori.
1593 3128 1612 3151 »
1638 3113 1712 3154 Vel
1730 3113 1822 3154 ideo
1850 3113 1912 3153 illi
1945 3113 2136 3164 dicebat,
2162 3114 2210 3153 ut
2239 3112 2495 3153 ministranti

1465 3183 1813 3225 sustentationem
1835 3183 2096 3236 corporalem
2128 3183 2377 3236 rependeret
2407 3183 2492 3236 spi-

1464 3254 1661 3296 ritualem
1680 3254 1982 3303 eruditionem,
2003 3255 2051 3294 ut
2070 3253 2129 3294 sic
2149 3253 2337 3296 vicissim
2357 3256 2496 3295 osten-

1464 3325 1535 3366 dat
1552 3326 1661 3366 dona
1679 3325 1825 3367 divina
1846 3336 1935 3365 esse
1961 3325 2329 3376 communicanda,
2352 3336 2496 3365 secun-

1465 3396 1568 3437 dum
1604 3396 1708 3438 illud
1736 3397 1763 3418 ¹¹
1799 3410 1807 3437 :
1831 3394 2168 3449 «Unusquisque
2198 3395 2308 3437 sicut
2339 3395 2496 3448 accepit

1465 3510 1532 3544 xu,
1554 3505 1648 3543 92*—
1677 3505 1688 3521 ⁹
1713 3503 1792 3543 Isa„
1820 3510 1881 3542 Lx,
1911 3504 1960 3534 15.
1980 3520 2021 3526 —
2047 3504 2072 3524 ¹⁰
2094 3503 2213 3544 Ecclz’.,
2236 3512 2354 3545 xxvn,
2378 3505 2428 3536 13.
2458 3521 2493 3526 -

1467 3551 1488 3571 1¹
1513 3550 1522 3580 1
1542 3551 1644 3589 Petu,
1665 3558 1711 3590 ιν,
1735 3552 1785 3582 10.
1803 3567 1842 3573 —
1864 3549 1908 3590 (a)
1926 3550 2006 3582 Coet.
2026 3551 2107 3582 edit.
2130 3551 2169 3583 Et
2189 3551 2354 3584 Ezechiel.
