2634 3853
986 217 1260 260 EXPOSlTIO
1290 220 1343 260 IN
1375 219 1488 260 CAP.
1522 219 1585 258 IX.

228 308 370 358 sibilis,
385 306 616 346 secundum
637 305 741 346 illud
763 307 774 328 ¹
790 320 829 347 :«
849 306 959 357 Sitis,
975 306 1139 356 fratres,
1161 308 1251 348 sine

227 377 416 431 querela,
443 390 462 414 ›)
483 379 560 416 etc.
595 376 820 429 Sequitur:
849 392 868 414 <‹
889 377 936 416 ln
958 376 1094 417 medio
1114 378 1250 418 natio-

225 445 290 484 nis
323 455 465 496 pravae
493 446 533 483 et
566 456 797 496 perversae,
830 445 942 484 inter
969 456 1075 496 quos
1105 444 1250 485 lucetis

225 514 331 554 sicut
360 514 589 554 luminaria
619 515 663 554 in
694 514 866 554 mundo.
902 530 920 551 n
954 513 1037 554 Nec
1068 515 1248 566 mirum,

225 585 325 637 quia
335 585 437 625 tales
449 585 767 625 conformantur
780 584 955 624 Domino
966 584 985 624 J
990 597 1063 624 esu
1072 585 1248 636 Christo,

223 655 456 695 secundum
480 655 584 695 illud
602 656 639 695 ²:
669 670 688 693 «
717 654 952 694 induamur
977 667 1096 695 arma
1123 656 1246 706 lucis,

223 725 330 766 sicut
349 726 393 765 in
411 726 477 766 die
500 726 676 766 honeste
698 725 987 773 ambulemus,
1012 737 1099 765 non
1124 726 1167 765 in
1188 739 1251 767 co-

222 797 547 837 messationibus
578 799 619 836 et
649 796 933 844 ebrietatibus.
966 810 985 832 »
1017 795 1245 848 Sequitur:

229 865 358 906 «Sed
395 866 622 907 induimini
658 866 886 906 Dominum
926 865 1070 906 Jesum
1110 866 1250 907 Chris-

220 941 330 978 tum.
353 952 372 975 ›>
389 937 481 979 Non
502 937 640 977 solum
661 937 763 987 hoc;
787 937 859 976 sed
878 936 1005 977 etiam
1025 936 1189 989 Moyses
1210 941 1250 978 et

220 1007 333 1049 Elias
363 1008 679 1061 colloquuntur,
715 1007 815 1060 quia
842 1007 886 1047 in
913 1007 1101 1047 oratione
1126 1009 1250 1049 datur

221 1079 384 1120 homini
412 1079 692 1131 intelligentia
727 1078 1040 1131 Scripturarum
1068 1083 1108 1120 et
1137 1093 1249 1133 mys-

221 1150 425 1190 teriorum
456 1150 766 1202 propositorum
783 1182 792 1200 ‚
826 1151 1060 1190 secundum
1085 1150 1190 1191 illud
1209 1152 1244 1192 ³:

227 1235 247 1258 (ι
266 1219 487 1272 Ingressus
506 1223 568 1261 est
590 1221 730 1261 Daniel
750 1221 925 1262 domum
943 1233 1078 1272 suam,
1103 1222 1244 1262 500113-

220 1303 303 1343 que
329 1291 416 1331 suis
437 1291 649 1332 indicavit*
668 1292 888 1343 negotium
902 1324 911 1340 ‚
936 1296 984 1332 ut
1007 1296 1248 1345 quaererent

219 1361 554 1402 misericordiam
575 1375 599 1402 a
618 1363 721 1403 facie
742 1363 815 1402 Dei
843 1364 935 1403 coeli
962 1376 1088 1416 super
1106 1376 1244 1404 sacra-

217 1434 361 1472 mento
380 1432 476 1473 isto.
498 1447 517 1469 »
537 1431 759 1485 Sequitur:
787 1448 805 1470 (t
821 1432 938 1473 Tunc
957 1434 1115 1474 Danieli
1136 1447 1248 1487 mys-

216 1502 370 1542 terium
395 1514 471 1555 per
494 1503 702 1544 visionem
727 1506 848 1544 nocte
867 1504 1102 1544 revelatum
1123 1508 1197 1545 est.
1222 1520 1240 1543 »

215 1572 267 1613 Et
290 1573 465 1626 Sapiens
488 1574 527 1615 4;
565 1589 584 1612 «
614 1574 792 1626 Optavi,
819 1578 860 1615 et
892 1576 1014 1616 datus
1047 1579 1107 1616 est
1138 1577 1245 1617 milii

215 1654 388 1683 sensus:
412 1643 628 1693 invocavi,
650 1646 690 1684 et
708 1644 825 1685 venit
845 1646 950 1685 mihi
973 1646 1153 1698 Spiritus
1179 1660 1242 1687 sa-

213 1712 396 1765 pientiae.
432 1712 568 1753 »Ideo
599 1716 742 1754 autem
770 1713 933 1767 Moyses
966 1718 1006 1755 et
1038 1716 1147 1756 Elias
1178 1717 1243 1757 lo-

215 1786 406 1836 quuntur
432 1797 531 1825 cum
550 1784 728 1825 Domino
754 1786 1059 1837 transfigurato
1078 1788 1130 1827 ad
1151 1801 1241 1828 cer-

212 1855 436 1895 titudinem
456 1855 648 1906 visioniS,
666 1855 780 1907 quia,
803 1859 850 1896 ut
868 1857 965 1897 dicit
981 1857 1212 1899 Richardus
1230 1874 1238 1899 :

220 1925 365 1966 «Nulli
385 1927 633 1967 revelationi
653 1926 827 1967 omnino
843 1928 1147 1969 adhaerendum
1162 1934 1239 1981 est,

212 1996 292 2036 nisi
311 2009 385 2049 per
403 1997 571 2038 Novum
592 1997 660 2038 vel
685 1996 817 2038 Vetus
836 1998 973 2040 valeat
999 2000 1241 2041 confirmari

210 2065 540 2108 Testamentum.
567 2083 586 2106 n

263 2140 327 2178 32.
352 2139 498 2180 Petrus
516 2150 612 2181 vero
638 2143 674 2182 et
694 2141 770 2192 qui
789 2151 882 2181 cum
904 2141 976 2183 illo
998 2146 1134 2192 erant,
1159 2145 1236 2183 ete.

207 2206 306 2249 Post
344 2209 747 2251 demonstrationem
792 2211 940 2262 gloriae
988 2214 1207 2265 promissae
1225 2247 1234 2264 ‚

205 2280 431 2332 subjungit
454 2281 525 2321 hic
547 2281 817 2333 Evangelista
840 2284 1236 2336 contemplationem

204 2350 515 2392 demonstratae.
539 2351 656 2391 Hanc
675 2354 820 2392 autem
839 2356 983 2393 narrat
998 2355 1096 2394 satis
1116 2356 1234 2395 suffi-

204 2420 385 2471 cienter,
426 2421 526 2473 quia
575 2421 808 2461 secundum
852 2425 1008 2462 statum
1053 2426 1236 2476 quadru-

203 2490 358 2543 plicem
390 2503 399 2530 ε
433 2491 586 2544 primo,
616 2495 824 2544 quantum
858 2493 910 2533 ad
941 2493 1133 2547 initium;
1169 2510 1232 2538 se-

203 2561 357 2611 cundo,
380 2564 589 2614 quantum
603 2562 653 2602 ad
674 2574 962 2614 progressum,
982 2564 1039 2604 ibi
1063 2567 1119 2617 (v,
1142 2571 1230 2618 33):

207 2633 380 2674 Factum.
411 2636 490 2683 est,
524 2644 617 2674 cum
649 2632 909 2676 discederent
934 2635 984 2676 ab
1015 2636 1103 2687 illo,
1136 2642 1229 2689 etc.;

203 2703 340 2754 tertio,
375 2704 513 2756 quoad
533 2705 958 2756 consummationem,
979 2707 1038 2747 ibi
1069 2708 1122 2760 (v.
1141 2711 1201 2762 34)
1221 2723 1229 2749 :

201 2774 300 2816 Hoec
315 2775 548 2827 autemillo
566 2775 768 2828 loquente,
785 2779 861 2816 ete.
877 2790 886 2826 3
909 2782 1073 2829 quarto,
1090 2782 1230 2832 quoad

201 2845 544 2897 subtractionem,
576 2847 635 2886 ibi
669 2850 724 2898 (v.
759 2849 822 2897 36)
859 2860 867 2885 :
897 2849 957 2890 Ec
985 2848 1087 2891 dum
1114 2852 1231 2901 fieret

199 2926 298 2966 vox,
322 2920 399 2958 etc.
431 2917 658 2958 Sciendum
692 2918 805 2970 quod
833 2919 885 2958 ad
916 2922 1229 2973 contemplatio-

200 2998 299 3027 nem
314 2989 555 3030 divinarum
566 2989 888 3040 revelationum,
901 2996 1131 3032 occurrunt
1144 2994 1228 3035 duo

200 3058 322 3109 quasi
347 3059 393 3098 in
431 3059 638 3112 principio
673 3071 681 3098 :
716 3060 870 3100 scilicet
907 3072 1142 3111 gravamen
1174 3076 1227 3105 ex

199 3130 318 3179 parte
345 3131 525 3181 naturae,
548 3133 588 3170 et
614 3132 821 3182 juvamen
840 3142 893 3171 ex
912 3134 1030 3183 parte
1059 3135 1223 3184 gratiae.

199 3197 394 3238 Primum
413 3203 593 3251 soporat,
613 3203 653 3241 et
669 3201 903 3242 secundum
923 3202 1090 3244 excitat.

252 3267 395 3309 Primo
426 3269 572 3321 igitur,
594 3275 803 3324 quantum
833 3273 887 3314 ad
910 3285 1144 3325 gravamen
1172 3289 1223 3318 ex

240 3397 253 3418 1
272 3396 411 3438 Philip„
434 3405 482 3439 11,
503 3400 553 3430 15.
574 3416 610 3422 -
634 3400 646 3418 ²
665 3401 768 3442 Rom,
789 3410 873 3442 xm,
894 3404 1007 3436 12-14.
1029 3421 1069 3427 —
1090 3405 1103 3426 3
1122 3406 1223 3448 Dan„

199 3452 247 3483 11,
277 3445 328 3484 17,
359 3444 409 3476 19.
433 3460 475 3468 —-
498 3445 510 3464 ⁴
536 3446 627 3487 Sap„
657 3455 724 3488 v11,
749 3449 779 3479 7.
799 3466 838 3472 —
863 3450 874 3468 ⁵
901 3450 998 3490 ibid„
1026 3459 1079 3492 ix,
1108 3455 1159 3484 15.
1181 3470 1223 3477 -—-

200 3489 212 3508 e
231 3489 342 3532 Cant„
363 3499 396 3531 v,
419 3493 450 3524 2.
469 3509 510 3515 —
536 3493 545 3511 ⁷
564 3492 638 3531 Job,
663 3502 796 3535 xxxvi,
824 3499 871 3529 15.
896 3515 932 3520 —
956 3497 970 3518 Β
990 3498 1082 3537 Gen„
1105 3508 1147 3541 11,
1168 3503 1219 3536 21,

2271 227 2348 265 469
2388 209 2391 212 ’

1325 311 1442 360 parte
1462 310 1626 348 naturae
1653 306 1967 357 obdormientis,
1989 307 2141 349 dicitur
2164 324 2173 350 2
2202 311 2350 355 Petrus

1324 390 1420 421 vero
1450 383 1488 421 et
1518 379 1594 431 qui
1628 389 1721 419 cum
1751 378 1825 420 illo
1860 383 2003 429 erant,
2032 382 2203 432 pravam·
2231 387 2351 426 eram

1324 461 1466 491 somno
1495 462 1508 489 .·
1533 451 1574 489 et
1605 449 1662 488 ita
1687 460 1834 489 omnes
1865 449 2127 490 deficiebant.
2159 450 2242 491 Nec
2270 453 2351 491 mi-

1324 532 1449 570 rum,
1490 520 1589 571 quia
1632 519 1876 560 infirmitate
1923 520 2170 561 circumdati
2214 525 2348 563 erant.

1325 591 1442 631 Unde
1472 591 1656 642 Sapiens
1686 592 1699 612 5
1731 606 1738 631 ;
1776 606 1794 629 (ι
1824 591 1981 643 Corpus
2013 592 2127 644 quod
2158 603 2359 634 corrum-·

1323 662 1454 714 pitur,
1472 664 1678 713 aggravat
1692 662 1895 712 animam,
1912 665 1952 702 et
1965 665 2133 703 terrena
2148 663 2351 705 habitatio

1324 732 1523 784 deprimit
1549 743 1719 772 sensum
1749 732 1883 772 multa
1911 733 2181 784 cogitantem.
2204 748 2224 772 ›>
2247 735 2351 775 Cum

1323 803 1436 843 enim
1462 804 1613 842 natura
1638 815 1840 843 sensuum
1869 804 2126 844 exteriorum
2153 805 2353 857 impediat

1323 886 1376 914 ne
1416 874 1649 914 intellectus
1684 877 1828 914 noster
1863 875 1970 925 figat
2001 875 2170 915 oculum
2202 876 2247 916 in
2285 877 2353 917 lu-

1324 957 1422 985 men
1460 948 1683 995 aeternum⁷
1720 947 1882 996 oportet
1913 945 1959 984 in
1990 946 2351 998 contemplationis

1323 1016 1552 1069 principio,
1591 1018 1637 1055 ut
1675 1015 1821 1064 homo,
1869 1016 1988 1067 quasi
2033 1017 2296 1069 consopitus,
2328 1032 2353 1059 a

1322 1087 1514 1127 sensibus
1543 1087 1749 1126 alienetur
1778 1088 1897 1138 quasi
1928 1100 2002 1139 per
2029 1099 2240 1139 somnum,
2276 1090 2353 1141 qui

1323 1170 1409 1198 non
1446 1158 1495 1198 fit
1534 1158 1622 1198 sine
1669 1158 1919 1208 gravamine
1967 1170 2183 1199 sensuum.
2235 1159 2350 1201 Unde

1322 1230 1465 1269 anima
1501 1230 1825 1281 contemplativa
1854 1228 1867 1249 ⁶
1897 1244 1905 1269 :
1937 1229 2065 1282 «Ego
2099 1231 2277 1282 dormio,
2311 1234 2352 1272 et

1322 1312 1393 1339 cor
1423 1313 1566 1340 meum
1596 1301 1762 1351 vigilat.
1803 1315 1821 1338 (‹
1853 1300 1904 1341 Et
1933 1301 2005 1342 Job
2032 1301 2045 1322 ⁷
2075 1314 2088 1342 .·
2124 1317 2143 1340 «
2175 1302 2351 1351 Quando

1321 1371 1446 1411 irruit
1474 1383 1598 1423 sopor
1619 1384 1745 1423 super
1764 1372 1971 1421 homines,
1994 1374 2034 1412 et
2065 1372 2281 1413 dormiunt
2308 1374 2351 1414 in

1321 1442 1488 1492 lectulo⁷
1512 1445 1612 1481 tunc
1641 1442 1776 1493 aperit
1799 1454 1921 1482 aures
1952 1443 2159 1493 virorum,
2183 1446 2222 1483 et
2253 1456 2348 1484 eru-

1320 1512 1439 1552 diens
1456 1524 1543 1561 eos,
1562 1512 1734 1552 instruit.
1756 1512 1986 1564 disciplina.
2016 1528 2034 1551 <‹
2054 1513 2104 1553 Et
2124 1514 2174 1554 de
2193 1515 2273 1555 hoc
2293 1515 2352 1556 di-

1320 1583 1427 1623 citur
1442 1586 1455 1607 ⁸
1477 1594 1486 1622 :
1512 1597 1532 1621 «
1556 1583 1734 1623 Immisit
1750 1583 1953 1623 Dominus
1967 1584 2077 1624 Deus
2094 1596 2288 1637 soporem
2308 1585 2351 1625 in

1319 1654 1469 1694 Adam.
1491 1668 1510 1691 ))

1374 1725 1566 1765 Secundo
1598 1737 1715 1776 vero,
1740 1728 1947 1778 quantum
1978 1727 2029 1766 ad
2057 1728 2264 1777 Juvamen
2297 1740 2351 1768 ex

1319 1799 1435 1849 parte
1458 1797 1608 1848 gratiae
1630 1797 1863 1846 excitantis,
1886 1798 2081 1837 subditur
2104 1812 2112 1837 :
2137 1799 2191 1840 Et
2213 1799 2346 1851 eviqz'-

1319 1867 1476 1917 lantes,
1509 1868 1710 1909 viderunt
1739 1868 2000 1920 majestatem
2026 1868 2137 1920 effus,
2169 1874 2209 1911 et
2242 1868 2348 1911 duos

1317 1940 1433 1981 viros
1462 1942 1538 1992 qm·
1568 1941 1737 1982 stabunt
1763 1951 1857 1981 cum
1876 1940 1963 1982 illo.
1988 1940 2086 1980 Haec
2109 1940 2259 1992 vigilia
2285 1942 2348 1980 est

1316 2023 1391 2063 per
1409 2011 1663 2051 desiderium
1696 2014 1736 2051 et
1768 2008 1957 2051 amorem
1991 2011 2172 2062 Spiritus
2198 2010 2344 2061 sancti,

1316 2083 1549 2122 secundum
1570 2082 1673 2122 illud
1693 2082 1822 2122 Isaioe
1841 2085 1854 2106 ‘³
1872 2095 1880 2120 :
1911 2096 1929 2118 «
1946 2081 2099 2120 Anima
2126 2093 2220 2120 mea
2239 2081 2346 2120 desi-

1315 2153 1477 2194 deravit
1506 2156 1546 2194 te
1574 2153 1617 2193 in
1647 2155 1790 2202 nocte;
1826 2152 1898 2192 sed
1929 2154 1968 2192 et
1997 2151 2148 2204 spiritu
2178 2163 2272 2192 meo
2303 2151 2345 2191 in

1313 2224 1556 2277 praecordiis
1584 2225 1690 2264 meis
1721 2224 1771 2264 de
1800 2235 1925 2263 mane
1949 2222 2137 2274 vigilabo
2165 2222 2217 2262 ad
2240 2224 2296 2262 te.
2325 2236 2344 2260 ι)

1315 2295 1390 2334 Hie
1421 2297 1563 2335 autem
1592 2295 1803 2347 potissime
1829 2293 2062 2334 necessaria
2090 2295 2152 2333 est
2183 2293 2341 2345 oratio;

1313 2366 1426 2405 unde
1448 2366 1650 2406 Dominus
1668 2366 1791 2406 Petro
1811 2367 1851 2404 et
1871 2364 1991 2404 sociis
2006 2364 2033 2388 ¹0
2051 2377 2058 2403 :
2088 2363 2287 2415 «Vigilate
2304 2369 2344 2405 et

1313 2440 1441 2487 orate,
1466 2439 1514 2476 ut
1542 2449 1628 2476 non
1656 2436 1821 2476 intretis
1847 2435 1892 2474 in
1922 2435 2196 2475 tentationem
2221 2449 2230 2475 :
2256 2436 2342 2488 spi-

1310 2508 1418 2548 ritus
1437 2508 1606 2560 quidem
1625 2509 1846 2560 ‘promptus
1862 2509 1938 2558 est,
1955 2521 1974 2544 »
2000 2509 2075 2546 etc.
2099 2504 2150 2547 Et
2169 2507 2268 2546 item
2287 2508 2338 2547 ²¹:

1316 2593 1335 2614 «
1373 2577 1538 2628 Videte,
1578 2578 1777 2629 vigilate,
1828 2580 1868 2618 et
1905 2580 2043 2628 orate3
2082 2591 2101 2614 ›)
2149 2578 2290 2617 subdit
2327 2592 2335 2618 :

1316 2663 1335 2685 «
1355 2648 1472 2697 Quod
1494 2651 1636 2689 autem
1656 2648 1776 2688 vobis
1797 2648 1902 2698 dico,
1926 2648 2124 2688 omnibus
2144 2648 2256 2698 dico;
2279 2648 2337 2687 vi-

1312 2719 1455 2770 gilate.
1479 2734 1498 2757 ›)
1523 2719 1588 2760 Ad
1608 2720 1718 2760 hanc
1741 2722 1884 2759 autem
1903 2719 2097 2770 vigiliam
2125 2719 2337 2771 praecipue

1306 2802 1384 2829 nos
1422 2790 1573 2831 invitat
1603 2791 1859 2843 promissum
1892 2791 2145 2843 praemium,
2185 2803 2336 2831 secun-

1305 2860 1407 2901 dum
1429 2861 1532 2901 illud
1554 2862 1580 2883 ¹2
1603 2873 1646 2901 :(‹
1667 2860 1783 2901 Beati
1803 2862 1914 2901 servi
1930 2861 2004 2912 illi,
2025 2873 2129 2912 quos
2151 2873 2248 2901 cum
2268 2873 2337 2901 ve-

1304 2931 1414 2972 nerit
1446 2931 1663 2981 Dominus,
1684 2933 1894 2973 invenerit
1923 2932 2152 2984 vigilantes
2177 2943 2186 2969 z
2209 2943 2334 2971 amen

1303 3002 1394 3042 dico
1428 3003 1569 3054 vobis,
1591 3018 1609 3041 ›)
1644 3006 1721 3044 ete.
1757 3003 1910 3043 Invitat
1942 3003 2069 3044 etiam
2101 3002 2332 3055 praevisum

1303 3073 1556 3125 periculum,
1588 3074 1822 3115 secundum
1849 3073 1956 3114 illud
1977 3075 2006 3098 ¹³
2030 3088 2038 3113 :
2068 3088 2086 3110 (‹
2108 3072 2244 3113 Sobrii
2272 3083 2330 3112 es-

1302 3145 1387 3183 tote
1408 3146 1448 3184 et
1466 3144 1654 3196 vigilate,
1678 3144 1778 3197 quia
1799 3144 2067 3185 adversarius
2086 3145 2225 3185 vester
2244 3142 2328 3181 dia-

1304 3216 1441 3267 bolUS,
1460 3231 1479 3255 »
1507 3221 1583 3258 etc.
1607 3218 1657 3259 Et
1672 3218 1773 3258 item
1793 3217 1946 3258 dicitur
1960 3216 1987 3238 ²&
2009 3229 2046 3254 :(‹
2060 3215 2165 3255 illud
2184 3216 2326 3254 autem

1300 3287 1456 3340 scitote,
1478 3289 1681 3342 quoniam
1708 3288 1744 3329 si
1772 3289 1895 3330 sciret
1916 3285 2210 3340 paterfamilias
2241 3296 2326 3337 qua

1299 3433 1340 3439 —
1362 3419 1373 3436 ⁹
1395 3419 1472 3458 lea„
1493 3426 1588 3460 xxvi,
1610 3422 1640 3452 9.
1657 3436 1696 3443 -
1720 3421 1746 3442 ¹0
1764 3420 1901 3461 Manli„
1921 3426 2016 3457 xxvi,
2036 3419 2086 3447 41·
2105 3432 2144 3438 -
2158 3414 2320 3454 1¹Marc.‚

1298 3471 1381 3503 xiii,
1405 3467 1456 3505 33,
1477 3467 1527 3498 37.
1549 3484 1588 3489 --
1609 3468 1634 3488 ¹2
1657 3467 1731 3508 tnf.,
1755 3476 1817 3508 xix,
1845 3470 1896 3498 37.
1917 3484 1956 3489 —
1975 3465 2003 3487 ¹³
2024 3465 2033 3495 l
2056 3463 2159 3502 Patr-2
2180 3469 2212 3501 v,
2232 3462 2261 3493 8·
2282 3478 2322 3484 -

1300 3511 1322 3531 Η
1344 3511 1476 3552 Manli„
1497 3521 1591 3554 XXIV,
1612 3515 1662 3545 43.
