2634 3853
925 144 1198 186 EXPOSITIO
1227 144 1280 186 IN
1309 145 1424 187 GAP.
1454 145 1502 186 X.

153 237 359 287 lissimus3
377 236 447 278 sed
463 236 516 277 ad
529 235 823 278 declinandum
837 232 1170 286 multiloquium,

154 308 206 348 de
242 319 327 359 quo
360 306 510 347 dicitur
542 307 553 328 1
594 319 604 347 :
644 322 663 345 «
694 307 742 348 In
775 304 1044 357 multiloquio
1088 315 1172 344 non

155 376 281 417 deerit
299 376 532 428 peccatum.
558 390 577 414 »
605 376 654 416 Et
680 376 773 417 ideo
792 375 865 428 qui
886 374 972 415 odit
990 373 1178 426 loquaci-

153 448 281 487 tatem
294 477 305 495 ‚
326 446 538 498 extinguit
555 448 773 488 malitiam.
797 446 896 486 Haec
915 447 1057 485 autem
1071 444 1178 485 mul-

153 519 246 557 tum
265 518 483 559 consuevit
500 530 589 559 esse
607 518 653 559 in
672 517 920 566 viatoribus,
933 517 973 556 et
983 516 1178 568 frequen-

152 588 217 628 ter
235 589 298 628 est
323 588 485 629 occasio
517 588 847 630 contentionum.
884 586 1001 627 Unde
1029 585 1178 626 dicitur

153 656 204 698 de
228 657 443 711 discipulis
467 660 481 681 ²
502 673 511 699 :
541 674 560 698 (ι
580 659 795 712 Siquidem
824 658 868 697 in
899 657 969 699 via
993 656 1179 708 disputa-

153 730 324 779 verant,
344 730 439 782 quis
469 741 618 771 eorum
645 731 782 781 major
813 730 933 769 esset.
959 742 978 765 >³
1003 727 1179 779 Propter

153 799 267 851 quod
292 799 458 850 dicitur,
481 800 593 852 quod
619 799 772 852 Joseph
790 798 989 839 fratribus
1011 797 1180 850 profici-

154 869 364 910 scentibus
389 871 447 911 ait
473 870 487 892 ³
521 884 529 910 :
570 885 589 908 <‹
617 870 676 911 Ne
706 869 947 910 irascamini
977 868 1023 908 in
1048 869 1133 909 via.
1155 881 1173 905 ι)

155 937 399 981 Secundum
439 942 583 982 autem
629 940 891 993 spiritualem
933 938 1179 990 intelligen-

154 1009 257 1050 tiam
270 1040 280 1060 ‚
302 1011 495 1061 prohibet
512 1012 656 1063 optare
675 1010 855 1051 salutem
875 1022 972 1063 quae
989 1011 1051 1050 θεῖ
1070 1009 1153 1050 viae
1165 1040 1178 1060 ,

154 1092 241 1121 non
260 1080 438 1122 salutem
458 1093 554 1135 quae
573 1084 635 1122 est
655 1081 813 1134 patriae.
844 1081 964 1130 Quod
994 1082 1179 1131 notatur,

155 1163 254 1192 cum
272 1151 372 1192 dicit
393 1165 402 1192 z
434 1152 513 1194 Per
539 1153 671 1194 viam.
705 1151 910 1192 Omnibus
930 1151 1047 1191 enim
1071 1151 1183 1191 salus

155 1224 218 1264 est
237 1223 440 1275 optanda,
463 1222 569 1264 sicut
589 1223 741 1264 dicitur
761 1225 775 1246 ⁴
793 1222 905 1275 quod
927 1236 945 1260 α
967 1221 1075 1262 Deus
1094 1233 1184 1261 om-

155 1305 230 1333 nes
249 1293 442 1334 homines
460 1292 553 1335 vult
571 1293 709 1334 salvos
727 1292 819 1332 fieri
835 1307 844 1342 3
860 1307 877 1330 υ
903 1294 944 1332 θῖ
962 1292 1062 1342 hoc,
1083 1291 1184 1344 quia

155 1362 244 1415 ipse
262 1365 324 1403 est
354 1362 476 1404 Salus
495 1365 537 1404 et
555 1363 761 1404 Salvator.
785 1362 866 1403 Sed
886 1362 958 1402 illa
977 1362 1091 1402 salus
1108 1363 1184 1402 de-

133 1431 225 1473 ‘bet
244 1433 393 1486 optari,
416 1433 467 1475 de
498 1446 582 1486 qua
602 1433 644 1473 in
670 1432 837 1474 Psalmo
854 1432 868 1453 ⁵
892 1446 901 1472 ε
931 1447 949 1469 α
969 1431 1088 1472 Salus
1107 1444 1182 1472 au-

155 1505 241 1544 tem
255 1505 472 1556 justorum
491 1517 517 1545 a
535 1504 762 1545 Domino.»
789 1502 906 1542 Hanc
925 1514 1092 1555 semper
1109 1514 1183 1556 op-

157 1573 303 1614 tabant
321 1574 520 1626 apostoli,
542 1577 584 1615 et
610 1575 661 1615 de
684 1574 763 1614 hac
782 1574 932 1614 dicitur
953 1578 966 1599 ὅ
987 1586 996 1614 :
1026 1588 1045 1612 (ι
1064 1573 1183 1613 Ami-

158 1655 256 1684 cum
275 1644 456 1685 salutare
475 1656 561 1685 non
573 1644 890 1685 confundaris.»
907 1643 957 1684 Et
969 1643 1021 1684 ad
1038 1644 1184 1686 Roma-

159 1723 235 1756 nos
251 1714 265 1736 ⁷
293 1727 302 1754 ε
324 1713 540 1755 «Salutate
561 1714 742 1756 invicem
765 1714 809 1754 in
827 1713 970 1754 osculo
986 1716 1179 1755 sancto.»

159 1783 211 1826 Et
234 1785 279 1824 in
311 1785 470 1828 Psalmo
491 1789 504 1811 ⁸
527 1800 536 1826 :
574 1799 594 1825 <t
613 1784 677 1826 Tu
707 1797 751 1826 es
783 1784 870 1836 ipsc
901 1797 979 1825 rex
1007 1797 1127 1825 meus
1146 1788 1187 1825 et

159 1855 268 1896 Deus
288 1868 424 1908 meus,
446 1857 519 1910 qui
539 1856 713 1896 mandas
729 1855 884 1896 salutes
903 1855 1043 1896 Jacob.
1061 1870 1080 1893 ι)
1105 1856 1187 1897 Ali-

160 1929 224 1967 ter
243 1929 378 1979 potest
396 1927 571 1980 exponi,
594 1930 642 1968 ut
660 1927 821 1968 dicatur
843 1940 851 1967 :
874 1927 1095 1970 Neminem
1114 1938 1187 1979 per

161 1997 278 2038 viam
296 1997 605 2049 salutaveritis,
646 1998 689 2038 id
716 2000 797 2046 est,
825 2010 911 2038 non
937 1998 1103 2039 salvum
1123 1999 1185 2039 di-

161 2067 263 2108 catis
278 2079 394 2118 eum,
410 2069 485 2121 qui
505 2069 642 2109 adhuc
662 2068 854 2109 damnari
875 2071 1024 2120 potest,
1041 2081 1187 2122 quam-

161 2138 233 2178 diu
253 2141 315 2179 est
340 2139 385 2179 in
414 2139 499 2180 via.
535 2138 643 2179 Nam
671 2139 822 2179 dicitur
850 2139 863 2160 ⁹
893 2153 901 2180 :
945 2154 963 2176 (ι
989 2138 1069 2187 Qui
1091 2152 1186 2192 per-

161 2206 419 2247 severaverit
436 2218 573 2259 usque
592 2207 637 2247 in
651 2207 796 2258 finem,
813 2207 881 2247 hic
896 2207 1040 2248 salvus
1057 2209 1149 2249 erit.
1164 2223 1183 2247 ι)

161 2276 276 2329 Ergo
296 2276 410 2318 salus
436 2277 482 2317 in
508 2278 594 2318 fine
620 2278 725 2328 viae,
760 2290 845 2318 non
874 2278 919 2318 in
946 2278 1084 2318 medio
1117 2282 1190 2320 aut

161 2348 205 2388 in
224 2347 357 2400 capite
385 2350 447 2388 est
465 2348 660 2401 optanda.
691 2347 767 2388 Vel
794 2348 914 2388 aliter
937 2363 945 2389 :
969 2349 1189 2391 Neminem

160 2428 236 2470 per
254 2419 372 2460 viam
391 2417 706 2469 salutaveritis,
728 2418 771 2458 id
791 2420 873 2469 est,
898 2422 1069 2471 propter
1089 2431 1187 2460 con-

164 2489 342 2530 sortium
361 2488 458 2539 viae,
490 2489 562 2529 sed
591 2491 760 2542 propter
790 2490 1051 2530 consortium
1071 2490 1186 2531 vitae.

163 2559 228 2600 Ex
245 2571 332 2612 quo
357 2561 530 2612 apparet
554 2559 668 2612 quod
686 2571 773 2606 non
798 2560 862 2599 est
879 2559 992 2600 salus
1011 2560 1191 2600 homini-

163 2630 244 2671 bus
269 2632 439 2683 propter
464 2633 707 2671 sanctorum
736 2630 1057 2671 collocutionem
1075 2663 1086 2681 ,
1119 2631 1191 2672 sed

164 2703 334 2754 propter
345 2701 536 2754 ipsorum
548 2701 843 2743 imitationem.
854 2701 970 2743 Unde
978 2702 1131 2743 dicitur
1142 2703 1187 2744 ¹⁰:

171 2771 303 2813 «Non
328 2772 467 2813 omnis
494 2772 570 2825 qui
602 2773 698 2813 dicit
717 2773 851 2813 mihi:
885 2773 1090 2824 Domine,
1114 2774 1192 2815 Do-

166 2842 300 2893 mine,
319 2843 492 2883 intrabit
510 2843 554 2883 in
574 2855 762 2895 regnum
780 2844 1007 2894 coelorum3
1027 2844 1096 2885 sed
1117 2845 1191 2898 qui

165 2914 261 2954 facit
299 2913 559 2955 voluntatem
593 2915 730 2956 Patris
763 2916 847 2956 mei
887 2915 961 2968 qui
998 2916 1043 2956 in
1079 2916 1191 2957 coelis

166 2987 241 3025 est.
258 2999 277 3023 ))

219 3056 377 3109 Tertio,
409 3060 616 3111 quantum
650 3058 702 3099 ad
731 3057 1041 3098 humanitatem
1068 3058 1188 3098 exhi-

166 3127 367 3179 bendam,
381 3128 576 3181 adjungit
590 3130 646 3180 (v.
661 3128 696 3180 5)
717 3141 727 3169 ε
746 3128 797 3169 In
809 3138 1110 3180 quamcumque
1123 3128 1192 3171 clo-

209 3236 219 3257 ¹
240 3236 350 3273 Prov.‚
374 3242 417 3275 x,
440 3237 489 3266 19.
509 3250 549 3258 -
569 3235 581 3253 ²
603 3235 720 3274 Marc„
745 3242 797 3272 ix,
821 3236 871 3266 33.
892 3251 932 3258 —
953 3234 967 3255 ³
986 3234 1078 3274 Gen„
1098 3243 1191 3277 xmv,

170 3284 221 3315 18.
241 3300 282 3305 -
299 3283 313 3304 ¹·
334 3283 344 3313 1
364 3282 444 3320 Tm„
465 3282 550 3321 11,4.
570 3298 605 3303 -
629 3283 640 3300 ⁵
659 3281 747 3313 Psal.
768 3289 888 3320 xxxvi,
910 3282 961 3312 39.
981 3298 1022 3304 —
1041 3282 1054 3303 6
1071 3282 1193 3322 Ecca„

169 3336 264 3369 xxii,
294 3330 346 3360 21.
367 3344 406 3350 —
432 3329 442 3346 ⁷
463 3327 565 3367 Rom.‚
584 3335 662 3367 xvr,
690 3330 742 3360 16.
767 3345 806 3351 —
829 3329 839 3346 ³
859 3327 949 3360 Psal.
974 3336 1078 3368 XLIII,
1099 3330 1129 3359 5.
1151 3347 1192 3352 -

169 3376 183 3397 ⁹
203 3374 339 3413 Matth„
359 3382 393 3414 x,
411 3375 463 3405 22.
482 3391 523 3397 —-
547 3375 569 3393 ¹‘
587 3374 682 3413 ibid„
707 3381 773 3415 vn,
792 3376 844 3406 21.
865 3391 906 3398 —
927 3375 947 3393 ¹¹
969 3375 1050 3415 Isa„
1071 3382 1138 3414 ιιι,
1159 3376 1191 3406 7.

170 3439 209 3446 -
236 3422 267 3443 ¹2
284 3420 421 3459 Coloss„
445 3428 476 3461 1,
501 3422 551 3452 20.
578 3437 615 3443 -
639 3420 662 3442 ¹⁸
679 3421 788 3462 Joan„
811 3429 884 3462 XIV,
909 3423 960 3453 27.
984 3439 1018 3444 -
1046 3421 1072 3443 1¹·
1094 3421 1191 3462 ibid„

2195 152 2268 190 491

1246 244 1361 276 mum
1380 235 1664 286 intraveritis,
1676 237 1863 288 primum
1876 238 2007 282 dicite
2024 251 2038 280 .·
2061 242 2158 280 Paoe
2175 240 2272 280 huic

1246 303 1412 355 domu&
1442 306 1490 345 ut
1511 308 1709 358 appareat
1735 318 1809 348 vos
1839 319 1929 348 esse
1957 320 2057 349 vere
2088 308 2139 359 (a)
2160 308 2274 360 pacis

1248 377 1455 416 amatores
1466 378 1506 416 et
1516 377 1848 429 annuntiatores,
1860 378 2090 420 secundum
2102 377 2207 418 illud
2217 378 2243 399 ¹¹
2260 392 2269 416 :

1255 445 1420 494 «Quam
1436 446 1601 499 pulchri
1621 460 1746 500 super
1763 451 1928 490 montes
1944 449 2070 502 pedes
2087 459 2275 488 annuan-

1249 516 1390 556 tiantis
1410 519 1451 558 et
1464 518 1730 569 praedicantis
1748 532 1894 572 pacem
1910 525 1918 561 l
1935 535 1953 558 »
1977 520 2111 570 Quam
2130 532 2275 572 pacem

1250 586 1453 627 Dominus
1464 587 1573 638 fecit,
1585 590 1819 630 secundum
1831 591 1935 632 illud
1951 592 1981 616 ¹²
1998 606 2037 632 z«
2050 591 2277 632 Pacificans

1251 668 1325 709 per
1349 657 1602 709 sanguinem
1622 660 1757 700 crucis
1785 663 1899 713 ejiis,
1924 676 1944 700 »
1976 664 2052 703 etc.
2076 661 2279 702 Dominus

1251 727 1378 768 etiam
1409 728 1581 780 reliquit
1599 728 1629 750 ¹³
1656 740 1666 769 ε
1695 744 1713 768 (ι
1730 728 1880 771 Pacem
1911 732 2106 784 relinquo
2135 731 2276 782 vobis,

1250 809 1396 850 pacem
1425 810 1565 838 meam
1594 799 1646 840 do
1675 799 1852 841 vobis.»
1889 801 2090 843 Dominus
2110 814 2280 843 annun-

1252 869 1372 911 tiavit
1386 870 1414 894 11·
1433 881 1443 910 :
1462 884 1481 908 (ι
1499 869 1622 911 Stetit
1639 869 1757 911 Jesus
1773 871 1818 911 in
1836 873 1990 923 medio,
2012 875 2052 913 et
2071 872 2179 913 dixit
2191 872 2276 913 eis:

1254 939 1342 980 Pax
1363 939 1497 981 vobis.
1517 955 1536 978 »
1575 940 1776 981 Dominus
1799 942 2038 993 mandavit,
2071 945 2111 983 et
2133 954 2280 995 pacem

1253 1010 1564 1061 evangelizavit
1581 1042 1591 1060 ‚
1628 1011 1736 1052 sicut
1772 1012 1924 1053 dicitur
1950 1013 1979 1037 ¹⁵
2016 1027 2024 1052 z
2055 1028 2074 1051 «
2100 1012 2282 1054 Veniens

1254 1081 1561 1133 evangelizavit
1580 1094 1727 1134 pacem
1743 1083 1863 1124 vobis
1881 1084 1955 1136 qui
1972 1083 2105 1136 longe
2117 1083 2279 1133 fuistiS,

1255 1153 1295 1191 et
1314 1163 1461 1204 pacem
1481 1152 1533 1192 iis
1555 1152 1630 1204 qui
1648 1165 1792 1205 prope.
1813 1168 1832 1191 n
1858 1153 1908 1194 Et
1928 1154 2027 1206 quia.
2046 1156 2216 1207 possent
2233 1154 2283 1194 ti-

1254 1234 1369 1262 mere
1393 1235 1447 1263 ne
1469 1223 1628 1263 frustra
1647 1235 1792 1275 pacem
1820 1224 2041 1275 offerrent,
2065 1224 2157 1265 ideo
2184 1223 2282 1264 sub-

1255 1292 1315 1333 dit
1336 1293 1389 1345 (v.
1412 1294 1448 1345 6)
1475 1308 1484 1334 ε
1508 1295 1569 1336 Et
1588 1295 1628 1335 si
1647 1294 1708 1335 ibi
1724 1294 1853 1345 fuerit
1867 1294 1984 1345 filius
2002 1295 2148 1347 pacis,
2169 1293 2283 1346 pacis

1255 1365 1487 1405 secundum
1516 1366 1720 1405 aeternam
1746 1365 2077 1417 praescientiam,
2107 1365 2158 1405 de
2187 1365 2282 1418 qui-

1256 1434 1336 1474 bus
1356 1434 1509 1474 dicitur
1524 1434 1551 1456 ¹⁶
1568 1435 1682 1486 quod
1698 1434 1817 1475 Jesus
1837 1435 2070 1475 moriturus
2089 1437 2222 1483 erat,<‹
2236 1437 2284 1475 ut

1256 1504 1365 1544 filios
1385 1503 1479 1553 Dei,
1502 1504 1574 1556 qui
1595 1507 1714 1544 erant
1730 1504 1927 1557 dispersi,
1944 1508 2242 1557 congregaret.
2259 1519 2278 1543 ι)

1258 1575 1313 1616 [)θ
1340 1575 1495 1628 quibus
1522 1574 1678 1614 dicitnr
1702 1575 1729 1597 ¹⁷
1762 1588 1770 1614 ε
1801 1589 1820 1614 «
1846 1574 2053 1627 Cognovit
2081 1575 2284 1616 Dominus

1258 1646 1331 1699 qui
1350 1649 1449 1686 sunt
1470 1646 1536 1686 sui
1557 1645 1624 1695 (b).
1647 1660 1665 1683 n
1692 1645 1812 1686 Tales
1832 1649 1930 1687 sunt
1950 1646 2022 1687 filii
2041 1633 2166 1699 pacis,
2183 1647 2285 1700 quia

1258 1716 1412 1757 dicitur
1428 1716 1456 1741 ¹⁸
1483 1729 1491 1755 :
1522 1730 1541 1753 «
1560 1714 1676 1756 Beati
1697 1715 1873 1767 pacifici,
1896 1716 2099 1768 quoniam
2118 1716 2194 1756 filii
2213 1716 2284 1757 Dei

1258 1787 1574 1829 vocabuntur.»
1603 1786 1649 1826 In
1668 1786 1821 1826 talibus
1844 1786 1889 1838 (e)
1912 1786 2041 1827 habet
2059 1786 2286 1827 efficaciam

1259 1859 1439 1899 verbum
1464 1857 1796 1910 praedicationis3
1820 1859 1990 1909 propter
2009 1858 2123 1909 quod
2144 1857 2256 1898 addit
2274 1872 2282 1898 :

1260 1930 1502 1982 Requiescet
1521 1939 1647 1980 super
1668 1927 1790 1969 illam
1806 1938 1900 1979 pax·
1920 1931 2080 1978 vestra,
2100 1928 2141 1968 id
2162 1931 2242 1978 est,
2264 1940 2289 1969 a

1261 2000 1381 2042 vobis
1402 1999 1609 2039 nuntiata.
1629 1996 1743 2038 L'nde
1766 1998 1811 2037 in
1828 1998 1950 2040 Isaia
1974 1998 2028 2051 (cl)
2053 1998 2287 2039 secundum

1262 2071 1387 2111 aliam
1402 2069 1722 2110 translationem
1743 2069 1771 2093 ¹⁹
1789 2083 1828 2109 :«
1842 2068 1978 2121 Super
1997 2081 2124 2121 quem
2141 2070 2289 2122 requi-

1261 2146 1371 2183 escet
1405 2140 1578 2193 spiritus
1597 2151 1732 2190 meus,
1755 2139 1837 2179 nisi
1869 2151 1996 2192 super
2021 2139 2229 2180 humilem
2249 2142 2290 2180 et

1262 2213 1479 2266 quietum?
1495 2225 1513 2248 »
1533 2209 1769 2263 Requiescit
1780 2210 1926 2262 utique
1945 2222 2029 2262 pax
2048 2209 2200 2250 Christi
2218 2222 2291 2250 an-

1263 2283 1458 2323 nuntiata
1477 2293 1603 2333 super
1623 2280 1941 2333 praedestinatos
1959 2292 1983 2320 a
2012 2280 2114 2330 Deo,
2139 2291 2288 2320 secun-

1263 2354 1367 2394 dum
1386 2353 1490 2393 illud
1506 2353 1535 2376 ²⁰
1560 2366 1568 2391 :
1592 2366 1611 2389 ((
1631 2350 1905 2391 Crediderunt
1936 2352 2146 2403 quotquot
2171 2352 2292 2391 erant

1263 2422 1533 2477 praeordinati
1554 2422 1605 2462 ad
1625 2421 1780 2471 vitam3
1803 2437 1822 2460 ›>
1846 2424 1886 2462 et
1903 2422 1932 2445 2¹
1956 2420 2080 2463 :«Vos
2097 2433 2183 2462 non
2200 2433 2292 2462 cre-

1264 2494 1385 2545 ditis,
1406 2493 1507 2546 quia
1528 2504 1616 2533 non
1644 2492 1743 2533 estis
1772 2504 1825 2532 ex
1857 2492 2008 2534 ovibus
2040 2492 2160 2533 meis.
2183 2491 2291 2534 Oves

1265 2576 1372 2605 meae
1391 2576 1541 2605 vocem
1564 2576 1704 2604 meam
1719 2563 1912 2604 audiunt.
1935 2577 1954 2601 ›>
1977 2562 2084 2603 Utile
2104 2565 2164 2603 est
2183 2575 2290 2615 ergo

1263 2635 1381 2688 loqui
1401 2634 1695 2687 predestinatis
1714 2633 2000 2686 Evangelium
2027 2634 2140 2686 pacis
2153 2647 2163 2683 ;
2187 2634 2290 2674 utile

1265 2709 1326 2747 est
1347 2706 1473 2747 etiam
1492 2705 1608 2758 loqui
1627 2704 1830 2757 praescitis
1842 2719 1852 2754 ς
1883 2706 2103 2757 propterea
2121 2704 2286 2745 subdit:

1267 2777 1344 2820 Sin
1375 2780 1539 2826 autem,
1574 2775 1632 2817 acl
1666 2786 1738 2818 vos
1768 2778 2022 2826 revertetur,
2056 2775 2291 2816 secundum

1264 2848 1369 2889 illud
1388 2852 1418 2873 ²²
1442 2862 1482 2888 t«
1496 2846 1636 2888 Oratio
1665 2858 1760 2887 mea
1778 2846 1823 2886 in
1842 2846 1939 2886 sinu
1959 2857 2053 2886 meo
2073 2848 2290 2887 converte-

1265 2922 1349 2960 tur.
1372 2933 1392 2956 »
1423 2918 1474 2960 Et
1493 2918 1592 2968 hoc,
1615 2917 1717 2970 quia
1737 2929 1842 2970 opus
1865 2917 2031 2969 pietatis
2062 2919 2102 2956 et
2126 2916 2290 2957 miseri-

1265 2990 1418 3031 cordiae
1431 3001 1599 3042 semper
1618 2990 1679 3030 est
1697 2988 1800 3029 utile
1815 2987 2001 3038 facienti,
2017 2989 2058 3028 et
2076 2988 2128 3028 ad
2144 2987 2292 3028 facien-

1265 3063 1351 3102 tem
1383 3060 1625 3108 revertitur‚
1661 3058 1894 3099 secundum
1921 3058 2026 3099 illud
2045 3058 2105 3098 ²²³:
2135 3057 2288 3098 «Elee-

1266 3178 1331 3210 xx,
1352 3171 1403 3201 19.
1426 3185 1466 3192 —-
1494 3169 1517 3190 ¹⁵
1539 3167 1672 3208 zipha„
1695 3174 1737 3205 11,
1763 3168 1811 3199 17.
1839 3183 1878 3190 —
1907 3168 1933 3188 ¹⁶
1958 3167 2066 3206 Joan„
2094 3174 2148 3205 xi,
2173 3168 2223 3197 52.
2250 3183 2291 3189 -

1266 3217 1292 3238 1⁷
1314 3217 1340 3247 ll
1363 3216 1460 3257 Tim„
1478 3223 1516 3255 11,
1532 3216 1580 3246 19.
1598 3232 1638 3237 -
1656 3214 1679 3234 ²⁸
1697 3213 1833 3254 Mami„
1854 3221 1886 3253 V,
1907 3215 1937 3245 9.
1957 3230 1992 3236 —-
2012 3214 2032 3231 ¹⁹
2052 3214 2131 3248 Isca„
2149 3219 2242 3252 vai,
2258 3214 2289 3243 2.

1266 3281 1305 3287 -
1324 3263 1351 3286 20
1369 3263 1454 3302 Act„
1478 3269 1562 3302 xm,
1584 3262 1633 3292 48.
1659 3278 1695 3283 -
1716 3260 1740 3282 ²1
1759 3260 1869 3298 Joan„
1893 3269 1927 3300 x,
1949 3262 2000 3300 26,
2022 3261 2074 3291 27.
2094 3276 2135 3282 -
2153 3259 2179 3280 2²
2196 3257 2287 3291 Psal.

1266 3317 1384 3350 XXXIV,
1407 3311 1457 3340 13.
1477 3325 1519 3333 -
1534 3308 1562 3330 ²³
1581 3307 1701 3347 Eccli.‚
1722 3315 1807 3348 xvii,
1828 3309 1879 3339 18.

1310 3375 1354 3415 (α)
1383 3374 1462 3406 caet.
1489 3372 1570 3405 edit.
1598 3371 1673 3403 viri.
1702 3388 1737 3394 -
1770 3371 1815 3411 (b)
1843 3370 1939 3412 ναῖς.
1968 3370 2051 3411 ejus.
2073 3385 2115 3393 -
2139 3369 2179 3410 (c)
2208 3368 2287 3405 coet,

1266 3421 1347 3453 edit.
1367 3420 1437 3454 tali.
1456 3438 1491 3444 -
1515 3420 1561 3460 (d)
1588 3419 1703 3451 lsaias.
