2634 3853
80 1321 203 1349 Divisio.

1000 159 1274 201 EXPOSITIO
1305 160 1358 200 IN
1385 160 1498 201 CAP.
1529 161 1596 203 Xt.

233 261 348 300 nam,
370 247 604 289 secundum
633 247 738 288 illud
760 249 771 270 ¹
799 261 808 287 :
844 247 978 289 «Silis
996 248 1086 288 sine
1113 259 1255 300 repre-

231 319 434 361 hensione
463 318 508 358 in
540 318 678 359 medio
707 319 889 360 nationis
919 331 1062 371 pravae
1094 320 1134 357 et
1161 330 1258 370 per-

232 402 381 439 versae,
404 390 514 430 inter
533 402 639 442 quos
660 389 806 430 lucetis
832 391 939 430 sicut
967 388 1195 429 luminaria
1215 389 1257 428 in

230 460 404 512 mundo,
428 461 607 501 verbum
629 461 728 501 vitae
749 461 1020 501 continentes.
1049 473 1067 496 »
1095 459 1255 499 illumi-

227 532 347 572 nabit
368 532 493 572 etiam
518 535 558 572 te
586 532 638 572 ad
669 532 904 572 habendam
933 530 1121 570 divinam
1145 530 1256 570 noti-

226 603 344 653 tiam,
368 604 601 644 Secundum
629 603 733 643 illud
757 608 770 627 ²
793 618 801 643 z
833 618 851 640 (t
880 602 959 650 Qui
990 602 1146 641 timetis
1176 601 1253 642 DO-

226 673 407 725 minum,
447 674 612 726 diligite
649 673 792 723 illum3
835 675 875 712 et
902 672 1257 712 illuminabuntur

225 745 351 784 corda
368 748 564 786 vestra.»
598 742 855 784 illuminabit
884 743 1011 782 etiam
1036 745 1077 781 te
1108 741 1159 782 ad
1187 741 1256 783 vi-

223 813 405 855 dendam
451 814 681 855 claritatem
726 813 936 863 divinam;
998 811 1145 854 Tobias
1189 812 1202 832 ³
1243 824 1251 850 :

230 884 390 932 «Luce,
411 885 561 937 inquit,
584 884 803 938 splendida
821 883 1020 935 fulgebis,
1042 898 1061 920 »
1087 885 1163 923 etc.

277 959 343 997 37.
365 957 421 998 Et
452 967 546 997 cum
572 957 818 1008 loqueretur,
840 955 1008 1007 reflavit
1034 965 1126 995 eum
1155 954 1253 1005 qui-

223 1026 325 1067 dam
370 1026 629 1077 Pharz’soeus,
670 1030 717 1068 ut
763 1025 989 1078 pranderet
1034 1024 1149 1077 apud
1193 1035 1250 1066 se.

223 1101 454 1149 Postquam
474 1097 589 1139 Evan
597 1097 749 1149 gelista
768 1096 1078 1137 commendavit
1098 1096 1254 1147 simpli-

223 1167 391 1208 citatem
409 1167 655 1208 intentionis
678 1171 818 1218 rectae,
843 1168 883 1207 in
905 1167 984 1207 hac
1011 1169 1128 1219 parte
1153 1178 1251 1206 con-

222 1239 329 1278 futat
345 1238 607 1278 dolositatem
628 1238 908 1278 simulationis
929 1238 1144 1289 malignae.
1165 1236 1248 1277 Ha-

222 1307 292 1348 bet
312 1310 454 1348 autem
474 1320 573 1360 pars
592 1304 829 1360 ista'partes
849 1309 954 1349 duas
973 1323 981 1348 :
1004 1309 1046 1348 in
1067 1320 1250 1359 quarum

221 1378 360 1430 prima
397 1379 669 1430 praemittitur
703 1379 932 1431 increpatio
969 1378 1246 1430 duplicitatis;

220 1448 265 1488 in
283 1449 465 1489 secunda
483 1449 678 1489 subditur
697 1449 967 1489 comminatio
985 1448 1247 1498 calamitatis,

220 1518 279 1558 ibi
304 1518 317 1539 ’·
352 1531 362 1559 2
400 1519 481 1560 Sed
508 1530 572 1561 vce
599 1519 715 1561 vobis
745 1519 993 1568 Ρίιανῐεῑθίε,
1025 1522 1100 1559 etc.
1135 1518 1250 1559 Circa

220 1589 550 1642 increpationem
596 1591 871 1643 duplicitatis,
921 1591 1249 1631 introducuntur

219 1660 300 1700 tria
323 1675 332 1701 ε
356 1662 542 1713 primum
569 1664 631 1701 est
652 1661 836 1702 Judaicae
862 1661 1142 1701 simulationis
1164 1673 1249 1700 ma-

217 1731 410 1782 lignitas;
443 1732 677 1772 secundum
709 1736 771 1772 est
805 1732 1102 1784 increpationis
1135 1744 1248 1771 seve-

216 1801 342 1850 ritas3
364 1803 536 1843 tertium
554 1814 656 1843 vero
670 1802 931 1843 charitativae
952 1802 1248 1842 admonitionis

217 1872 419 1913 suavitas.
448 1872 591 1914 Primo
623 1874 773 1924 igitur,
796 1877 1003 1926 quantum
1036 1873 1088 1913 ad
1118 1873 1262 1913 simu-‚

214 1941 382 1983 lationis
403 1943 715 1995 malignitatem
732 1956 785 1984 ex
802 1948 918 1996 parte
939 1944 1156 1994 Pharisaei,
1180 1945 1243 1984 di-

215 2012 271 2053 cit
293 2027 301 2052 :
323 2013 379 2055 Ec
392 2024 487 2055 cum
506 2014 756 2067 loqueretur,
771 2017 939 2067 rogarit
956 2026 1048 2056 eum
1068 2015 1245 2067 quidam

213 2083 476 2134 Phari-serua,
511 2088 558 2126 ut
591 2085 817 2136 pranderet
854 2085 971 2137 apud
999 2096 1055 2127 se.
1080 2086 1126 2125 In
1159 2098 1244 2137 quo

212 2153 320 2194 facto
342 2155 529 2194 exterius
550 2155 837 2207 praetendebat
855 2157 1053 2208 pietatem
1070 2156 1114 2195 in
1136 2157 1241 2196 rele-

211 2224 351 2265 vanda
382 2224 535 2266 Christi
574 2226 826 2278 indigentia,
862 2227 912 2267 de
950 2239 1035 2279 qua
1071 2228 1159 2279 ipse
1197 2228 1242 2267 in

213 2294 379 2337 Psalmo
397 2296 498 2336 dicit
516 2296 529 2317 ⁵
553 2309 563 2337 ε
593 2312 612 2334 α
631 2297 724 2348 Ego
743 2300 887 2337 autem
910 2296 1127 2337 mendicus
1145 2309 1242 2337 sum

210 2367 252 2404 et
269 2377 444 2417 pauper.
468 2381 488 2403 »
510 2366 574 2406 Ad
594 2379 722 2418 quam
741 2367 1029 2416 relevandam,
1053 2366 1241 2407 Christus

209 2434 498 2487 eleemosynas
532 2436 710 2488 accepit;
742 2448 819 2476 nec
860 2439 1026 2476 tantum
1062 2437 1234 2489 accepit,

208 2506 281 2545 sed
313 2508 354 2546 et
375 2506 644 2557 mendicavit,
671 2519 770 2547 cum
799 2507 936 2547 adhuc
968 2511 1075 2547 esset
1106 2520 1240 2548 anno-

207 2587 306 2616 rum
337 2576 578 2627 duodecim,
610 2578 720 2617 sicut
749 2577 846 2617 dicit
880 2577 1119 2618 Bernardus
1149 2579 1162 2600 ⁶
1194 2579 1237 2618 in

208 2647 394 2698 quodam
440 2659 635 2687 sermone
685 2662 693 2687 :
749 2663 767 2685 «
811 2648 911 2689 Cum
957 2650 1096 2699 factus
1132 2654 1237 2692 esset

206 2717 342 2769 Jesus,
362 2732 380 2756 ›>
417 2721 512 2769 etc.,
534 2719 608 2759 ubi
637 2720 791 2772 quaerit
820 2720 915 2772 quis
952 2732 1052 2760 eum
1087 2720 1131 2760 in
1165 2721 1236 2761 illo

206 2789 346 2830 triduo
373 2789 588 2839 cibaverit,
617 2793 658 2830 et
686 2790 785 2830 dicit
815 2791 874 2830 sic
915 2802 922 2828 :
962 2806 980 2829 (ι
1010 2790 1061 2831 Ut
1091 2794 1131 2831 te
1161 2804 1236 2843 per

205 2860 350 2900 omnia
381 2864 538 2901 nostrae
579 2861 861 2901 conformares
904 2863 1162 2914 paupertati,
1194 2866 1234 2903 61

205 2941 350 2971 omnes
367 2932 467 2972 vitae
486 2932 688 2971 humanae
709 2932 963 2972 calamitates
983 2934 1230 2986 susciperes,

205 3004 325 3052 quasi
344 3013 459 3042 unus
486 3015 540 3042 ex
564 3003 689 3042 turba
712 3014 962 3055 pauperum,
986 3004 1136 3056 stipem
1158 3017 1233 3057 per

204 3070 342 3111 hostia
366 3073 649 3113 mendicabas.
675 3072 775 3122 Quis
795 3074 909 3113 dabit
928 3087 996 3114 me
1027 3075 1231 3116 buccella-

203 3153 301 3182 rum
322 3141 492 3182 illarum
513 3144 844 3184 mendicatarum
859 3145 1105 3196 participem
1119 3146 1226 3192 fieri,

201 3212 270 3254 vel
301 3212 413 3252 illius
440 3213 572 3254 divini
592 3215 719 3255 edulii
747 3215 935 3267 reliquiis
963 3216 1184 3266 saginari?
1203 3231 1222 3254 »

242 3295 254 3315 1
269 3294 566 3335 Philip.,11,15.—
581 3297 593 3314 ²
611 3296 893 3337 Ecclz'.,11,10.—
907 3298 920 3318 3
935 3297 1022 3337 Tob.,
1041 3306 1118 3337 xm,
1138 3300 1228 3329 13.—

201 3341 215 3363 ¹·
242 3340 345 3380 infra,
369 3344 481 3371 41-
501 3342 514 3363 ⁵
533 3343 622 3373 Psal.
652 3351 778 3383 XXXIX,
817 3346 864 3375 18.
892 3361 933 3367 —
959 3344 972 3364 ὃ
1004 3346 1101 3376 Ηο01.
1124 3346 1224 3376 Bern.

202 3387 383 3427 adscripta,
401 3396 476 3428 qufe
494 3388 631 3428 incipit:
647 3390 767 3420 «Petis
785 3399 804 3421 a
819 3399 885 3430 me,
904 3402 920 3420 n
939 3393 989 3422 est
1004 3400 1084 3422 vero
1100 3391 1226 3422 AElredi

202 3434 279 3466 abb.
292 3434 525 3475 Rievanensis,
537 3434 625 3466 inter
639 3436 743 3476 Opera
758 3438 872 3477 Rern„
886 3441 911 3469 t.
927 3439 967 3478 11,
981 3438 1044 3470 001.
1059 3440 1131 3476 5Ῑ9,
1144 3447 1180 3469 11.
1193 3442 1224 3479 6,

2287 178 2361 216 541

1336 248 1451 289 Unde
1484 250 1641 301 Glossa,
1664 263 1791 305 super
1823 253 1925 296 illud
1952 256 1966 278 ⁷
1994 269 2004 297 ε
2039 273 2057 296 a
2088 259 2262 313 Propter
2288 275 2366 304 vos

1334 331 1494 370 egenus
1515 321 1646 362 factus
1673 325 1756 375 est,
1788 339 1807 361 »
1848 328 1925 367 etc.
1949 341 1956 367 :
1985 343 2004 365 α
2026 327 2118 369 Non
2146 333 2366 374 erubescas

1333 403 1431 430 cum
1456 394 1528 432 tua
1554 394 1820 436 mendicitate
1840 397 1893 437 ad
1920 398 2038 438 illum
2059 401 2274 453 accedere,
2293 406 2367 456 qui

1332 474 1409 512 pro
1432 463 1552 503 nobis
1572 464 1702 505 factus
1723 470 1784 506 est
1803 480 1976 521 pauper.
1996 484 2014 507 ›)
2038 469 2153 511 Unde
2176 473 2228 512 ad
2247 486 2367 514 suam

1331 529 1614 581 indigentiam
1630 534 1915 587 relevandam,
1929 551 2014 579 non
2029 540 2166 580 solum
2186 553 2211 580 a
2228 542 2363 594 bonis,

1332 601 1403 641 sed
1425 602 1551 642 etiam
1576 617 1601 644 a
1629 605 1751 645 malis
1778 609 2006 660 accipiebat
2034 611 2364 665 eleemosynam.

1331 671 1448 713 Unde
1466 674 1660 715 subditur
1683 692 1691 716 :
1714 679 1833 720 Jeszcs
1855 684 1992 723 autem
2012 684 2231 735 z'nffl’essus
2250 696 2366 728 recu-

1331 742 1438 786 buit.
1462 743 1508 784 In
1532 758 1616 797 quo
1637 747 1706 787 dat
1727 750 1847 790 nobis
1863 752 2058 804 formam,
2078 756 2192 807 quod
2218 769 2362 809 pecca-

1329 814 1439 853 tores
1455 816 1604 855 occulti
1625 829 1710 857 non
1732 823 1832 859 sunt
1850 822 2028 874 vitandi,
2045 829 2085 864 et
2105 828 2218 878 quod
2237 840 2261 868 a
2281 841 2365 869 ma-

1328 882 1379 923 lis
1397 884 1676 939 eleemosynae
1694 888 1805 930 licite
1828 893 1959 944 accipi
1982 900 2170 945 possunt,
2192 900 2239 938 ut
2258 899 2363 940 fiant

1327 954 1445 1003 boni,
1465 956 1697 999 dummodo
1715 972 1800 1000 non
1816 962 1915 1002 dent
1930 963 1979 1004 de
1993 965 2156 1016 alienis,
2169 968 2235 1008 vel
2255 970 2363 1011 male

1327 1027 1565 1078 acquisitis3
1589 1033 1629 1069 et
1648 1032 1760 1082 quod
1776 1037 2010 1084 peccatores
2028 1040 2126 1077 50111
2145 1050 2219 1090 per
2234 1039 2360 1081 bene-

1327 1097 1555 1139 volentiam
1589 1103 1840 1152 attrahendi,
1875 1109 1915 1144 et
1952 1107 2062 1158 quod
2096 1108 2279 1150 inimicis
2319 1115 2360 1152 et

1327 1168 1618 1211 seductoribus
1637 1173 1788 1212 nostris
1815 1174 2016 1216 debemus
2037 1189 2126 1218 esse
2145 1180 2356 1229 benevoli,

1326 1239 1435 1279 sicut
1457 1240 1539 1289 ille,
1563 1243 1635 1293 qui
1662 1255 1760 1283 cum
1785 1244 1857 1284 illo
1877 1247 2069 1287 recubuit
2088 1262 2112 1288 a
2141 1262 2227 1301 (100
2254 1251 2357 1291 5016-

1326 1309 1397 1349 bat
1416 1310 1458 1349 in
1491 1312 1614 1352 corde
1644 1325 1687 1353 se
1713 1314 1867 1366 despici
1889 1319 1930 1356 et
1956 1318 2156 1369 judicari.
2183 1319 2360 1374 Propter

1325 1381 1439 1431 quod
1458 1383 1654 1423 sub-titur
1677 1385 1730 1435 [v.
1757 1386 1819 1435 38>
1839 1401 1847 1425 ε
1867 1387 2111 1431 Pharisaeus
2129 1395 2270 1433 autem
2285 1403 2359 1434 (3oe-

1321 1452 1388 1500 p‘z't
1407 1452 1522 1492 intra
1542 1464 1584 1494 se
1605 1460 1808 1506 reputans
1828 1456 1981 1508 dicere,
1996 1459 2040 1499 id
2053 1464 2129 1509 est,
2149 1462 2355 1503 rationem

1324 1524 1364 1560 et
1385 1534 1553 1563 causam
1575 1525 1807 1577 inquirere,
1827 1529 1981 1569 scilicet
2001 1542 2131 1581 quare
2151 1543 2236 1574 non
2256 1533 2355 1586 bap—

1324 1594 1490 1634 tizatus
1517 1600 1637 1645 esset,
1661 1596 1701 1636 id
1724 1602 1783 1637 est
1808 1598 1920 1639 lotus
1949 1613 2067 1641 more
2092 1601 2354 1655 Judaeorum,

1324 1669 1422 1705 cmte
1453 1666 1703 1716 prandium,
1727 1680 1773 1708 ac
1799 1681 1873 1721 per
1900 1670 1980 1710 1100
2003 1672 2145 1723 ipsum
2160 1674 2356 1725 Judicans

1322 1736 1525 1786 tanquam
1548 1737 1835 1789 immundum,
1858 1744 1897 1780 et
1922 1745 2255 1795 contemptorem
2279 1758 2355 1797 pa-

1321 1806 1537 1846 ternarum
1564 1809 1860 1850 traditionum.
1888 1811 2003 1852 [nde
2034 1814 2169 1855 simile
2199 1815 2353 1868 legun-

1320 1878 1390 1915 tur
1410 1876 1614 1917 Pharisaei
1634 1879 1811 1921 Domino
1837 1885 1876 1921 61
1897 1884 1990 1934 ejus
2011 1884 2223 1938 discipulis
2242 1888 2356 1941 obJe-

1320 1946 1423 1987 cisse
1455 1952 1468 1972 3
1505 1961 1513 1986 :
1564 1965 1580 1987 (ι
1618 1950 1753 1998 Quare
1793 1952 1986 2005 discipuli
2037 1957 2098 1995 tui
2138 1960 2351 2010 transgre-

1319 2016 1494 2058 diuntur
1529 2021 1797 2061 traditionem
1834 2024 2082 2066 seniorum?
2109 2026 2203 2068 Non
2237 2030 2352 2070 enim

1316 2087 1462 2129 lavant
1491 2102 1644 2131 manus
1664 2105 1760 2132 suas
1781 2106 1880 2134 cum
1916 2098 2188 2140 manducant.
2209 2115 2228 2137 n
2264 2101 2351 2142 Hoc

1317 2162 1459 2199 autem
1480 2165 1570 2201 erat
1597 2164 1708 2215 apud
1727 2164 1894 2206 Judaeos
1925 2168 2189 2220 praecipuum
2203 2186 2212 2220 ;
2237 2173 2350 2213 unde

1316 2229 1469 2270 dicitur
1489 2231 1501 2252 ⁹
1527 2245 1536 2272 :
1565 2248 1584 2271 (‹
1603 2233 1806 2275 Pharisaei
1830 2237 1944 2277 enim
1965 2241 2005 2278 61
2024 2251 2172 2280 omnes
2195 2241 2218 2282 J
2224 2242 2346 2294 udaei,

1316 2301 1396 2340 nisi
1417 2303 1563 2343 crebro
1583 2304 1763 2346 laverint
1778 2319 1944 2358 11161105,
1963 2321 2050 2348 non
2072 2312 2343 2364 manducant,

1313 2374 1502 2412 tenentes
1531 2374 1798 2416 traditionem
1830 2378 2047 2418 seniorum
2073 2394 2081 2420 :
2115 2383 2156 2420 61
2181 2394 2205 2421 a
2237 2384 2342 2434 foro,

1312 2440 1394 2479 nisi
1421 2442 1703 2494 baptizentur,
1725 2458 1812 2485 non
1844 2448 2082 2489 comedunt.
2110 2465 2129 2487 n
2164 2451 2216 2492 Et
2235 2454 2343 2495 ratio

1311 2509 1441 2562 hujus
1461 2516 1562 2563 erat,
1584 2515 1683 2566 quia
1703 2517 1935 2558 maximam
1964 2519 2054 2559 vim
2075 2521 2280 2564 faciebant
2297 2525 2341 2564 in

1311 2584 1518 2623 servanda
1547 2587 1754 2627 munditia
1782 2600 2021 2640 corporum.
2045 2591 2163 2632 Unde
2182 2594 2338 2647 duplex
2379 2613 2502 2641 simun-

1310 2653 1543 2694 ostenditur
1571 2668 1623 2696 ex
1654 2656 1735 2697 1100
1763 2658 1976 2700 simulatio
2004 2661 2049 2700 in
2080 2661 2296 2706 Pharisaeo
2327 2681 2334 2688 ·
2377 2654 2416 2680 ¹³⁰
2433 2655 2483 2681 ‘³¹²'

2327 2699 2334 2706 ·
2391 2694 2487 2722 lexin

1307 2722 1460 2772 prima,
1483 2725 1582 2776 quia
1610 2738 1724 2776 eum,
1747 2739 1876 2779 quem
1904 2731 1971 2781 pie
1996 2732 2209 2774 reficiebat
2228 2739 2339 2777 exte·
2358 2702 2497 2803 Skam-

1307 2791 1409 2842 rius,
1426 2793 1554 2846 impie
1569 2796 1786 2847 judicabat
1806 2799 2002 2851 interius;
2020 2805 2219 2855 secunda,
2238 2818 2339 2859 quc·-
2418 2796 2424 2803 ⁸

1306 2861 1423 2903 niam
1459 2864 1621 2905 zelabat
1657 2868 1911 2909 munditiam
1943 2874 2227 2927 corporalem,
2261 2890 2336 2918 nez}

1304 2933 1543 2974 attendebat
1577 2936 1854 2988 spiritualem.
1895 2940 1947 2981 Et
1985 2943 2078 2984 ideo
2115 2945 2335 2999 hypocrita

1304 3006 1394 3042 erat
1412 3006 1499 3044 tam
1520 3005 1563 3045 in
1589 3012 1813 3059 conspectu
1832 3010 2071 3063 hominum,
2094 3028 2224 3067 quam
2242 3018 2330 3069 Dei,

1303 3078 1449 3115 contra
1467 3076 1570 3117 illud
1596 3078 1888 3123 Ecclesiasticz'
1909 3084 1938 3108 ¹⁰
1961 3098 1969 3124 :
2000 3085 2094 3126 «Ne
2113 3089 2333 3129 accesseris

1302 3145 1354 3185 ad
1383 3146 1503 3187 illum
1533 3149 1688 3200 duplici
1719 3153 1856 3203 corde,
1883 3157 1923 3194 et
1953 3167 2006 3195 ne
2033 3157 2161 3197 fueris
2191 3159 2330 3211 hypo-

1301 3215 1403 3255 crita
1421 3217 1465 3257 in
1485 3224 1710 3271 conspectu
1731 3221 1969 3265 hominum.
1993 3240 2012 3262 »

1301 3300 1380 3330 edit.
1394 3304 1483 3333 totto.
1500 3303 1625 3334 Doctor
1640 3307 1756 3336 noster
1771 3307 1973 3348 Seraphicus
1987 3310 2105 3342 eadem
2117 3311 2195 3344 dicit
2215 3313 2250 3344 in
2271 3314 2328 3346 lib.

1299 3347 1337 3377 de
1346 3351 1542 3388 paupertate
1554 3350 1692 3392 Cla-isti,
1702 3362 1737 3393 q.
1749 3356 1780 3393 12,
1794 3358 1826 3385 et
1839 3355 1874 3385 in
1885 3356 2020 3396 Apoloy.
2035 3367 2326 3402 pauperum,resp.

1298 3401 1350 3433 111,
1368 3396 1454 3433 part.
1479 3396 1502 3436 Ι,
1515 3399 1576 3428 art.
1604 3401 1628 3429 1,
1644 3399 1711 3421 -7
1733 3400 1756 3430 ΙΙ
1777 3401 1867 3441 Cor„
1882 3410 1956 3441 vm,
1977 3405 2007 3434 9.
2024 3421 2064 3426 -
2079 3405 2090 3423 ³
2116 3406 2250 3444 Matth„
2268 3416 2325 3447 xv,

1298 3442 1330 3471 2.
1358 3458 1395 3463 —-
1415 3443 1426 3459 ⁹
1445 3443 1563 3483 Marc„
1596 3453 1655 3485 vn,
1677 3447 1707 3486 3,
1728 3449 1759 3478 4.
1778 3464 1819 3470 -
1837 3448 1862 3468 ¹⁶
1885 3448 2002 3490 Ecclz'.,
2023 3459 2046 3490 1,
2068 3452 2118 3483 36.
