2634 3853
53 1078 193 1107 Confusio

63 1121 182 1156 duplex,

972 186 1245 234 EXPOSITIO
1276 184 1328 226 ΙΝ
1357 182 1468 224 CAP.
1503 181 1572 223 IX.

212 300 312 330 nem
338 284 578 336 Absalonis,
607 285 643 324 si
669 284 959 325 fortitudinem
990 277 1205 323 Samsonis
1222 307 1232 326 ,

213 359 248 399 si
267 355 584 408 longaevitatem
609 354 775 404 Enoch,
797 353 963 395 divitias
984 354 1025 393 et
1051 351 1232 404 potesta-

212 431 297 469 tem
317 425 551 476 Octaviani,
573 425 673 478 quid
699 425 866 478 prodest
891 423 990 472 tibi,
1011 422 1045 462 si
1064 420 1235 461 tandem

213 510 309 538 caro
340 498 462 538 datur
488 497 707 538 vermibus
726 528 738 547 ‚
772 495 913 536 anima
943 491 1232 540 daemonibus,

212 580 310 609 cum
328 567 456 608 divite
476 567 701 608 crucianda
723 567 812 607 sine
833 566 944 606 fine?
965 580 983 602 >³

265 638 404 681 Tertio
425 639 578 681 invitat
604 639 655 680 ad
674 638 807 679 crucis
827 636 1109 689 portationem
1136 645 1234 674 con-

213 711 464 758 sideratione
493 711 626 752 futuri
649 710 818 763 judicii,
841 720 936 749 cum
959 707 1017 747 ait
1039 711 1106 758 (v.
1129 705 1205 755 026)
1225 718 1235 745 ι

213 782 322 824 Nam
351 783 427 834 qui
455 793 518 823 me
541 781 782 831 erubuerit,
812 779 965 820 scilicet
992 776 1177 823 imitari,
1201 776 1240 815 et

211 863 322 895 meos
341 863 549 895 sermones
574 852 792 902 confiteri,
815 848 1121 891 contemnendo
1148 858 1239 887 cru-

215 935 305 964 cem
340 923 538 974 Domini,
571 926 774 976 tanquam
809 920 1164 973 ignominiosam,
1200 919 1240 957 et

211 993 338 1034 etiam
358 994 591 1035 doctrinam
611 995 704 1047 ejus
730 1006 783 1035 ex
803 993 915 1033 mala
934 989 1235 1039 erubescentia,

212 1064 263 1105 de
284 1077 371 1118 qua
390 1065 543 1106 dicitur
563 1066 574 1088 ¹
601 1080 609 1107 :
636 1081 655 1103 «
676 1066 758 1107 Pro
783 1065 927 1105 anima
944 1066 1019 1104 tua
1037 1073 1124 1102 non
1144 1072 1240 1101 eon-

212 1135 400 1176 fundaris
433 1136 570 1177 dicere
602 1148 782 1177 verum:
817 1138 877 1176 est
905 1135 1019 1175 enim
1051 1131 1240 1173 confusio

213 1205 423 1247 adducens
447 1209 690 1259 peccatum,
725 1210 765 1247 et
796 1209 859 1247 est
887 1204 1075 1246 confusio
1104 1201 1240 1242 addu-

213 1287 312 1316 cens
333 1276 519 1327 gloriam·
537 1280 577 1318 et
595 1278 792 1329 gratiam.
818 1291 837 1315 n
862 1276 905 1316 In
931 1287 1016 1328 quo
1036 1274 1105 1314 dat
1124 1271 1241 1312 intel-

212 1345 372 1396 ligere,
394 1347 508 1398 quod
527 1359 613 1387 non
633 1348 837 1388 debemus
865 1347 1112 1387 erubescere
1132 1342 1240 1384 veri-

212 1418 343 1457 tatem
374 1416 550 1468 Christi,
584 1418 777 1471 exemplo
804 1417 990 1471 Apostoli
1022 1415 1095 1468 qui
1128 1414 1239 1454 diee-

213 1487 311 1527 bat2
334 1499 344 1527 :
374 1502 393 1526 «
410 1487 500 1529 Non
531 1489 732 1529 erubesco
761 1487 1047 1539 Evangelium
1072 1501 1080 1527 :
1106 1485 1241 1527 virtus

213 1557 327 1597 enim
345 1557 417 1598 Dei
434 1560 516 1608 est,
534 1573 554 1597 n
570 1561 650 1600 etc.
676 1559 756 1600 Sed
775 1559 1021 1600 erubescere
1039 1556 1241 1597 debemus

213 1628 420 1669 vilitatem
453 1630 610 1682 peccati
636 1662 646 1680 ,
677 1631 802 1682 juxta
839 1630 943 1670 illud
972 1630 985 1651 ³
1016 1641 1027 1669 ι
1062 1643 1081 1666 «
1109 1627 1241 1676 Quem

214 1699 400 1740 fructum
427 1699 636 1740 habuistis
663 1703 764 1741 tunc
794 1700 839 1740 in
870 1700 976 1750 illis,
1010 1699 1054 1739 in
1086 1697 1242 1751 quibus

214 1780 331 1809 nunc
357 1769 632 1810 erubescitis?
658 1785 677 1809 n
700 1770 779 1811 Sed
809 1770 932 1812 multi
961 1782 1047 1810 non
1076 1770 1243 1809 erubes-

215 1842 316 1880 cunt
335 1841 490 1893 peccati
511 1841 841 1892 deformitatem,
867 1842 917 1882 de
945 1841 1100 1894 quibus
1128 1840 1240 1882 Jere-

215 1911 326 1952 mias
346 1909 360 1932 ⁸
382 1925 390 1952 :
419 1925 439 1949 «
457 1910 625 1952 Confusi
639 1914 752 1963 sunt,
771 1912 870 1964 quia
883 1911 1242 1952 abominationem

215 1980 425 2031 fecerunt;
450 1982 644 2034 quinimo
660 1982 904 2023 confusione
923 1994 1009 2023 non
1027 1985 1126 2023 sunt
1142 1994 1241 2023 con-

215 2051 311 2102 fusi,
325 2054 366 2092 et
387 2053 632 2093 erubescere
650 2053 904 2094 nescierunt.
926 2067 945 2090 ›)
964 2053 1015 2094 Et
1034 2053 1212 2093 iterum‘
1231 2067 1240 2093 ε

222 2135 242 2159 «
264 2121 396 2163 Frons
416 2122 608 2163 mulieris
636 2124 870 2164 meretricis
891 2123 997 2164 facta
1025 2125 1087 2164 est
1108 2124 1202 2175 tibi,
1218 2138 1236 2161 n

215 2194 294 2234 etc.
316 2192 426 2234 Talis
452 2194 660 2235 erubescit
687 2194 970 2235 humilitatem
1004 2194 1171 2236 Christi⁴
1191 2195 1243 2236 Et

214 2263 266 2304 de
284 2264 365 2305 hoc
385 2264 582 2317 adengit
605 2276 615 2306 ε
636 2265 759 2307 Hunc
790 2265 908 2317 filius
939 2265 1126 2307 hominis
1149 2276 1242 2308 eru-

215 2333 366 2385 bescet,
387 2335 430 2376 id
450 2338 513 2375 est
539 2336 856 2376 erubescentem
880 2336 1024 2386 faciet,
1047 2336 1114 2377 vel
1135 2337 1242 2376 sicut

215 2406 551 2447 erubescendum
574 2407 741 2458 abjiciet
751 2408 867 2459 justo
880 2418 958 2447 suo
967 2407 1143 2459 jndicio,
1157 2419 1242 2460 quo

215 2475 370 2516 dicitur
389 2476 402 2498 ⁶
424 2487 434 2516 :
463 2490 483 2514 c(
509 2475 772 2529 Quicumque
799 2476 1140 2518 honorificaverit
1159 2489 1242 2527 me,

218 2547 465 2599 glorificabo
505 2560 630 2598 eum;
673 2549 746 2601 qui
789 2550 933 2589 autem
968 2550 1246 2589 contemnunt

216 2630 300 2669 me,
319 2621 445 2659 erunt
462 2619 690 2672 ignobiles,
710 2634 729 2658 »
754 2619 805 2661 Et
823 2619 905 2660 hoc
923 2619 968 2659 in
989 2619 1055 2660 die
1074 2619 1242 2672 Judieii3

216 2690 257 2729 et
275 2689 369 2730 ideo
388 2689 587 2742 adJ‘ungit
607 2702 618 2731 ε
646 2689 747 2732 Cum
769 2691 935 2733 venerit
955 2691 1002 2732 z'n
1027 2689 1246 2742 majestate

216 2769 318 2811 sua,
342 2763 380 2802 ec
400 2759 566 2811 Patris,
591 2763 630 2802 et
652 2763 892 2803 sanctorum
913 2761 1173 2814 anqelorum.
1197 2760 1246 2801 In

216 2842 300 2882 quo
325 2830 464 2883 tangit
490 2830 760 2883 judiciariam
790 2833 1038 2884 potestatem
1058 2863 1068 2882 ,
1108 2844 1244 2884 quan-

217 2902 311 2941 tum
347 2900 400 2941 ad
430 2900 688 2954 principium
725 2902 980 2942 causalitatis
1019 2902 1064 2942 in
1096 2901 1244 2954 Patre,

218 2973 426 3024 quantum
445 2971 497 3012 ad
515 2971 792 3024 privilegium
819 2971 1078 3013 excellentiae
1106 2972 1151 3013 in
1171 2985 1215 3014 se
1230 3005 1243 3024 ,

219 3044 261 3081 et
291 3043 499 3094 quantum
528 3042 581 3083 ad
612 3042 892 3084 ministerium
926 3042 1173 3084 obedientiae
1202 3044 1247 3084 in

219 3111 470 3164 angelorum
507 3113 794 3155 multitudine.
831 3112 949 3154 Unde
980 3118 994 3140 ⁷
1029 3128 1039 3155 ι
1080 3129 1099 3152 α
1129 3114 1247 3156 Tunc

220 3182 437 3235 apparebit
468 3183 642 3235 signum
673 3185 749 3225 filii
775 3184 962 3225 hominis
981 3184 1026 3225 in
1046 3185 1150 3226 coelo
1174 3200 1182 3226 z
1205 3188 1246 3227 et

220 3253 323 3293 tunc
339 3252 545 3305 plangent
563 3266 710 3296 omnes
727 3255 864 3296 tribus
895 3256 1019 3296 terrae
1035 3287 1046 3307 ,
1068 3258 1110 3297 et
1126 3256 1247 3298 vide-

263 3383 274 3405 1
291 3382 408 3422 Ecclz'.,
427 3389 473 3423 lv,
491 3385 541 3424 24,
559 3386 654 3417 25.-
668 3387 679 3404 ²
696 3387 800 3428 Rom„
824 3395 849 3429 Ι,
871 3390 964 3420 16.-
983 3387 996 3410 ³
1012 3389 1110 3429 lbid.‚
1129 3397 1178 3428 VI,
1194 3390 1245 3421 21.

221 3446 262 3454 —
282 3430 297 3452 δ
315 3431 446 3467 Jerem„
468 3438 521 3471 vr,
544 3433 593 3463 15.
612 3449 652 3456 —
671 3434 803 3474 ⁵1bid.‚
824 3441 882 3475 111,
903 3437 934 3467 3.
956 3452 992 3457 —
1015 3436 1029 3457 ⁶
1053 3437 1064 3467 l
1090 3437 1182 3477 Κεφ,
1208 3444 1247 3477 11,

222 3478 273 3508 30.
293 3494 334 3500 —
354 3478 364 3497 ⁷
383 3477 516 3518 Matek„
538 3485 631 3520 XXIV,
651 3481 703 3512 30.
725 3498 760 3503 -
780 3481 794 3502 ¹³
815 3483 892 3519 Jsa„
913 3490 966 3522 111,
988 3484 1038 3514 14.
1061 3500 1102 3506 -—
1126 3484 1139 3505 ⁹
1158 3483 1246 3515 Psal.

2253 184 2330 223 463

1309 273 1417 313 bunt
1445 271 1583 312 filium
1615 267 1798 309 hominis
1821 297 1834 318 ‚
1868 280 1886 304 >³
1921 268 1999 307 etc.
2035 267 2085 307 Et
2119 267 2259 310 Isaias
2279 269 2293 292 ⁸
2319 285 2329 311 :

1314 359 1334 382 c<
1353 342 1556 384 Dominus
1576 340 1628 381 ad
1653 338 1864 392 Judicium
1880 336 2022 379 veniet
2043 349 2139 377 cum
2160 338 2332 378 senibus

1309 413 1451 467 populi
1479 412 1560 453 sui.
1593 426 1612 449 n
1650 410 1698 450 In
1726 410 1807 450 hoc
1833 407 1993 461 Judicio
2021 407 2333 448 confundentur

1310 483 1505 536 superbi,
1539 484 1580 522 et
1610 481 1911 522 exaltabuntur
1941 478 2148 527 humiles,
2182 490 2332 518 secun-

1310 555 1412 595 dum
1442 553 1545 594 illud
1574 554 1587 574 ⁹
1619 567 1628 593 z
1655 567 1674 591 t(
1700 551 1849 592 Omnia
1880 561 2038 591 cornua
2070 551 2336 602 peccatorum

1310 625 1597 675 confringam,
1621 625 1662 662 et
1682 622 2003 669 exaltabuntur,
2031 634 2049 657 n
2077 622 2154 660 etc.

1364 694 1520 743 Quarto
1542 693 1695 734 invitat
1722 692 1772 732 ad
1807 703 1974 731 crucem
2006 687 2338 731 consideratione

1311 765 1487 807 coelestis
1505 763 1629 815 regni
1650 762 1762 816 quod
1786 762 1872 802 suis
1899 760 2182 801 imitatoribus
2206 762 2339 800 osten-

1312 837 1391 888 dit,
1413 848 1512 876 cum
1531 833 1672 875 subdit
1707 833 1761 885 (v.
1795 831 1858 884 ΕΠ)
1891 845 1899 872 :
1932 832 2037 873 Dico
2063 832 2179 873 vobis
2210 845 2225 872 .·
2250 841 2341 873 vere

1312 911 1412 950 sunt
1431 905 1568 958 aliqui
1587 903 1654 945 hic
1684 906 1847 946 stantes
1859 931 1872 952 ,
1894 913 1968 954 per
1996 902 2148 941 mentis
2168 901 2339 942 erectio-

1312 991 1412 1020 nem
1425 1010 1435 1029 ,
1458 975 1692 1018 secundum
1711 973 1816 1014 illud
1836 974 1865 998 ¹⁰
1890 987 1927 1014 2«
1948 972 2113 1013 Stantes
2133 974 2253 1012 erant
2272 984 2343 1024 pe-

1313 1050 1386 1090 des
1408 1047 1541 1089 nostri
1566 1046 1612 1086 in
1640 1044 1757 1085 atriis
1779 1044 1881 1096 tuis,
1912 1043 2161 1084 Jerusalem.
2184 1057 2203 1080 »
2228 1042 2343 1083 Tali-

1313 1121 1393 1161 bus
1422 1120 1543 1160 debet
1565 1116 1729 1158 ostendi
1749 1127 1962 1168 regnum,
1985 1117 2033 1155 ut
2058 1126 2207 1156 eorum
2233 1126 2344 1154 com-

1313 1191 1478 1244 pleatur
1513 1188 1768 1229 desiderium
1790 1201 1800 1237 ;
1823 1187 1915 1227 ideo
1948 1185 2065 1226 addit
2098 1198 2108 1226 ε
2148 1185 2227 1232 om:
2258 1194 2344 1226 non

1314 1261 1541 1315 qustabzmt
1573 1263 1748 1302 mortem
1766 1290 1776 1310 ,
1812 1270 1866 1299 ex
1897 1257 2052 1298 animae
2082 1258 2122 1297 et
2153 1255 2342 1309 corporis

1315 1332 1575 1385 separatione
1603 1344 1612 1381 ;
1651 1330 1778 1372 donec
1811 1328 1989 1370 videant
2022 1337 2200 1380 requam
2237 1327 2340 1377 Dei,

1314 1415 1389 1456 per
1415 1402 1741 1451 revelationem,
1777 1411 1863 1440 non
1893 1410 1969 1451 per
1997 1401 2186 1450 apertam
2215 1397 2344 1438 visio-

1316 1486 1429 1514 nem.
1445 1473 1553 1513 Nam
1567 1472 1726 1512 dictum
1744 1473 1806 1511 est
1819 1469 1955 1522 Moysi
1978 1469 2004 1490 ¹¹
2023 1482 2063 1509 z«
2077 1467 2171 1509 Non
2190 1467 2347 1509 videbit

1315 1558 1384 1586 me
1403 1545 1556 1594 homo,
1575 1545 1616 1583 et
1636 1542 1800 1582 vivet.»
1821 1539 1900 1581 Sed
1920 1540 1988 1579 hic
2007 1539 2168 1579 dictum
2187 1540 2249 1579 est
2269 1551 2345 1591 per

1316 1615 1545 1669 quamdam
1565 1612 1788 1666 specialem
1808 1608 2106 1650 revelationem
2120 1640 2130 1659 ,
2154 1620 2239 1660 qua
2258 1607 2344 1647 dic-

1315 1690 1408 1729 tum
1443 1689 1506 1727 est
1540 1685 1674 1738 Moysi
1708 1684 1735 1705 ¹²
1771 1697 1779 1723 :
1809 1697 1828 1720 «
1854 1681 1945 1733 Ego
1974 1680 2193 1721 ostendam
2221 1691 2348 1720 omne

1316 1759 1478 1798 bonum
1508 1756 1597 1797 tibi.
1623 1771 1642 1794 »
1672 1755 1720 1795 In
1748 1766 1833 1807 quo
1862 1753 1985 1793 datur
2019 1752 2202 1804 intelligi
2230 1752 2345 1805 quod

1317 1830 1476 1868 stantes
1506 1827 1551 1867 in
1584 1837 1779 1866 sermone
1816 1823 1968 1865 Christi
1995 1836 2080 1864 non
2111 1824 2347 1876 gustabunt

1317 1901 1522 1949 mortem,
1547 1897 1618 1937 sed
1645 1895 1887 1936 transibunt
1919 1894 1972 1935 ad
2003 1894 2159 1943 vitam,
2191 1905 2347 1934 secun-

1316 1970 1419 2010 dum
1447 1968 1553 2009 illud
1584 1968 1645 2009 ¹³:
1674 1966 1757 2007 «Si
1790 1966 1886 2019 quis
1925 1977 2164 2006 sermonem
2202 1976 2347 2005 meum

1318 2039 1580 2089 servaverit,
1623 2041 1804 2079 mortem
1841 2048 1927 2077 non
1961 2036 2121 2078 videbit
2150 2035 2195 2076 in
2227 2037 2348 2076 aeter-

1317 2123 1439 2152 num.
1463 2126 1481 2148 »
1508 2110 1571 2151 Ex
1591 2121 1676 2163 quo
1698 2109 1884 2150 Christus
1905 2119 1949 2148 se
1967 2119 2042 2160 per
2069 2118 2237 2147 crucem
2258 2106 2350 2146 imi-

1318 2184 1507 2224 tantibus
1527 2181 1734 2236 promittit
1760 2182 1927 2221 tantum
1956 2177 2184 2231 praemium
2196 2208 2209 2228 ,
2234 2189 2349 2217 com-

1319 2255 1508 2296 minatur
1528 2256 1618 2294 tam
1645 2263 1842 2293 severum
1868 2249 2099 2302 judicium,
2127 2247 2351 2300 praetendit

1320 2328 1486 2366 tantum
1513 2324 1769 2378 periculum,
1791 2321 1973 2362 ostendit
2006 2321 2173 2360 tantum
2205 2330 2351 2359 exem-

1320 2396 1457 2449 plum.
1486 2394 1614 2437 Valde
1650 2393 1784 2434 durus
1813 2394 1899 2442 est,
1931 2390 2005 2443 qui
2034 2401 2120 2430 non
2151 2391 2350 2431 movetur

1320 2467 1371 2507 ad
1407 2466 1549 2519 ipsum
1585 2463 1856 2505 imitandum.
1890 2459 2067 2513 Propter
2098 2460 2212 2513 quod
2244 2458 2348 2500 dici-

1319 2541 1389 2579 tur
1406 2538 1433 2559 ¹¹⁴
1456 2550 1495 2578 2«
1514 2536 1693 2578 Tantam
1709 2535 1915 2575 habentes
1934 2531 2175 2585 impositam
2190 2531 2349 2572 nubem

1319 2609 1514 2659 testium,
1531 2622 1550 2646 ))
1567 2611 1646 2648 etc.
1670 2606 1871 2658 Sequitur
1899 2618 1909 2646 ς
1934 2619 1953 2642 «
1974 2604 2251 2654 Curramus,›)
2269 2604 2347 2643 etc.

1320 2680 1371 2721 Et
1391 2680 1542 2721 ultimo
1565 2683 1594 2705 ¹⁸
1620 2693 1628 2720 :
1658 2693 1677 2717 «
1708 2677 1898 2718 Christus
1919 2678 2040 2716 extra
2069 2677 2235 2728 portam
2253 2684 2352 2727 pas-

1320 2762 1393 2792 sus
1411 2752 1486 2791 est.
1509 2749 1723 2791 Exeamus
1742 2747 1878 2799 igitur
1906 2746 1959 2787 ad
1989 2758 2088 2787 eum
2120 2747 2241 2786 extra
2261 2757 2350 2786 cas-

1320 2824 1407 2872 tra,
1428 2819 1739 2873 improperium
1760 2819 1852 2870 eJus
1870 2819 2084 2870 portantes
2101 2830 2111 2866 ;
2132 2828 2217 2857 non
2238 2815 2353 2857 enim

1320 2893 1529 2933 habemus
1557 2891 1627 2932 hic
1652 2892 1898 2931 manentem
1929 2888 2170 2938 civitatem,
2193 2886 2264 2928 sed
2291 2887 2356 2928 fu-

1320 2966 1463 3005 turam
1483 2962 1754 3016 inquirimus.
1776 2975 1795 2999 »

1375 3038 1442 3077 28.
1464 3034 1638 3077 Factum
1659 3037 1719 3077 est
1738 3035 1874 3076 autem
1891 3037 1987 3086 post
2002 3032 2093 3075 hoec
2109 3030 2235 3075 verba
2247 3062 2258 3081 ,
2275 3033 2352 3072 etc.

1322 3107 1420 3148 Post
1459 3106 1797 3149 exhortationem
1838 3105 1891 3145 ad
1929 3104 2197 3157 asperitatem
2235 3102 2318 3144 viee
2336 3133 2351 3152 ,

1321 3178 1545 3230 subiungit
1562 3177 1632 3218 hic
1650 3175 1929 3228 Evangelista
1951 3175 2233 3216 ostensionem
2252 3185 2350 3213 sua-2

1322 3249 1463 3292 vitatis
1481 3248 1646 3301 gloriae.
1672 3246 1864 3290 Procedit
1886 3248 2033 3288 autem
2064 3246 2144 3287 hoc
2173 3243 2320 3286 ordine
2344 3257 2352 3284 :

1323 3391 1442 3424 LXXIV,
1468 3385 1516 3415 11.
1537 3400 1578 3405 -
1611 3383 1636 3404 ¹⁰
1659 3378 1753 3412 Psal.
1783 3385 1883 3418 CXXI,
1907 3379 1937 3408 2.
1959 3394 2001 3400 —-
2024 3377 2047 3397 1¹
2074 3374 2196 3414 Eaeod„
2222 3381 2353 3413 xxxin,

1322 3432 1374 3462 20.
1396 3448 1432 3454 —-
1459 3430 1484 3452 1²
1504 3429 1604 3469 lbid.‚
1633 3430 1683 3460 19.
1706 3444 1748 3450 -
1773 3426 1800 3448 ¹³
1817 3426 1926 3464 Joan„
1950 3431 2034 3464 vm,
2057 3425 2109 3455 51.
2134 3439 2172 3449 —
2192 3422 2216 3444 ¹⁴
2236 3420 2352 3461 Helm,

1322 3487 1386 3520 xli,
1407 3481 1436 3511 1.
1454 3494 1495 3502 -
1515 3478 1539 3500 ¹¹⁵
1560 3476 1662 3515 lbid.‚
1681 3481 1767 3513 xm,
1787 3472 1899 3504 12-14.
