2634 3853
153 637 248 664 Calix.

129 678 260 706 catinus.

291 249 370 290 542

342 336 550 389 Secundo,
572 338 783 391 quantum
803 336 853 378 ad
879 335 1178 388 increpationis
1199 345 1316 375 seve-

288 407 457 448 ritatem
488 421 542 449 ex
569 412 686 461 parte
715 407 917 458 Magistri,
946 406 1089 447 subdit
1120 408 1175 458 (v.
1207 405 1270 456 39)
1307 420 1314 446 :

287 477 344 520 Ec
368 480 432 521 ait
450 479 655 521 Dominus
682 478 739 519 ad
758 478 880 519 ‘illum
910 490 924 518 .·
949 478 1070 518 Nunc
1096 486 1183 525 vos,
1211 476 1319 517 ΡΙια-

287 551 421 599 rz'soezss,
443 551 557 603 quod
571 551 731 601 (leteris
745 553 803 590 est
817 549 965 590 calicis
984 553 1024 591 ec
1043 548 1182 590 catini
1201 558 1321 588 mun-

288 621 418 664 dalis.
443 623 556 662 Calix
585 625 646 661 cst
675 633 747 661 vas
779 621 830 661 ad
860 620 1105 670 bibendum,
1130 619 1319 659 catinum

287 693 339 733 ad
377 692 746 741 manducandum3
789 694 828 732 et
865 692 957 732 haec
994 704 1096 733 vasa
1134 691 1320 731 maxime

287 764 547 804 mundabant
576 763 779 805 Pharisaei
811 765 851 803 et
882 763 1035 813 Judaei,
1061 763 1161 815 quia
1191 765 1320 815 puta-

285 835 385 874 bant
402 847 445 875 se
466 835 679 887 inquinari
702 847 774 887 per
792 835 934 875 cibum
954 837 994 874 et
1014 836 1176 886 potum,
1199 838 1240 874 et
1254 835 1318 873 in-

285 906 453 958 quinari
474 918 548 958 per
568 905 882 946 immunditiam
899 917 1115 945 vasorum.
1134 904 1250 945 Unde
1266 905 1321 944 di-

284 977 391 1017 01101·
411 978 422 998 ¹
444 977 557 1029 quod
582 993 601 1016 «
630 977 764 1017 multa
784 978 882 1017 sunt
914 988 1010 1029 quae
1043 976 1195 1016 tradita
1223 979 1321 1016 sunt

283 1047 366 1087 illis
387 1060 570 1098 servare,
597 1048 849 1100 baptismata
882 1047 1071 1095 calicum,
1099 1049 1140 1086 et
1173 1058 1321 1087 urceo-

284 1131 398 1169 rum,
421 1122 460 1159 et
482 1122 824 1169 aeramentmuxu,
847 1133 866 1156 n
897 1121 974 1159 etc.
1001 1117 1108 1166 Quia
1136 1130 1251 1169 vero,
1275 1121 1322 1158 ut

284 1190 383 1231 dicit
402 1190 652 1231 Ambrosius
673 1194 702 1240 2,
725 1190 834 1230 calix
869 1193 932 1230 est
958 1202 1032 1230 vas
1055 1190 1258 1240 vitreum,
1281 1194 1322 1231 et

284 1262 470 1301 catinum
485 1274 559 1301 vas
579 1262 718 1310 fictile,
735 1264 774 1302 et
789 1261 889 1314 quia
902 1264 1135 1313 utrumque
1152 1261 1319 1313 fragile,

284 1335 394 1373 recte
423 1333 616 1384 designat
636 1332 905 1384 fragilitatem
936 1332 1116 1372 humani
1137 1332 1321 1384 corporis

284 1403 395 1443 circa
410 1416 538 1456 quam
561 1403 763 1444 Pharisaei
779 1406 899 1444 erant
918 1404 1134 1456 potissime
1153 1403 1319 1455 intenti,

284 1474 476 1526 neglecta
504 1474 712 1515 munditia
746 1474 1023 1515 conscientiae.
1051 1474 1101 1515 Et
1126 1476 1206 1516 hoc
1232 1478 1322 1516 erat

285 1546 636 1598 repreliensibile;
660 1558 760 1586 nam
789 1546 887 1586 dicit
907 1547 1045 1588 13111113
1065 1547 1078 1568 ³
1108 1561 1116 1586 ε
1147 1561 1165 1585 (ι
1193 1546 1323 1588 Lava-

286 1617 405 1667 mini,
430 1617 579 1657 mundi
610 1619 754 1667 estote,
775 1617 937 1658 auferte
968 1618 1128 1657 malum
1158 1619 1320 1670 cogita·

286 1688 451 1729 tionum
473 1691 713 1729 vestrarum
737 1689 788 1728 ab
809 1688 941 1729 oculis
960 1688 1079 1728 meis.
1100 1704 1119 1726 n
1145 1688 1196 1729 Et
1215 1690 1324 1730 1010-

286 1760 397 1801 711108
419 1758 431 1779 ’·
455 1774 463 1800 :
488 1774 506 1797 c‹
531 1759 644 1800 Lava
673 1771 697 1799 a
725 1759 882 1799 malitia
910 1771 982 1799 cor
1011 1762 1150 1809 tuum,
1175 1760 1324 1800 Hieru-

287 1830 433 1881 salem,
457 1834 504 1871 ut
538 1831 655 1871 salva
683 1831 771 1871 fias,
799 1845 817 1867 ›>
854 1830 971 1879 Quod
1002 1830 1205 1872 Pharisaei
1237 1843 1320 1872 non

285 1903 591 1953 observabant;
631 1906 800 1955 propter
840 1903 953 1955 110011
991 1902 1105 1943 addit
1142 1915 1152 1943 :
1200 1903 1324 1954 Quod

290 1978 426 2017 aulem
474 1976 591 2017 imus
629 1978 815 2016 vestrum
862 1973 1029 2026 plenum
1066 1979 1128 2015 est
1165 1976 1324 2027 rapina

288 2051 327 2090 ec
345 2048 591 2100 iniquitate,
614 2060 662 2087 ac
681 2060 756 2100 per
775 2047 856 2087 1100
870 2047 1143 2087 immundum
1164 2048 1205 2087 et
1225 2047 1323 2088 abo-

288 2119 511 2167 minabile;
541 2119 654 2159 unde
678 2118 727 2158 de
759 2118 818 2158 eis
843 2121 1006 2170 poterat
1037 2118 1117 2158 dici
1148 2118 1252 2158 illud
1271 2124 1283 2144 ⁵
1311 2133 1319 2158 :

296 2205 314 2228 «
328 2190 483 2231 Divites
503 2191 595 2241 ejus
612 2189 759 2241 repleti
774 2191 873 2229 sunt
889 2188 1131 2240 iniquitate3
1150 2192 1190 2229 et
1210 2189 1326 2229 habi-

288 2262 424 2300 tantes
439 2260 483 2299 in
503 2271 553 2311 eo
573 2259 856 2309 loquebantur
875 2258 1159 2299 mendacium.
1184 2259 1326 2301 Eccle-

290 2331 494 2372 siasticus
516 2330 529 2351 ‘³
555 2343 562 2369 :
587 2345 606 2368 (‹
634 2330 855 2370 Accessisti
881 2329 1070 2381 maligne
1100 2331 1152 2371 ad
1182 2331 1323 2371 Domi—

289 2415 409 2453 num,
439 2405 479 2442 et
511 2414 583 2442 cor
612 2404 736 2442 tuum
763 2400 937 2454 plenum
970 2404 1032 2442 est
1057 2401 1152 2442 dolo
1184 2405 1224 2442 et
1249 2401 1324 2442 sal-

288 2473 393 2514 lacia
415 2489 424 2514 z
447 2488 466 2511 ))
497 2473 598 2526 quia
618 2485 704 2513 non
726 2472 853 2513 habet
871 2472 999 2523 intra,
1023 2473 1134 2524 quod
1155 2473 1325 2514 simulat

289 2547 421 2585 extra.
447 2544 498 2585 Et
528 2545 607 2585 ista
634 2546 724 2584 erat
750 2555 837 2584 non
864 2546 1030 2583 tantum
1057 2543 1233 2595 malitia,
1253 2545 1326 2585 sed

290 2618 331 2656 et
359 2616 550 2666 stultitia,
576 2615 688 2667 quia,
712 2614 908 2666 neglecto
939 2614 1120 2665 meliori,
1151 2615 1202 2656 de
1229 2628 1325 2656 cor-

290 2698 391 2738 pore
405 2688 575 2726 tantum
591 2685 809 2726 curabant.
825 2684 943 2726 Unde
957 2685 1150 2726 subditur
1167 2685 1220 2739 (v.
1235 2687 1298 2739 40)
1313 2699 1322 2727 :

294 2757 439 2807 Stulti,
460 2767 598 2799 nonne
617 2758 692 2809 qui
722 2757 819 2807 fecit
841 2756 954 2809 quod
973 2756 1131 2808 deforis
1151 2763 1224 2809 est,
1246 2758 1324 2798 sci-

291 2828 386 2868 licet
410 2840 576 2880 corpuS,
598 2828 725 2869 eciam
746 2827 857 2880 quod
884 2827 935 2869 de
961 2828 1081 2870 incus
1105 2833 1165 2870 esc
1191 2829 1326 2879 fecit?

293 2899 447 2939 scilicet
481 2899 694 2951 spiritum.
730 2897 779 2938 In
812 2910 896 2951 quo
936 2898 1065 2939 simul
1099 2899 1327 2941 damnatur

292 2970 466 3010 haeresis
489 2969 837 3019 Manichaeorum,
862 2969 935 3022 qui
966 2969 1050 3010 Deo
1079 2971 1241 3011 auctori
1272 2971 1323 3024 (a)

293 3041 489 3081 tribuunt
510 3041 728 3093 spiritum,
762 3043 802 3080 et
833 3040 1000 3081 diabolo
1031 3053 1199 3094 coerS,
1229 3055 1326 3083 cum

294 3115 437 3153 tamen
460 3111 624 3152 dicatur
649 3111 693 3150 in
716 3112 863 3153 Genesi
883 3116 896 3137 ⁷
922 3127 929 3153 :
964 3126 984 3150 κ
1008 3111 1039 3152 F
1042 3113 1226 3154 ormavit
1246 3112 1327 3153 Do—

295 3184 438 3224 minus
458 3183 568 3224 Dens
588 3182 805 3223 hominem
832 3195 885 3223 ex
906 3183 1008 3223 limo
1031 3185 1169 3235 terrae,
1191 3186 1232 3224 et
1256 3184 1326 3224 in-

296 3256 470 3309 spiravit
500 3256 545 3295 in
575 3255 724 3295 faciem
750 3257 841 3307 eJ'us
872 3254 1131 3307 spiraculum
1158 3256 1273 3297 vitae.
1306 3270 1325 3294 ι)

297 3327 544 3368 Confutatur
571 3325 698 3366 etiam
727 3325 961 3378 hypocrisis
992 3325 1324 3378 Pharisaeorum,

338 3410 350 3431 1
370 3410 487 3449 Mara,
507 3415 576 3450 vu,
603 3410 634 3440 4.
659 3426 699 3432 —
720 3407 735 3428 2
760 3407 932 3448 Ambros.,
956 3408 992 3439 in
1014 3407 1103 3440 hunc
1122 3408 1187 3440 loc.
1214 3410 1325 3451 Lucae,

297 3455 354 3488 lib.
379 3457 447 3488 Vll.
468 3474 509 3479 —
545 3457 556 3474 ³
597 3456 674 3495 Isca„
709 3463 735 3495 1,
774 3456 824 3485 16.
844 3472 885 3478 —
919 3455 929 3473 ‘⁴
963 3454 1099 3495 Jerem„
1132 3464 1179 3496 iv,
1217 3458 1267 3488 14.
1290 3474 1324 3478 -—

299 3503 312 3524 ⁵
329 3503 443 3544 Mich„
468 3511 513 3544 vi,
538 3504 588 3534 12.
605 3520 646 3526 —
665 3500 818 3542 saecla,
839 3510 869 3542 1,
891 3503 940 3533 40.
961 3518 1003 3525 -
1024 3501 1035 3523 ⁷
1059 3502 1152 3542 Gen„
1172 3511 1213 3544 11,
1233 3506 1262 3537 7.
1286 3521 1326 3527 —

300 3551 311 3568 ⁸
329 3551 453 3592 Eccle.‚
473 3557 537 3591 ΧΠ,
557 3551 588 3582 7.
613 3567 654 3573 --
672 3549 684 3568 ⁹
702 3548 835 3590 Ezech„
859 3556 960 3590 xvul,
979 3550 1011 3580 4.
1030 3566 1071 3572 —-
1090 3550 1117 3572 ¹⁰
1135 3550 1272 3591 Mami„
1293 3559 1326 3592 v,

1016 243 1300 287 EVANeffln
1332 228 1521 286 SANCTI
1551 245 1698 287 LUCAE

1391 334 1464 386 qui
1496 334 1578 375 Deo
1605 336 1854 388 satagebant
1883 337 2046 390 placere
2078 339 2207 380 solius
2239 334 2426 390 corporis

1392 406 1698 458 purificatione,
1735 419 1833 447 cum
1865 409 2006 448 tamen
2042 409 2247 450 Dominus
2280 409 2426 450 fecerit.

1393 479 1639 530 utrumque,
1663 481 1702 517 et
1730 478 1915 518 maxime
1947 479 1999 519 sit
2029 481 2218 521 conditor
2249 481 2420 530 animae,

1393 548 1626 588 5000011001
1669 548 1774 588 illud
1807 551 1820 573 ⁸
1858 563 1866 588 :
1908 563 1927 586 «
1964 548 2147 601 Spiritus
2194 552 2335 592 redeat
2372 552 2425 591 ad

1392 618 1541 669 Deum,
1564 619 1635 671 (101
1668 619 1780 659 dedit
1806 618 1942 659 illum.
1966 634 1985 657 »
2018 619 2067 660 Et
2094 620 2293 663 Dominus
2311 635 2423 676 prce—

1394 689 1515 742 cipue
1534 701 1576 730 se
1598 692 1720 730 vocat.
1741 690 1870 730 Deum
1891 690 2132 731 animarum
2152 694 2165 716 ⁹
2188 706 2196 732 :
2230 708 2248 730 «
2270 693 2425 734 Omnes

1393 761 1548 802 animae
1581 774 1687 803 mcae
1723 758 1844 812 sunt,
1878 765 1926 803 ut
1957 762 2099 802 anima
2131 764 2275 815 patris,
2298 765 2356 805 ita
2385 768 2425 805 et

1393 833 1537 872 anima
1565 833 1656 874 filii.
1678 849 1696 870 n
1733 833 1783 874 Et
1811 836 1983 886 propter
2006 833 2086 874 hoc
2117 834 2209 875 vult
2240 836 2426 877 maxime

1393 904 1635 945 animarum
1652 904 1921 955 munditiam,
1937 907 1977 945 et
1992 905 2060 945 tali
2075 905 2283 958 promittit
2302 917 2425 946 suam

1395 978 1693 1029 praesentiam,
1733 978 1968 1018 secundum
2005 977 2108 1017 illud
2142 978 2169 1000 ¹⁰
2213 991 2222 1017 ε
2265 977 2427 1019 «Beati

1394 1049 1555 1089 mundo
1588 1050 1726 1100 corde,
1767 1050 1971 1102 quoniam
2015 1050 2093 1102 ipsi
2130 1050 2263 1092 Deum
2308 1051 2426 1092 vide-

1394 1121 1501 1161 bunt
1533 1135 1541 1161 :
1564 1136 1582 1159 »
1621 1123 1663 1161 et
1689 1121 1782 1161 ideo
1809 1121 2027 1172 Pharisaei,
2053 1121 2125 1174 qui
2155 1122 2205 1162 de
2229 1122 2310 1161 hac
2340 1134 2428 1162 non

1394 1193 1613 1244 curabant,
1637 1196 1685 1233 ut
1710 1193 1825 1233 stulti
1862 1196 1995 1234 erant.
2031 1192 2148 1233 Unde
2180 1193 2425 1246 Chrysosto-

1394 1276 1491 1304 mus
1517 1279 1525 1304 :
1562 1280 1580 1303 <‹
1606 1265 1715 1305 Deus
1751 1277 1889 1318 neque
1924 1277 2152 1318 corporum
2174 1264 2427 1305 munditiam

1393 1335 1552 1386 laudat,
1583 1348 1722 1388 neque
1751 1336 1893 1377 sordes
1922 1337 2188 1377 condemnat.
2218 1335 2334 1376 Pone
2361 1337 2427 1375 ta-

1396 1419 1493 1447 men
1513 1408 1625 1460 quod
1646 1408 1789 1448 sordes
1816 1408 1902 1449 odit
1921 1419 2137 1459 vasorum,
2164 1410 2325 1460 quanto
2345 1407 2430 1459 igi-

1394 1481 1464 1518 tur
1485 1479 1623 1531 magis
1644 1479 1910 1520 conscientiae
1931 1479 2075 1520 sordes
2094 1479 2208 1519 odit?
2237 1478 2353 1520 Unde
2379 1478 2429 1519 de

1395 1549 1474 1589 bac
1499 1551 1712 1603 praecipue
1743 1552 1996 1601 curandum,
2017 1551 2118 1603 quia
2146 1550 2235 1591 sine
2267 1549 2432 1590 mundi-

1395 1620 1453 1660 tia
1473 1621 1738 1661 conscientiae
1759 1621 1863 1661 nihil
1884 1624 1946 1661 est
1964 1621 2190 1661 mundum.
2209 1635 2228 1657 »
2246 1621 2272 1646 ¹¹
2291 1635 2310 1658 (1
2331 1620 2432 1660 0111-

1396 1692 1467 1730 nia
1506 1692 1666 1731 munda
1688 1692 1882 1742 mundis3
1910 1692 2192 1745 coinquinatis
2220 1693 2364 1732 autem
2391 1693 2432 1731 et

1396 1761 1638 1802 infidelibus
1659 1763 1766 1802 1111111
1787 1766 1849 1803 051
1865 1764 2089 1814 mundum,
2105 1763 2177 1804 sed
2197 1763 2431 1816 inquinatae

1403 1836 1501 1873 sunt
1529 1845 1677 1874 eorum
1710 1836 1750 1874 et
1781 1846 1915 1885 mens,
1938 1837 1978 1875 et
2005 1834 2272 1875 conscientia.
2293 1848 2313 1872 2>

1452 1904 1610 1955 Tertio,
1643 1909 1851 1958 quantum
1879 1907 1931 1947 ad
1959 1907 2259 1947 admonitionis
2286 1906 2429 1948 suavi-

1397 1979 1527 2017 tatem
1548 1989 1602 2017 ex
1623 1980 1740 2030 parte
1775 1978 1982 2029 mendici,
2006 1978 2231 2031 subjungit
2250 1979 2304 2028 (v.
2332 1977 2397 2031 M)
2420 1992 2428 2019 :

1405 2048 1703 2091 Verumtamen
1720 2081 1730 2098 ,
1753 2049 1865 2102 quod
1885 2053 2100 2102 superest,
2133 2049 2229 2091 date
2262 2050 2432 2091 eleemo-

1399 2131 1566 2174 synam.
1591 2120 1709 2170 Quod
1730 2124 1942 2174 superest,
1966 2121 2046 2161 hoc
2072 2123 2158 2169 est,
2191 2121 2430 2161 remedium

1400 2193 1514 2244 quod
1532 2195 1676 2242 restat,
1712 2195 1797 2242 051,
1821 2194 1869 2231 ut
1889 2204 1964 2244 per
1994 2192 2305 2244 eleemosynam
2328 2203 2430 2244 pur-

1402 2263 1510 2315 getis
1529 2263 1779 2315 nequitiam.
1803 2263 1997 2303 Secunda
2018 2263 2132 2303 enim
2152 2262 2311 2308 tabula,
2334 2273 2431 2314 quae

1399 2336 1526 2374 restat
1544 2337 1638 2386 post
1671 2334 1972 2386 naufragium,
2006 2336 2067 2373 est
2098 2331 2358 2385 poenitentia.
2382 2330 2433 2371 Et

1399 2405 1480 2445 hoc
1509 2405 1632 2445 modo
1661 2404 1866 2457 accipitur
1898 2404 1968 2444 hic
1999 2404 2286 2455 eleemosyna3
2320 2402 2432 2455 quod

1400 2477 1514 2528 patet
1533 2475 1578 2515 in
1599 2475 1678 2516 hoc
1711 2475 1824 2528 quod
1855 2475 2048 2528 sequitur
2071 2490 2080 2515 :
2104 2476 2158 2517 Et
2176 2485 2264 2516 ecce
2287 2475 2433 2516 Omnia
2495 2497 2498 2500 <

1401 2546 1564 2588 munda
1600 2551 1704 2590 sunt
1740 2548 1872 2589 vobis.
1913 2546 2179 2600 Impossibile
2211 2545 2327 2586 enim
2354 2547 2429 2596 est,

1401 2618 1546 2658 omnia
1565 2631 1685 2671 posse
1714 2618 1911 2659 mundari
1946 2630 2021 2671 per
2053 2617 2183 2658 solius
2212 2615 2433 2657 exterioris

1401 2689 1683 2743 eleemosynae
1718 2689 2037 2741 erogationem,
2068 2688 2141 2729 sed
2168 2689 2344 2729 vocatur
2365 2687 2433 2727 hic

1401 2759 1572 2801 donatio
1593 2761 1872 2814 eleemosynae
1900 2759 2116 2812 quodlibet
2144 2769 2252 2812 opus
2275 2756 2434 2798 miseri-

1402 2831 1555 2872 cordiae
1575 2831 1794 2880 ordinatae,
1818 2842 1915 2884 quae
1945 2831 2132 2882 primum
2159 2829 2308 2881 incipit
2327 2841 2352 2868 a
2372 2839 2430 2876 se,

1402 2903 1634 2944 secundum
1654 2902 1754 2943 illud
1787 2903 1817 2926 ¹³
1841 2917 1850 2943 :
1886 2902 2122 2943 «Miserere
2142 2901 2297 2941 animae
2326 2902 2428 2950 tuae,

1402 2973 1571 3026 placens
1591 2974 1690 3015 Deo.
1716 2988 1735 3011 ›>
1758 2973 1876 3014 Hanc
1889 2972 2222 3013 misericordiam
2248 2970 2328 3010 sibi
2350 2970 2431 3009 im-

1403 3044 1571 3097 pendit,
1603 3057 1702 3085 cum
1740 3057 1783 3085 se
1813 3057 1888 3098 per
1911 3043 2202 3097 poenitentiam
2233 3043 2390 3094 purgat
2410 3053 2435 3081 a

1401 3116 1529 3157 vitiis.
1554 3115 1661 3157 Nam
1682 3115 1802 3156 aliter
1817 3115 1995 3156 crudelis
2015 3116 2078 3154 est
2091 3113 2184 3164 sibi,
2201 3112 2434 3153 secundum

1402 3186 1507 3227 illud
1527 3187 1555 3208 ¹³
1579 3202 1587 3227 :
1619 3202 1638 3225 «
1659 3186 1741 3236 Qui
1767 3186 1906 3238 diligit
1929 3185 2212 3238 iniquitatem,
2235 3184 2321 3225 odit
2340 3182 2431 3223 ani-

1403 3269 1519 3298 mam
1551 3270 1690 3298 suam.
1712 3272 1732 3295 ))
1766 3257 1900 3298 Aliter
1927 3258 2062 3309 potest
2089 3255 2243 3308 exponi
2262 3254 2313 3295 de
2332 3253 2435 3294 elee-

1403 3341 1581 3382 mosyna
1599 3327 1769 3381 proprie
1795 3327 1923 3379 dicta,
1959 3329 2007 3367 ut
2028 3326 2081 3366 sit
2108 3337 2257 3366 sensus
2278 3339 2287 3367 :
2317 3323 2434 3372 Quod

1404 3442 1433 3472 8.
1450 3457 1491 3464 —
1510 3441 1534 3462 1¹
1558 3441 1632 3481 Tit„
1652 3449 1682 3481 1,
1705 3442 1755 3472 15.
1779 3457 1818 3464 —-
1839 3440 1865 3462 1²
1891 3439 2006 3479 Eccli„
2032 3447 2123 3479 xxx,
2149 3439 2201 3470 24.
2221 3453 2263 3462 -—
2294 3437 2316 3456 ¹³
2341 3436 2432 3470 Psal.

1403 3494 1439 3528 x,
1460 3488 1490 3518 6.
1584 3520 1587 3525 ,

1447 3552 1491 3592 (α)
1514 3552 1594 3584 Goet.
1613 3551 1693 3582 edit.
1713 3549 1832 3583 actori.
