2634 3853
248 257 325 297 566

246 344 298 386 Et
315 343 408 384 ideo
428 342 474 383 in
500 341 798 384 Ecclesiastico
820 340 831 362 ¹
856 352 871 379 .·
895 337 972 378 Cor
998 346 1125 375 suum
1144 333 1280 374 tradet

248 415 300 456 ad
320 413 590 466 vigilandum
610 412 808 459 diluculo,
830 423 849 446 »
881 410 958 449 etc.
993 406 1114 447 Tales
1133 404 1277 445 Domi-

248 498 329 527 nus
348 485 589 526 116611116612
613 499 621 524 z
650 499 667 522 <‹
695 483 736 523 Si
757 479 943 522 diluculo
963 475 1281 519 consurrexeris

249 558 302 599 ad
337 556 485 605 Deum,
517 558 557 596 61
594 553 927 606 omnipotentem
961 549 1090 589 fucris
1127 547 1282 599 depre-

250 632 436 679 catus...;
462 643 480 666 1)
507 626 703 668 subditur
730 640 739 665 :
770 639 788 662 «
815 623 963 664 Statim
987 620 1205 672 evigilabit
1230 619 1283 659 ad

250 705 305 752 te,
329 703 369 741 et
388 701 603 753 peceatum
626 697 772 737 reddet
795 692 1087 736 habitaculum
1106 690 1283 745 ι1115111166

252 776 354 814 tuae.
377 785 396 808 ›)
430 770 526 811 Ideo
547 769 687 810 subdit
713 782 721 810 ;
750 769 881 809 Amen
901 766 996 808 dico
1016 765 1149 813 vobis,
1171 762 1285 816 qnod

249 844 480 897 proecl'nqec
526 852 581 891 se,
622 839 901 893 praeparando
948 837 999 878 ad
1042 834 1284 877 retributio-

252 927 352 956 nem
379 916 392 938 ⁸
418 927 426 954 :
461 928 481 951 «
507 912 714 954 Dominus
744 910 958 963 regnavit,
991 909 1185 949 decorem
1225 906 1286 945 in-

254 987 384 1028 dutus
405 987 481 1036 est,
504 999 522 1022 ›>
549 986 625 1025 etc.
650 985 708 1025 Et
729 983 858 1035 faciet
886 981 980 1023 illos
1010 977 1285 1027 discumbere,

255 1058 300 1098 in
327 1060 486 1098 aeterna
503 1056 729 1097 refectione
750 1056 762 1076 ¹
785 1069 793 1095 :
824 1069 842 1092 «
865 1053 957 1105 Ego
988 1062 1159 1105 pascam
1187 1060 1289 1089 oves

256 1141 386 1179 meas,
409 1131 449 1168 et
469 1139 551 1179 ego
567 1139 637 1167 eas
651 1125 856 1166 accubare
873 1124 1039 1165 faciam.
1057 1137 1074 1159 ›)
1096 1121 1149 1163 Ec
1169 1124 1290 1163 tran-

256 1201 371 1242 siens
403 1197 671 1241 ministrabit
704 1197 807 1247 iltis,
842 1207 916 1248 per
950 1193 1291 1235 liberalissimam

259 1270 700 1313 communicationem.
728 1268 973 1317 Transiens,
1000 1266 1043 1307 id
1071 1268 1147 1314 est,
1174 1267 1291 1304 tran-

260 1343 343 1383 sire
359 1342 527 1384 faciens.
542 1340 588 1381 ln
606 1340 898 1381 Ecclesiastico
919 1338 932 1360 5
951 1350 961 1379 :
991 1353 1010 1376 (1
1030 1335 1223 1377 Transite
1242 1335 1293 1375 ad

261 1426 344 1464 me,
366 1425 514 1454 omnes
534 1412 609 1465 qui
629 1410 924 1463 concupiscitis
943 1422 1026 1460 me,
1048 1424 1066 1447 ))
1091 1410 1171 1449 616.
1190 1406 1296 1456 Quia

261 1498 286 1526 a
318 1485 503 1536 Christo,
539 1487 578 1525 et
610 1496 684 1537 per
710 1483 950 1532 Christum,
983 1480 1213 1521 transimus
1244 1479 1297 1520 ad

263 1557 492 1608 Christum,
515 1569 539 1596 a
561 1555 699 1607 gloria
729 1554 882 1595 scilicet
914 1552 1101 1605 corporis
1122 1552 1174 1593 ad
1201 1551 1295 1602 glo-

262 1630 372 1671 riam
403 1628 571 1679 auimae,
596 1629 636 1668 et
667 1628 718 1667 ab
747 1627 827 1667 hac
856 1626 906 1666 ad
935 1625 1116 1677 gloriam
1143 1624 1299 1665 divini-

264 1701 375 1742 tatis.
409 1699 583 1752 Propter
615 1699 726 1750 quod
756 1698 854 1737 dicit
883 1701 895 1722 ⁰
920 1711 928 1736 :
955 1712 973 1734 «
997 1696 1085 1747 Ego
1108 1708 1201 1735 sum
1230 1707 1300 1735 os-

265 1772 395 1821 tium3
419 1782 494 1823 per
512 1781 580 1810 me
600 1769 635 1808 si
649 1767 744 1821 quis
762 1767 988 1817 introierit,
1009 1765 1294 1806 salvabitur.»

265 1842 316 1884 Et
337 1842 350 1863 ⁷
375 1853 385 1883 z
418 1840 550 1893 «Ego
578 1852 672 1881 sum
703 1839 787 1890 via,
809 1838 966 1880 veritas
992 1840 1033 1878 et
1057 1838 1158 1879 vita.
1184 1851 1202 1874 ))
1228 1836 1302 1877 Mi-

266 1915 446 1956 nistrare
465 1915 607 1954 autem
622 1912 775 1953 dicitur
796 1910 999 1960 Christus,
1018 1910 1118 1963 quia
1136 1921 1303 1962 semper

268 1986 383 2027 dabit
420 1984 644 2025 materiam
676 1983 824 2035 gaudii
858 1982 1033 2023 actualis
1069 1980 1304 2022 resectionis

268 2056 545 2098 indeficientis
565 2056 578 2076 ⁸
602 2070 611 2097 :
641 2070 660 2094 «
682 2054 776 2096 Non
801 2054 987 2095 esurient
1006 2064 1146 2106 neque
1166 2052 1307 2093 sitient

271 2129 524 2182 amplius...;
547 2142 566 2165 n
602 2127 793 2180 sequitur
828 2139 838 2166 ε
876 2142 895 2164 (1
925 2125 1134 2174 Quoniam
1163 2137 1307 2177 agnus

272 2201 348 2254 qui
368 2201 413 2240 in
441 2199 582 2240 medio
612 2198 757 2238 throni
782 2200 857 2248 est,
877 2199 1002 2248 reget
1031 2196 1138 2247 illos,
1161 2199 1201 2236 et
1232 2196 1308 2236 de·-

274 2274 398 2315 ducet
428 2272 479 2313 ad
510 2271 610 2313 vitae
641 2271 778 2310 fontes
813 2280 1080 2322 aquarum.»
1107 2268 1120 2289 ⁹
1157 2267 1311 2308 «Beati

274 2345 410 2396 igitur
435 2343 510 2396 qui
531 2342 583 2383 ad
609 2354 774 2384 coenam
802 2341 1053 2394 nuptiarum
1086 2339 1202 2390 Agni
1233 2351 1309 2379 vo-

277 2417 357 2458 cati
383 2418 511 2465 5111111
539 2429 558 2452 1)
585 2414 630 2454 111
652 2427 737 2466 qua
757 2413 908 2465 Agnus
933 2412 1023 2452 51116
1051 2410 1216 2451 macula
1235 2409 1314 2450 erit

279 2499 474 2541 sponsus,
487 2484 620 2536 cibus,
637 2484 851 2534 dominus,
868 2482 1187 2524 6111111115161.»10
1197 2497 1215 2520 (1
1228 2480 1315 2521 1116-

279 2559 536 2600 briabuntur
557 2557 609 2598 ab
634 2556 826 2596 ubertate
856 2555 1009 2595 domus
1034 2556 1136 2604 tuae,
1159 2555 1200 2593 et
1226 2556 1314 2592 tor-

281 2632 398 2670 rente
424 2627 654 2681 voluptatis
675 2630 759 2667 tuae
785 2625 950 2679 potabis
970 2636 1056 2665 eos.
1078 2639 1096 2662 ›)
1133 2624 1213 2664 Iste
1234 2622 1314 2663 mi-

283 2700 478 2740 nistrabit
513 2702 554 2740 et
592 2697 818 2746 invitabit,
857 2696 1091 2737 secundum
1125 2694 1228 2735 illud
1249 2695 1275 2715 ¹¹
1306 2708 1315 2735 2

289 2787 308 2810 (1
330 2771 555 2821 Comedite,
577 2769 720 2820 amici,
743 2770 783 2810 et
807 2768 950 2818 bibite,
974 2770 1015 2808 et
1031 2765 1315 2815 inebriamini,

285 2842 536 2882 charissimi.
557 2856 577 2879 »

340 2913 510 2963 Deinde,
550 2914 758 2965 quantum
796 2911 848 2952 ad
890 2909 1193 2951 beatitudinem
1233 2908 1322 2949 sine

287 2985 549 3037 exceptione,
570 2984 710 3024 subdit
740 2986 795 3036 (v.
821 2985 885 3034 38)
908 2997 917 3023 :
944 2983 1002 3024 Ec
1028 2982 1068 3024 si
1091 2981 1253 3023 venerit
1274 2981 1323 3022 in

287 3056 474 3100 secunda
492 3057 658 3108 vicilia,
676 3061 714 3098 et
726 3057 766 3098 si
782 3057 831 3098 in
851 3056 980 3098 tertia
998 3054 1178 3102 venerit,
1201 3054 1238 3094 ct
1258 3052 1324 3094 ita

289 3129 520 3179 invenerit,
557 3127 670 3169 beate·
707 3131 807 3169 sunt
846 3127 959 3168 servi
994 3124 1074 3166 itti.
1115 3122 1223 3164 Nota
1256 3122 1325 3162 hic

291 3199 403 3253 quod
423 3211 498 3253 per
518 3201 603 3239 tres
621 3197 792 3249 vigilias
810 3197 1113 3248 intelliguntur
1139 3197 1222 3234 tres
1241 3195 1324 3232 sta-

291 3275 362 3312 tus
381 3270 601 3324 praesentis
622 3269 736 3319 vitae,
761 3269 913 3309 scilicet
932 3266 1141 3321 pueritiae,
1168 3267 1323 3317 Juven-

335 3379 343 3399 ¹
370 3377 489 3417 Eucti„
512 3384 637 3415 xxxix,
661 3378 692 3408 6.
712 3393 753 3399 -·
778 3377 791 3397 2
810 3376 882 3413 doc,
905 3383 987 3414 rm,
1017 3377 1047 3414 5,
1077 3376 1106 3405 G.
1132 3390 1173 3395 —
1197 3372 1208 3390 ³
1233 3370 1325 3402 Psal.

292 3434 383 3465 xcn,
407 3429 436 3457 t.
457 3442 497 3448 —
515 3425 529 3447 ὅ
549 3424 679 3463 Εεοεή.,
703 3431 822 3463 xxxiv,
849 3426 895 3455 133.
917 3441 957 3446 —
976 3423 989 3445 ὅ
1009 3421 1129 3459 Εεσῖιζ,
1156 3427 1251 3458 xxw,
1272 3419 1324 3449 213.

295 3491 334 3496 -
363 3474 375 3495 ὓ
392 3474 502 3511 Joan.‚
526 3480 567 3512 x,
588 3474 618 3504 9.
638 3489 680 3495 —
706 3472 715 3490 ⁷
735 3471 844 3508 Jocm„
871 3478 943 3510 xiv,
968 3472 997 3502 6.
1019 3486 1058 3492 —-
1087 3468 1100 3489 ⁸
1120 3468 1235 3508 Apoa,
1256 3472 1327 3505 xvi,

298 3522 420 3560 1218.
447 3537 487 3542 —
512 3521 526 3541 ⁹
550 3520 662 3560 Agma,
695 3527 774 3558 X1x,
802 3521 831 3550 si.
860 3535 898 3540 -—-
925 3518 949 3538 ¹⁰
982 3515 1071 3548 Psrzl.
1098 3522 1202 3553 xxxv,
1233 3516 1263 3544 9.
1288 3529 1328 3535 —

296 3568 321 3589 ¹²
344 3567 455 3609 Cant„
475 3574 508 3607 V,
531 3569 560 3599 1.
580 3584 621 3590 —
646 3567 673 3589 ²²
693 3567 816 3607 Gloss.,
842 3574 884 3596 ex
910 3565 999 3596 Beda
1025 3564 1059 3594 in
1080 3563 1172 3599 Luc„
1192 3561 1249 3591 lib.
1272 3559 1326 3599 lV,

988 243 1270 287 EVANGELII
1302 227 1489 284 SANCTI
1518 239 1669 282 LUCAE

1356 332 1475 382 111115,
1507 332 1548 371 61
1580 329 1817 370 senectutis,
1847 330 1965 372 Unde
1992 331 2135 374 Glossa
2154 332 2279 374 Bedae
2311 334 2341 358 ¹¹
2373 346 2384 375 :

1362 419 1381 442 <‹
1410 401 1586 454 Vigilias
1606 404 1727 442 vocat
1752 401 1804 442 ad
1830 401 2148 444 similitudinem
2169 405 2386 446 excuban-

1355 473 1465 514 tium
1490 472 1534 512 in
1553 474 1687 512 nocte.
1711 471 1853 512 Prima
1871 472 2022 524 vigilia
2050 476 2263 526 custodiae,
2279 489 2385 529 puea

1357 544 1467 584 ritiae
1498 545 1574 592 est,
1599 543 1782 584 secunda
1820 546 1883 584 est
1910 544 2163 596 juventutiS,
2195 549 2235 587 61
2266 547 2388 588 tertia

1361 614 1601 655 senectutis.
1635 613 1677 655 Si
1710 614 1805 667 quis
1832 614 1875 654 in
1910 614 2092 666 pueritia
2117 615 2294 668 vigilare
2320 630 2391 659 ne-

1360 685 1556 738 glexerit,
1578 697 1664 726 non
1691 688 1834 725 tamen
1858 685 2063 738 desperet.
2088 685 2131 727 Si
2162 686 2207 726 in
2229 689 2389 740 juven-

1361 758 1449 797 tute
1468 756 1720 808 neglexerit,
1743 755 1890 796 saltem
1909 757 2079 797 tandem
2098 757 2142 797 in
2159 758 2276 798 senio
2294 759 2394 799 resi-

1362 827 1509 881 piscat,
1534 828 1634 881 quia
1654 828 1748 880 pius
1769 827 1972 868 Dominus
1993 828 2284 880 poenitentiam
2302 841 2396 870 nos-

1362 902 1474 940 tram
1502 899 1707 952 patienter
1731 900 1935 952 expectat.
1958 912 1977 936 ))
2006 899 2146 941 lsaias
2174 899 2233 941 ¹³:
2262 915 2282 938 (ι
2301 899 2398 941 Pro-

1363 973 1508 1023 pterea
1528 972 1720 1023 expectat
1736 969 1955 1019 Dominus,
1973 972 2021 1010 ut
2042 970 2294 1011 misereatur
2310 983 2399 1012 ves-

1365 1042 1419 1082 tri
1442 1056 1451 1083 :
1481 1045 1522 1082 et
1550 1041 1644 1082 ideo
1665 1041 1920 1081 exaltabitur
1945 1052 2121 1093 parcens
2140 1042 2275 1093 vobis,
2298 1043 2399 1095 quia

1367 1114 1476 1154 Deus
1491 1112 1642 1165 judicii
1666 1112 1870 1153 Dominus
1893 1126 1902 1154 t
1926 1112 2038 1153 beati
2065 1124 2212 1153 omnes
2232 1114 2305 1166 qui
2325 1126 2401 1155 ex-

1368 1186 1535 1237 pectant
1555 1196 1670 1224 eum.
1691 1198 1710 1221 »
1747 1183 1799 1224 Et
1826 1185 1925 1224 nota
1955 1184 2068 1236 quod
2094 1183 2139 1223 in
2169 1184 2311 1226 Marco
2344 1185 2398 1237 (a)

1368 1256 1640 1296 insinuantur
1663 1257 1845 1308 quatuor
1864 1254 2028 1306 vigiliae
2053 1255 2288 1296 secundum
2309 1267 2400 1296 mo-

1370 1327 1475 1368 dum
1489 1326 1766 1367 distinctionis
1780 1325 1984 1367 horarum
2004 1326 2117 1379 apud
2131 1327 2401 1367 excubantes.

1377 1398 1626 1451 «Vigilate,
1654 1398 1795 1451 inquit
1816 1397 1857 1449 ¹⁵,
1887 1398 2055 1438 nescitis
2085 1398 2201 1438 enim
2235 1399 2405 1451 quando

1373 1470 1571 1511 dominus
1617 1470 1769 1511 domus
1814 1469 1976 1519 veniat,
2019 1481 2137 1519 sero,
2181 1481 2236 1509 an
2270 1469 2408 1511 media

1373 1544 1510 1593 nocte,
1532 1554 1587 1582 an
1609 1541 1711 1593 galli
1731 1544 1872 1591 cantu,
1889 1553 1943 1581 an
1963 1552 2102 1581 mane.
2124 1555 2143 1578 »
2168 1540 2219 1581 Et
2237 1553 2312 1594 per
2331 1542 2408 1582 has
2452 1547 2568 1584 Vigiliae

1374 1613 1546 1665 vigilias
1567 1613 1865 1664 intelliguntur
1886 1614 2069 1664 quatuor
2089 1615 2238 1664 status,
2254 1613 2299 1652 in
2319 1613 2409 1666 qui·
2430 1592 2561 1667 {³53er

1375 1686 1454 1724 bus
1474 1685 1604 1724 homo
1634 1683 1770 1723 utitur
1798 1683 1991 1723 libertate
2015 1683 2177 1723 arbitrii
2209 1695 2219 1723 ε
2247 1683 2411 1736 primus

1377 1759 1418 1796 61
1438 1755 1629 1805 ultimus,
1651 1757 1692 1795 et
1717 1755 1801 1795 duo
1828 1754 2082 1802 intermedii,
2104 1766 2216 1795 unus
2246 1755 2292 1795 in
2319 1767 2412 1808 pro-

1377 1829 1502 1876 fectu,
1526 1829 1567 1867 et
1598 1826 1702 1867 alter
1730 1826 1773 1866 in
1803 1826 2095 1867 declinatione.
2128 1826 2176 1866 In
2205 1838 2289 1879 quo
2314 1826 2414 1867 insi-

1379 1901 1539 1940 nuatur
1565 1898 1676 1951 quod
1703 1898 1908 1938 Dominus
1941 1900 2057 1938 omni
2086 1899 2205 1949 hora,
2228 1899 2319 1940 sine
2345 1912 2415 1940 ex-

1381 1971 1586 2024 ceptione,
1606 1972 1798 2010 nostram
1815 1973 2000 2022 acceptat
2021 1970 2229 2023 vigiliam,
2251 1972 2323 2012 sed
2340 1984 2416 2025 po-

1382 2042 1542 2083 tissime
1561 2041 1678 2082 illam
1698 2053 1796 2094 quae
1814 2041 1960 2095 incipit
1980 2055 2004 2083 a
2023 2043 2204 2095 pueritia
2224 2044 2252 2068 ¹5
2274 2055 2283 2084 :
2303 2058 2322 2081 (ε
2342 2043 2418 2084 Bo-

1382 2126 1490 2155 num
1528 2117 1589 2154 est
1619 2114 1728 2163 viro,
1762 2126 1861 2154 cum
1898 2114 2130 2167 portaverit
2159 2116 2326 2167 Jugum
2364 2116 2417 2155 ab

1385 2186 1664 2226 adolescentia
1683 2198 1775 2226 sua.
1793 2200 1811 2222 ›)
1837 2185 1889 2226 Et
1908 2188 2050 2226 tamen
2070 2186 2196 2226 etiam
2215 2187 2418 2228 ultimum

1384 2257 1550 2297 senium
1583 2269 1669 2297 non
1705 2259 1871 2297 recusat
1907 2256 2109 2297 Dominus
2122 2271 2131 2307 3
2172 2258 2285 2298 unde
2316 2257 2417 2298 dici-

1385 2332 1458 2369 tur
1478 2329 1524 2380 ¹⁶,
1547 2328 1661 2380 quod
1688 2343 1706 2366 «
1726 2330 1876 2380 quarta
1899 2327 2048 2379 vigilia
2073 2327 2208 2368 noctis
2227 2328 2346 2370 venit
2368 2328 2420 2369 ad

1388 2399 1615 2452 discipulos
1635 2398 1857 2438 ambulans
1877 2410 2002 2450 super
2023 2410 2155 2438 mare.
2175 2412 2194 2435 n
2230 2398 2422 2447 Qualibet

1389 2483 1494 2524 ergo
1514 2470 1621 2511 hora
1641 2482 1728 2510 non
1747 2472 1807 2510 est
1826 2469 1989 2519 inutile,
2013 2470 2085 2511 sed
2110 2470 2290 2523 perutile
2312 2470 2424 2522 vigi-

1390 2544 1492 2594 lare,
1514 2542 1625 2582 infra
1644 2541 1671 2564 ¹⁷
1689 2555 1697 2582 :
1725 2540 1942 2593 «Vigilate,
1960 2542 2078 2582 omni
2095 2544 2283 2595 tempore
2302 2553 2425 2582 oran-

1391 2618 1468 2666 165,
1492 2617 1541 2655 ut
1566 2613 1684 2665 digni
1718 2613 1963 2653 habeamini
1989 2614 2142 2665 sugere
2167 2613 2248 2653 ista
2279 2612 2423 2653 omnia

1392 2698 1490 2740 quae
1522 2686 1665 2726 futura
1696 2690 1809 2736 sunt,
1844 2687 1885 2725 et
1913 2687 2023 2726 stare
2055 2686 2154 2725 ante
2187 2684 2325 2725 filium
2355 2685 2428 2726 ho-

1394 2757 1538 2797 minis.
1561 2770 1580 2794 1)

1451 2831 1517 2869 39.
1540 2828 1629 2870 Hoc
1649 2828 1789 2869 azztem
1809 2827 1974 2877 scitote,
1995 2828 2073 2868 etc.
2094 2826 2129 2867 H
2134 2827 2171 2868 ic
2190 2826 2312 2867 tertio
2331 2827 2428 2868 suh-

1392 2900 1540 2953 ι11111311
1571 2897 1882 2939 stimulativum
1913 2897 1966 2938 ad
1994 2897 2282 2950 vigilandum,
2315 2897 2428 2950 quod

1397 2970 1627 3011 introducit
1645 2981 1720 3022 per
1737 2968 2066 3020 hunc-modum,
2089 2969 2133 3009 in
2156 2968 2429 3021 proponendo

1398 3042 1645 3095 exemplum
1694 3040 2005 3094 parabolicum,
2056 3042 2096 3081 et
2141 3039 2429 3081 concludendo

1398 3114 1625 3168 principale
1643 3113 1871 3153 intentum.

1454 3186 1648 3227 Primum
1677 3196 1783 3235 ergo
1821 3182 1993 3236 exponit
2030 3182 2276 3236 exemplum
2307 3195 2430 3236 para-

1401 3258 1601 3308 bolicum,
1623 3268 1721 3297 611111
1740 3255 1837 3296 dicit
1859 3267 1870 3296 ε
1893 3254 1978 3296 Hoc
1999 3258 2140 3297 autem
2158 3256 2320 3306 scitote,
2335 3266 2432 3309 quo-

1403 3365 1433 3386 6.
1468 3361 1538 3393 Ην,
1567 3352 1621 3383 vel
1650 3351 1763 3392 potius
1789 3359 1830 3381 ex
1851 3350 1965 3390 Greg„
1995 3350 2029 3381 in
2060 3351 2201 3392 Evanq„
2232 3351 2325 3383 hom.
2354 3358 2431 3391 xm,

1403 3412 1438 3434 n.
1465 3403 1496 3433 5.
1522 3417 1563 3422 -
1590 3400 1616 3421 1³
1641 3400 1720 3437 Iso„
1743 3405 1832 3437 xxx,
1869 3399 1918 3429 18.
1943 3414 1984 3420 —
2016 3398 2042 3420 Ν
2068 3400 2188 3436 Marc„
2213 3406 2300 3440 xm,
2323 3400 2374 3430 35.
2392 3416 2432 3422 —

1404 3450 1428 3470 1⁵
1455 3448 1588 3484 Tlaren„
1614 3453 1670 3485 111,
1700 3446 1752 3476 27.
1783 3461 1822 3467 —
1847 3445 1872 3465 ¹⁶
1896 3444 2028 3481 itlattlz„
2057 3453 2128 3487 XLV,
2155 3448 2207 3478 25.
2232 3463 2273 3470 —
2299 3444 2322 3466 ¹⁷
2356 3445 2432 3485 lnf„

1405 3503 1477 3536 xxi,
1496 3497 1548 3527 36.
1591 3517 1594 3522 .

1450 3554 1492 3595 (a)
1519 3553 1600 3585 Caet.
1623 3551 1702 3583 edit.
1725 3551 1816 3593 quod
1836 3550 1917 3583 dicit
1934 3552 2079 3586 Marcus.
