2587 3845
235 162 285 200 14
841 155 1114 199 EXPOSITIO
1144 154 1197 196 IN
1228 153 1424 198 LIBRUM
1451 156 1762 199 SAP1ENT1AE.

231 247 417 288 masceni
435 248 446 269 ¹
480 261 489 288 ι
515 262 534 287 (ι
555 247 702 297 Omne,
723 245 836 300 quod
865 258 890 287 a
906 246 1104 288 versione
1127 245 1255 286 incoe-

230 318 306 371 pit,
329 318 514 360 versioni
541 318 780 370 subJectum
800 319 876 357 est.
905 331 925 354 ι)
958 318 1061 357 Item
1089 317 1260 367 Augus-

230 389 346 430 tinus
365 395 379 414 ²
399 402 408 430 :
436 388 669 430 «Naturale
698 390 785 438 est,
806 388 921 440 quod
953 399 1005 428 ex
1025 387 1160 427 nihilo
1181 388 1255 436 est,

231 460 276 501 in
294 460 479 502 nihilum
499 472 618 513 posse
638 459 807 501 resolvi.
831 473 850 497 υ
876 459 996 508 Quod
1015 458 1258 510 intelligen-

231 531 333 572 dum
353 535 416 572 est
443 532 492 572 de
512 531 784 584 possibilitate
815 531 964 582 primae
995 528 1256 582 aptitudinis,

230 613 316 642 non
337 601 615 650 necessitatis;
658 601 758 652 quia
792 612 926 640 manu
961 599 1166 640 Creatoris
1203 601 1258 638 te·

231 675 410 721 nentur,
442 685 495 713 nc
523 673 566 712 in
603 671 790 712 nihilum
821 671 986 720 cadant,
1020 670 1128 710 sicut
1161 668 1260 709 dicit

233 742 463 795 Gregorius
483 743 511 783 ³.
539 743 746 792 Quoniam
769 742 927 793 famus,
949 740 1103 781 scilicet
1121 751 1256 792 quan-

231 816 324 854 tum
345 812 398 853 ad
417 812 614 865 spii-itum
634 811 805 853 vitalem
833 823 1084 864 corporeum
1108 810 1258 850 intrin-

233 895 376 924 secum
400 897 409 924 :
438 884 583 924 sumus
608 883 721 924 enim
754 885 816 923 est
847 894 981 934 vapor
1010 882 1186 934 igneus3
1219 883 1260 920 et

232 954 404 1007 spiritus
430 954 566 994 vitalis
595 955 659 994 est
685 965 839 1005 corpus
864 952 1015 993 subtile
1047 952 1225 1003 igneum
1247 963 1256 991 :

233 1028 272 1067 et
290 1025 434 1076 slatus,
457 1024 497 1065 id
517 1027 594 1073 est,
617 1025 783 1074 ventus,
814 1023 953 1075 quoad
974 1022 1169 1075 spiritum
1185 1034 1257 1062 ex-

232 1095 430 1136 teriorem
447 1106 719 1147 corporeum,
742 1094 815 1147 qui
838 1094 1024 1146 spiratur
1040 1096 1054 1117 ‘²
1078 1107 1086 1133 z
1116 1108 1135 1130 «
1155 1092 1257 1141 Quae

231 1169 294 1206 est
312 1166 400 1207 vita
414 1166 584 1207 vestra?
605 1176 737 1217 vapor
755 1166 817 1204 est
845 1163 898 1203 ad
930 1163 1146 1203 modicum
1182 1175 1255 1215 pa-

230 1247 341 1276 rens.
363 1250 382 1273 »
405 1238 417 1259 ⁵
437 1235 617 1276 «Ventus
637 1237 697 1275 est
716 1234 803 1275 vita
824 1246 964 1274 mea.»
990 1233 1184 1275 Psalmus
1207 1234 1220 1255 ὃ
1246 1248 1254 1274 :

236 1321 255 1344 α
278 1306 525 1347 Defecerunt
543 1306 649 1346 sicut
667 1306 811 1346 fumus
830 1305 919 1346 dies
938 1304 1036 1345 mei.
1063 1319 1082 1342 n
1110 1304 1163 1345 1η
1185 1315 1259 1346 na-

229 1377 347 1418 ribus
370 1378 549 1426 nostri&
571 1376 651 1417 hoc
671 1375 770 1416 dicit
788 1375 1075 1428 spiritualiter,
1096 1388 1122 1415 a
1140 1378 1258 1428 parte

228 1449 367 1488 totum
395 1459 547 1501 corpus
575 1446 678 1487 dans
710 1445 946 1497 intelligere
974 1449 1144 1498 propter
1163 1445 1259 1486 faci-

228 1517 313 1559 lem
328 1518 501 1568 exitum,
517 1518 591 1570 qui
602 1520 664 1558 est
681 1517 732 1569 (α)
751 1517 795 1556 in
806 1516 982 1557 naribus
996 1531 1006 1566 ;
1020 1517 1121 1556 item
1136 1529 1258 1569 prop-

229 1592 293 1629 ter
318 1589 720 1638 manifestationem,
745 1588 846 1640 quia
876 1587 934 1627 ibi
955 1587 1198 1639 inspirando
1218 1590 1259 1628 et

228 1659 474 1711 respirando
483 1658 622 1710 magis
631 1658 1260 1700 manifestatur.Etsermoscz'n—

230 1728 324 1770 tilla
342 1728 400 1770 ad
427 1728 769 1770 commovendam
795 1738 865 1769 cor
890 1732 1098 1776 nostram,
1121 1727 1164 1768 id
1181 1731 1256 1778 est,

228 1798 371 1839 anima
386 1799 578 1839 scintillae
598 1798 910 1851 comparabilis,
928 1801 974 1838 ut
984 1798 1083 1838 dicit
1096 1797 1256 1847 Glossa;

227 1869 341 1910 unde
366 1870 379 1891 ⁷
417 1882 427 1910 ε
476 1869 716 1919 «Quaerunt
750 1868 1003 1920 extinguere
1034 1867 1259 1908 scintillam

228 1952 414 1982 meam.»
442 1940 598 1981 Anima
611 1942 754 1981 autem
774 1949 905 1981 sermo
920 1939 1086 1989 dicitur,
1107 1951 1259 1980 secun-

228 2012 331 2053 dum
357 2013 668 2065 reputationem
697 2011 951 2061 infidelium,
976 2010 1079 2064 quia
1108 2022 1256 2051 secun-

228 2082 332 2124 dum
364 2095 436 2124 eos
456 2083 563 2123 nihil
582 2085 645 2123 est
665 2083 711 2123 in
730 2094 776 2123 re
789 2113 799 2132 ‚
829 2082 901 2123 sed
922 2084 1087 2122 tantum
1107 2093 1257 2122 secun-

230 2154 332 2195 dum
351 2166 508 2195 nomen
527 2154 595 2195 vel
615 2166 855 2195 sermonem
875 2165 885 2193 z
906 2152 1097 2193 scintillae
1115 2154 1260 2193 autem

229 2228 519 2278 comparatur,
552 2225 653 2278 quia
686 2224 920 2265 secundum
939 2223 1104 2276 aliquos
1121 2222 1259 2275 philo-

229 2296 384 2348 sophos
399 2297 411 2318 8
429 2296 572 2337 anima
591 2296 699 2336 dicta
712 2296 793 2337 fuit
806 2295 946 2348 igneae
967 2306 1058 2335 esse
1076 2296 1257 2334 naturae.

228 2365 303 2407 Vel
315 2366 468 2407 melius
481 2369 618 2419 potest
629 2367 709 2407 dici
720 2367 862 2408 anima
873 2378 1012 2407 sermo
1026 2365 1078 2406 ab
1091 2364 1258 2414 effectu,

230 2449 327 2489 quae
346 2437 500 2478 scilicet
526 2437 653 2479 habet
683 2438 773 2479 vim
805 2435 1135 2485 sermocinandi;
1155 2435 1260 2475 scin-

229 2506 329 2548 tillae
349 2510 492 2548 autem
512 2511 782 2561 comparatur
792 2510 964 2561 propter
978 2509 1144 2547 naturae
1163 2505 1263 2547 sub-

229 2578 439 2629 tilitatem,
459 2581 501 2618 et
522 2581 664 2619 motus
683 2578 933 2631 agilitatem.
961 2576 1080 2618 Unde
1099 2577 1111 2598 ⁹
1135 2591 1143 2617 :
1172 2591 1192 2614 ε(
1211 2575 1262 2616 Εῖ

229 2651 434 2700 tanquam
447 2647 640 2688 scintillae
657 2649 702 2688 in
713 2648 962 2689 arundineto
979 2647 1255 2688 discurrent.»

231 2717 352 2769 Item,
372 2721 543 2771 propter
567 2719 802 2759 durationis
820 2718 1087 2768 brevitatem,
1109 2729 1258 2758 secun-

231 2789 335 2830 dum
376 2789 592 2839 infideles;
631 2789 745 2830 unde
776 2788 921 2829 Glossa
959 2802 969 2829 :
1009 2803 1028 2826 «
1060 2786 1261 2828 Scintillae

231 2859 542 2912 comparabilis,
565 2871 662 2913 quae
692 2859 834 2900 statim
862 2858 1022 2900 nihil.»
1054 2857 1123 2899 Aa
1150 2868 1259 2901 com-

232 2929 484 2971 movendum
518 2939 588 2972 cor
608 2934 823 2980 nost-rum,
857 2929 899 2970 id
930 2931 1006 2980 est,
1037 2929 1258 2970 vivifican-

232 2999 351 3050 dum,
373 2999 442 3040 vel
455 3000 759 3051 vegetandum,
783 2999 1022 3041 secundum
1045 2998 1258 3039 Glossam:

238 3085 258 3109 α
276 3069 509 3123 Respiratio
541 3072 605 3111 est
636 3071 686 3112 in
715 3070 894 3113 naribus
922 3071 1100 3120 nostris,
1121 3069 1164 3111 id
1183 3073 1259 3121 est,

233 3141 278 3182 in
298 3141 546 3194 corporibus
563 3142 732 3192 nostris,
754 3142 813 3183 ita
830 3143 1026 3195 prompta
1044 3140 1097 3182 ad
1107 3152 1263 3182 exeun-

234 3212 338 3253 dum
358 3213 409 3254 de
428 3224 624 3266 corpore,
646 3213 754 3253 sicut
782 3213 906 3254 ssatus
925 3212 976 3253 de
993 3222 1110 3252 nare.
1131 3224 1151 3248 »

277 3295 289 3316 ¹
307 3296 482 3333 Damaso„
505 3295 589 3326 Dial.
620 3294 693 3326 adv.
722 3294 880 3335 Manich„
907 3293 1104 3335 longissime
1127 3302 1147 3324 a
1171 3294 1261 3326 med.

233 3359 273 3366 —
294 3342 306 3360 ²
324 3343 396 3374 lmo
416 3342 585 3383 Fulgent„
604 3342 643 3373 cle
661 3341 743 3374 Fid.
765 3342 809 3373 ad
827 3342 932 3381 Pelr„
952 3350 982 3374 c.
1003 3348 1037 3372 v.
1055 3357 1096 3364 —
1113 3340 1127 3362 ³
1147 3340 1262 3381 Greg„

233 3389 367 3428 morat,
386 3389 446 3422 lib.
467 3390 539 3422 XV!
553 3413 561 3428 ‚
583 3399 611 3422 0.
640 3397 742 3421 xvm.
764 3406 801 3412 —
820 3388 834 3410 4
855 3389 938 3427 lac„
959 3396 1006 3428 ιν,
1027 3389 1078 3419 15.
1103 3404 1140 3410 —
1160 3388 1174 3409 δ
1191 3388 1263 3427 Job,

235 3443 297 3476 vn,
311 3438 385 3468 7.-
399 3436 511 3468 ⁶Psal.
531 3445 578 3477 ei,
597 3439 671 3469 5.—
689 3437 703 3459 ⁷
719 3438 745 3468 Η
767 3437 860 3477 Rey..
874 3443 944 3476 xlv,
965 3437 1040 3467 Ἱ.-
1060 3433 1074 3457 ⁸
1094 3434 1206 3474 Arist„
1226 3434 1265 3466 de

1387 249 1425 289 3.
1478 247 1678 300 Sequitur
1728 257 1738 284 :
1787 244 1896 291 Quia
1939 243 1988 297 (b)
2023 246 2210 288 eoetz'ncta
2228 276 2240 297 ,
2279 250 2357 288 etc.

1334 316 1446 359 Bene
1464 318 1571 359 dixit
1591 318 1653 368 (c),
1677 314 1790 369 quod
1811 314 1952 355 anima
1970 318 2238 368 comparatur
2251 317 2359 357 scin-

1334 387 1451 437 tillae,
1473 388 1585 440 quod
1604 387 1684 427 cito
1704 384 2033 435 extingueretur
2056 398 2065 425 :
2089 386 2190 437 quia
2209 398 2361 438 corpus

1334 460 1527 498 nostrum
1554 457 1633 498 erit
1660 456 1772 498 cinis
1800 455 2038 505 extinctus,
2075 455 2232 496 scilicet
2271 460 2363 508 post

1334 528 1490 568 animae
1508 528 1825 575 extinctionem,
1848 537 1946 577 quae
1966 525 2199 565 secundum
2220 526 2364 566 infide-

1334 598 1395 639 les
1413 599 1458 639 in
1478 601 1614 640 morte
1640 596 1924 649 extinguitur.
1950 594 2031 636 Sed
2056 596 2198 636 veri0r
2227 596 2363 638 littera

1335 672 1397 709 est
1413 669 1510 721 Qua
1528 669 1720 712 eoelincta
1751 682 1763 708 :·
1789 665 2021 708 secundum
2059 678 2189 718 quam
2219 666 2361 708 lectio-

1334 751 1454 789 nem,
1495 740 1583 781 sive
1622 739 1827 788 litteram,
1864 735 2109 786 dicendum,
2146 736 2259 789 quod
2295 737 2365 777 hic

1333 811 1474 862 tangit
1501 821 1674 851 causam
1710 808 1915 849 motivam
1946 819 2000 848 ex
2032 806 2366 848 consideratione

1331 880 1604 922 resolutionis
1632 894 1641 920 ε
1682 881 1724 919 θῖ
1742 878 1904 931 primo,
1944 890 1998 919 ex
2033 877 2366 919 consideratione

1332 951 1602 992 resolutionis
1630 952 1838 1003 quantum
1876 948 1928 989 ad
1960 960 2132 1001 corpus;
2165 949 2362 999 secundo,

1334 1023 1544 1074 quantum
1563 1021 1615 1062 ad
1635 1020 1856 1074 spiritum,
1879 1019 1937 1059 ihi
1961 1033 1970 1060 :
1995 1019 2186 1072 Spiritus
2205 1019 2367 1073 diffun-

1334 1092 1482 1142 detur,
1503 1095 1599 1141 etc.;
1633 1093 1775 1141 tertio,
1800 1091 2012 1143 quantum
2041 1089 2094 1130 ad
2122 1090 2257 1130 vitam
2281 1104 2290 1130 :
2312 1091 2366 1133 Et

1335 1161 1541 1204 transibit
1559 1161 1652 1203 vica
1668 1164 1829 1213 nostra,
1852 1162 1930 1201 etc.

1387 1232 1494 1273 Dicit
1513 1243 1619 1283 ergo
1638 1244 1649 1272 z
1681 1232 1786 1281 Qua,
1807 1231 1966 1272 scilicet
1985 1231 2150 1281 anima,
2174 1231 2366 1273 extincta

1333 1302 1569 1344 secundum
1591 1314 1683 1353 eos,
1720 1303 1834 1344 cinis
1855 1303 1935 1344 eric
1969 1311 2121 1354 corpus
2155 1305 2362 1344 nostrum.

1333 1375 1360 1396 ¹⁰
1378 1388 1398 1412 a
1416 1372 1570 1414 Omnes
1589 1373 1785 1414 homines
1802 1375 1915 1413 terra
1935 1376 1975 1413 et
1995 1372 2114 1413 cinis,
2139 1386 2158 1410 n
2181 1371 2285 1412 Item
2303 1373 2329 1397 ¹¹
2354 1387 2362 1411 ε

1340 1460 1358 1483 (‹
1377 1444 1544 1498 Loquar
1582 1445 1635 1485 ad
1671 1444 1902 1485 Dominum
1939 1456 2081 1485 meum
2096 1475 2108 1494 ,
2145 1455 2246 1484 cum
2286 1443 2366 1483 sim

1332 1515 1476 1568 pulvis
1497 1517 1538 1555 et
1557 1514 1684 1555 cinis?
1711 1529 1730 1553 ›)
1757 1513 1838 1555 Per
1868 1514 2234 1567 consumptionem
2252 1514 2367 1555 enim

1332 1586 1500 1628 humidi
1518 1585 1724 1627 naturalis
1745 1598 1770 1626 a
1790 1585 1942 1636 calore,
1965 1596 2120 1638 corpus
2151 1585 2367 1625 consumi-

1332 1661 1418 1709 tur,
1439 1661 1479 1698 et
1497 1658 1541 1698 in
1559 1658 1744 1699 cinerem
1775 1657 1957 1698 vertitur
1972 1689 1982 1708 ,
2006 1661 2045 1699 et
2064 1657 2246 1709 spiritus
2274 1668 2367 1697 cor-

1332 1740 1488 1781 poreus
1505 1728 1647 1770 vitalis
1673 1727 1957 1781 diffunditur,
1979 1727 2136 1768 scilicet
2153 1727 2368 1769 redeundo

1332 1798 1378 1838 in
1397 1810 1475 1838 sua
1494 1797 1702 1851 principia
1725 1798 2037 1850 componentia,
2058 1802 2266 1851 tanquam
2295 1808 2369 1840 aer

1332 1868 1486 1920 molliS,
1509 1868 1643 1919 idest,
1664 1867 1841 1909 faciliter
1859 1871 1900 1909 et
1917 1868 2208 1910 invisibiliter:
2231 1867 2369 1909 mollis

1333 1941 1478 1980 autem
1497 1939 1650 1980 dicitur
1683 1951 1776 1990 aer,
1808 1940 1908 1992 quia
1932 1952 2020 1981 non
2047 1940 2206 1981 resistit
2223 1940 2366 1981 tactui.

1332 2008 1409 2050 Vel
1427 2010 1614 2062 spiritus
1651 2009 1948 2063 incorporeus,
1973 2010 2064 2052 sive
2097 2011 2252 2061 anima,
2275 2010 2366 2062 dif-

1332 2080 1561 2132 fundetur,
1594 2081 1637 2122 id
1666 2083 1751 2131 est,
1783 2085 2004 2123 evanescet
2046 2084 2086 2123 et
2115 2081 2369 2124 dissolvetur

1333 2151 1567 2193 secundum
1586 2164 1678 2204 θοε,
1701 2153 1828 2205 Juxta
1854 2152 1957 2195 illud
1980 2153 2137 2195 Psalmi
2158 2155 2187 2176 ¹²
2209 2166 2250 2195 2«
2269 2154 2367 2207 Spi-

1333 2221 1441 2263 ritus
1457 2223 1729 2275 pertransibit
1748 2223 1793 2264 in
1812 2223 1905 2275 illo,
1938 2227 1978 2265 et
1997 2236 2084 2266 non
2108 2225 2321 2277 subsistet,
2343 2240 2362 2263 ›)

1334 2296 1413 2335 ete.
1435 2295 1491 2337 Ec
1513 2295 1717 2339 transibit
1733 2296 1829 2339 vita
1848 2300 2010 2347 nostra,
2032 2296 2075 2337 id
2098 2300 2173 2348 est,
2198 2308 2273 2350 per
2290 2309 2365 2338 an-

1335 2365 1633 2407 nihilationem
1651 2379 1830 2408 suorum
1852 2367 2160 2420 principiorum
2185 2367 2368 2409 totaliter

1335 2435 1512 2478 desinet.
1528 2437 1583 2480 Ec
1600 2437 1715 2481 sicut
1735 2438 1967 2491 vestiqium
1983 2438 2126 2490 nubis,
2151 2438 2263 2492 quod
2282 2450 2369 2479 non

1333 2510 1506 2560 apparet
1535 2510 1632 2560 post
1650 2508 1777 2549 nubis
1796 2509 2101 2551 resolutionem
2122 2515 2149 2536 ¹³
2170 2522 2180 2550 z
2204 2523 2224 2548 ε(
2241 2507 2368 2550 Velut

1333 2577 1470 2618 nubes
1498 2579 1743 2630 pertransiit
1770 2579 1884 2620 salus
1914 2592 2023 2630 mea,
2045 2594 2065 2618 n
2091 2579 2246 2621 scilicet
2263 2583 2369 2621 tem-

1334 2647 1503 2700 poralis.
1520 2649 1548 2673 ¹²
1577 2663 1596 2687 c<
1615 2648 1733 2689 Sicut
1751 2650 2018 2690 consumitur
2038 2650 2188 2700 nubes,
2210 2652 2252 2691 et
2270 2661 2365 2702 per-

1333 2718 1520 2769 transiit;
1554 2719 1614 2760 sic
1642 2719 1717 2772 qui
1746 2719 1960 2761 descendit
1989 2719 2041 2760 ad
2069 2720 2246 2772 inferos,
2281 2731 2369 2761 non

1335 2789 1543 2831 ascendet.
1566 2803 1585 2827 »
1607 2789 1664 2833 Ec
1681 2790 1794 2833 sicut
1813 2790 1968 2833 nebula
1986 2790 2255 2841 dissolvetur,
2270 2802 2367 2845 quae

1335 2859 1495 2901 scilicet
1526 2862 1590 2902 θεῖ
1618 2860 1799 2914 reliquia
1832 2861 1985 2912 nubis;
2017 2860 2155 2903 nubes
2182 2861 2297 2902 enim
2315 2872 2368 2902 ex

1334 2943 1492 2984 vapore
1510 2932 1714 2985 grossiori
1735 2935 1777 2973 et
1793 2932 2044 2986 depressiori
2063 2933 2274 2982 consistit3
2296 2943 2369 2973 ne-

1335 3001 1437 3044 bula
1456 3014 1557 3045 vero
1586 3015 1641 3044 ex
1674 3003 1846 3054 rariori;
1882 3014 1976 3056 quse
2008 3003 2164 3045 scilicet
2194 3002 2364 3054 nebula,

1334 3074 1490 3127 fugata
1511 3077 1573 3117 est
1601 3085 1630 3116 a
1650 3073 1791 3116 radiis
1812 3073 1936 3124 solis,
1959 3074 2096 3115 calore
2115 3073 2368 3115 continentis

1335 3144 1444 3186 aeris
1463 3145 1675 3186 adunante
1694 3148 1849 3198 parteS,
1874 3148 1916 3186 et
1933 3146 2113 3197 fugante
2131 3147 2271 3198 partes
2296 3144 2367 3185 fri-

1335 3215 1636 3268 gidivaporis;
1658 3218 1696 3258 et
1727 3226 1755 3258 a
1785 3216 1920 3258 calore
1948 3216 2070 3258 illius
2107 3218 2363 3269 aqqravata,

1335 3290 1468 3329 Anima,
1489 3290 1547 3323 lib.
1571 3292 1596 3331 1,
1614 3292 1745 3323 Summ.
1766 3299 1807 3331 11,
1827 3299 1869 3323 ex
1892 3290 1984 3332 opin.
2007 3291 2146 3323 aiior.-—
2163 3292 2176 3313 ⁹
2196 3292 2290 3330 Sap..
2312 3299 2365 3332 111,

1335 3339 1367 3369 7.
1395 3355 1436 3362 --
1468 3339 1495 3361 ¹0
1523 3337 1645 3377 Ecclz’„
1675 3346 1766 3378 xvii,
1797 3340 1848 3370 31.
1869 3354 1909 3361 —
1942 3338 2078 3377 ¹¹Gen.,
2107 3346 2213 3379 xv111,
2240 3341 2293 3371 27.
2325 3355 2366 3362 -

1338 3386 1360 3403 ¹²
1380 3385 1471 3418 Psal.
1493 3393 1554 3426 cn,
1575 3387 1627 3417 16.
1641 3403 1683 3409 —
1704 3386 1727 3404 ¹³
1745 3385 1817 3425 Job,
1837 3393 1920 3426 xxx,
1940 3388 1990 3418 15.
2006 3402 2049 3410 —-
2071 3387 2094 3407 ¹¹*
2106 3385 2181 3424 Job,
2200 3393 2262 3426 vn,
2283 3388 2313 3418 9.

1379 3437 1423 3477 (a)
1434 3437 1515 3470 Coet.
1525 3437 1605 3469 edit.
1616 3440 1718 3470 esset.
1726 3454 1766 3461 —
1774 3437 1820 3478 (ὁ)
1831 3438 1912 3470 Caet.
1924 3437 2004 3470 edit.
2015 3439 2181 3479 qua.—(c)
2191 3439 2272 3471 Item
2281 3438 2362 3470 dixi.
