2634 3853
105 3229 245 3256 Fermen-

105 3271 178 3296 tum.

271 283 347 323 590

268 383 361 411 ecce
381 371 507 411 arbor
526 371 571 411 in
600 371 738 412 medio
758 372 884 410 terrae
902 399 911 418 ,
933 371 974 407 et
998 366 1174 407 altitudo
1202 366 1296 416 ejus

267 442 446 482 nimia.»
465 441 664 494 Sequitur
687 439 853 481 :aFolia
872 440 964 491 ejus
984 435 1292 490 pulcherrima,

267 515 307 553 et
325 514 485 554 fructus
505 514 597 565 ejus
616 511 797 560 nimius,
824 513 865 549 et
884 521 976 549 esca
991 507 1294 548 universorum

267 584 310 624 in
344 596 407 624 ea.
439 584 591 624 Subter
621 594 714 622 cam
742 581 987 621 habitabant
1025 578 1224 619 animalia
1255 579 1297 618 et

268 654 442 704 hestiae,
477 656 517 694 ct
554 654 598 692 in
638 652 767 693 ramis
802 653 895 704 ejus
932 649 1296 691 conservabantur

267 726 457 766 volucres
479 723 585 765 coeli.
622 738 640 761 1)
669 723 737 764 Sic
767 735 872 775 ergo
901 721 1122 775 paululum
1152 731 1296 760 semen

267 796 412 836 crescit
432 795 474 835 in
506 795 847 846 magnitudinem
875 793 1038 834 arboris
1067 803 1140 845 per
1163 790 1296 831 conti-

266 878 400 907 nuum
420 867 744 907 incrementum.
768 864 847 914 Qui
868 876 972 915 ergo
993 865 1055 903 cst
1075 861 1294 915 parvulus,

265 937 457 978 laborare
477 937 676 977 continue
696 936 818 977 dehet
832 935 874 975 in
890 934 1122 988 profectum
1139 932 1295 982 meriti,

266 1012 313 1049 ut
341 1009 399 1048 sic
427 1009 553 1049 arbor
585 1009 677 1059 fiat,
701 1009 824 1060 cujus
854 1017 1056 1046 cacumen
1082 1004 1299 1057 pertingat

266 1080 315 1120 ad
345 1079 496 1120 coelum
525 1091 600 1132 per
632 1090 750 1132 spem
778 1081 818 1118 et
838 1077 1093 1118 desiderium
1116 1081 1295 1116 111101110-

266 1163 381 1191 rum.

319 1225 385 1262 ⁶20.
407 1221 466 1263 Ec
495 1221 646 1263 iterum
667 1219 785 1262 (lixit
804 1232 817 1260 .·
841 1220 921 1261 Cui
946 1219 1085 1261 simile
1112 1218 1299 1260 castima-

267 1295 337 1345 bo,
360 1295 437 1334 cte.
463 1293 692 1345 Postquam
714 1290 919 1344 praemisit
949 1289 1194 1342 exemplum
1232 1289 1298 1328 in-

266 1365 484 1406 citativum
504 1364 555 1404 ad
575 1362 880 1416 proficiendum
905 1361 1103 1402 continue
1122 1360 1165 1400 in
1187 1360 1296 1400 noti-

265 1437 324 1477 tia
343 1436 555 1486 veritatis,
578 1435 645 1475 hie
662 1434 858 1487 adiungit
876 1433 1123 1485 exemplum
1146 1431 1294 1471 incita-

265 1508 402 1548 tivum
419 1507 469 1547 ad
486 1505 792 1559 proficiendum
810 1505 853 1544 in
872 1504 1037 1544 fervore
1058 1503 1293 1553 charitatis;

267 1581 307 1619 et
340 1579 419 1619 hoc
452 1578 531 1619 sub
563 1577 809 1629 metaphora
838 1574 1061 1625 fermenti,
1093 1586 1145 1614 ex
1174 1575 1297 1626 cujiis

268 1649 568 1691 assimilatione
596 1648 742 1688 incitat
768 1646 818 1687 ad
845 1646 1044 1687 continue
1074 1645 1295 1697 proficien-

267 1722 369 1761 dum
394 1721 436 1759 in
457 1719 683 1770 charitate,
706 1720 912 1770 quantum
941 1716 993 1756 ad
1025 1717 1118 1768 ers
1147 1715 1295 1755 simili-

266 1791 522 1832 tudinariam
543 1789 856 1842 proprietatem,
881 1788 933 1839 (al
956 1786 1163 1840 triplicem
1182 1786 1297 1826 scili-

266 1864 347 1913 cet,
372 1874 501 1915 quam
529 1861 655 1901 habet
686 1861 942 1901 fermentum
965 1874 972 1899 :
997 1871 1051 1899 ex
1081 1861 1200 1912 parte
1218 1870 1294 1899 na-

265 1936 373 1974 turae
401 1932 607 1986 propriae,
633 1944 685 1972 ex
716 1933 834 1984 parte
868 1930 1089 1971 industriae
1118 1930 1294 1980 alienae,

266 2007 305 2045 et
324 2017 378 2045 ex
399 2006 517 2057 parte
538 2003 779 2056 utriusque.

320 2075 462 2116 Primo
488 2075 623 2127 igitur
651 2076 859 2127 quantum
887 2073 939 2113 ad
968 2072 1293 2126 proprietatem,

265 2159 393 2200 quam
414 2147 543 2188 habet
572 2158 623 2187 cx
650 2149 769 2199 parte
800 2148 965 2186 naturae
986 2145 1167 2197 propriae
1183 2177 1196 2196 ,
1222 2157 1297 2197 per

266 2231 397 2271 quam
416 2217 596 2258 intendit
623 2229 701 2257 nos
731 2217 783 2257 ad
818 2216 1034 2256 charitatis
1061 2215 1295 2267 profectum

266 2289 470 2339 excitare,
487 2288 583 2329 dicit
601 2302 610 2328 ε
627 2288 683 2328 Et
703 2288 858 2329 iterum
879 2286 1000 2328 coxit
1021 2297 1034 2326 .·
1059 2286 1137 2327 Cui
1155 2285 1296 2327 simile

265 2359 480 2402 (escoriaco
509 2369 684 2412 reanum
707 2358 818 2399 Dei?
838 2357 889 2398 Et
919 2357 987 2397 1110
1013 2368 1088 2409 per
1119 2366 1296 2409 reanum

267 2432 346 2474 Dei
367 2431 619 2483 intelligitur
637 2432 749 2471 recte
772 2441 892 2470 amor
913 2428 1006 2479 Dei,
1027 2428 1128 2482 quia
1155 2428 1199 2468 in
1224 2439 1296 2468 so-

265 2503 316 2544 lis
334 2503 416 2543 illis
445 2504 599 2554 regnat
619 2501 749 2550 Deus,
773 2500 847 2553 qui
879 2500 1020 2552 ipsum
1046 2498 1231 2550 diligunt
1248 2499 1259 2519 ¹
1283 2512 1292 2538 ε

269 2589 288 2612 a
307 2573 473 2627 Eripuit
509 2584 586 2613 nos
622 2572 673 2613 de
701 2573 905 2624 potestate
929 2570 1205 2611 tenebrarum
1223 2601 1233 2620 ,
1255 2571 1297 2610 et

263 2644 478 2686 transtulit
508 2644 554 2684 in
582 2655 770 2695 regnum
797 2642 871 2682 filii
894 2641 1127 2683 dilectionis
1147 2652 1251 2682 suae.
1271 2654 1290 2679 n

263 2717 369 2766 Quia
389 2747 401 2766 ,
431 2718 481 2755 ut
508 2713 660 2754 dicitur
689 2712 747 2755 ad
775 2713 984 2755 Romanos
1000 2713 1014 2734 ²
1042 2726 1051 2753 :
1075 2726 1095 2750 <‹
1119 2710 1213 2752 Non
1233 2713 1296 2751 est

263 2787 375 2827 enim
396 2798 581 2837 regnum
605 2783 674 2824 Dei
693 2796 786 2824 esca
813 2786 853 2824 et
873 2786 1019 2836 potus,
1043 2782 1115 2823 sed
1130 2782 1296 2835 Justitia

263 2861 303 2897 et
323 2868 403 2909 pax
419 2888 431 2908 ,
455 2859 496 2896 et
515 2855 726 2908 gaudium
759 2854 805 2894 in
826 2854 988 2907 Spiritu
1018 2856 1177 2894 sancto.
1200 2867 1220 2891 1)
1245 2852 1296 2894 Ε1

264 2928 466 2981 quoniam
487 2927 669 2967 charitas
687 2929 727 2966 et
749 2925 957 2978 gaudium
989 2937 1061 2965 cor
1089 2924 1233 2965 dilatat
1254 2930 1295 2965 et

264 2997 449 3039 calefacit
469 2997 669 3046 interius,
692 2999 732 3037 et
758 2996 839 3036 hoc
871 2995 999 3036 habet
1029 2996 1295 3036 manifestam

265 3068 585 3109 similitudinem
618 3080 716 3108 cum
748 3068 956 3108 fermento
984 3099 994 3116 ,
1030 3066 1124 3107 ideo
1154 3067 1296 3107 subdit

270 3142 334 3194 (v.
360 3141 432 3190 ⁶21)
453 3151 463 3180 :
485 3138 638 3181 Simile
670 3143 727 3180 esc
759 3139 972 3189 fermento.
994 3136 1046 3178 Et
1063 3139 1162 3177 nota
1181 3137 1293 3190 quod

267 3224 342 3265 per
370 3213 627 3252 fermentum
661 3209 887 3261 aliquando
920 3208 1172 3260 intelligitur
1201 3220 1293 3249 cor-

266 3283 406 3336 ruptio
423 3284 535 3336 pacis
555 3285 597 3323 et
616 3281 802 3323 veritatis
817 3312 829 3330 ,
852 3279 959 3320 sicut
979 3291 1108 3332 supra
1121 3282 1135 3304 ³
1157 3293 1166 3319 :
1190 3294 1209 3317 «
1223 3279 1295 3320 At-

265 3354 422 3395 tendite
447 3366 472 3394 a
501 3354 706 3394 fermento
738 3350 1049 3391 Pharisaeorum
1066 3381 1077 3401 ‚
1100 3350 1212 3402 quod
1232 3351 1295 3391 est

265 3425 514 3479 hypocrisis.
541 3438 560 3462 ›>
586 3423 637 3464 Et
661 3423 741 3464 hoc
772 3422 873 3463 satis
904 3423 1042 3472 recte,
1077 3421 1176 3473 quia
1209 3421 1291 3462 fer-

308 3533 318 3553 ¹
339 3532 476 3571 coloss„
494 3540 524 3572 1,
548 3533 636 3563 13.—
662 3531 675 3551 2
693 3530 797 3570 Rom„
818 3535 890 3568 xiv,
910 3529 940 3559 7.
966 3545 1000 3549 -
1021 3527 1035 3548 ³
1057 3527 1151 3566 Luc„
1167 3534 1236 3566 ΧΗ,
1263 3529 1291 3558 1.

264 3597 305 3603 -
329 3580 343 3601 ”
363 3580 373 3610 l
399 3579 490 3620 Com,
511 3587 544 3619 ν,
564 3580 595 3610 7.
617 3595 654 3601 —
672 3577 686 3599 ⁸
704 3578 805 3617 Aug„
823 3575 862 3607 de
881 3576 973 3607 Doct.
995 3574 1134 3615 Christ„
1154 3573 1214 3605 lib.
1233 3573 1292 3612 ΙΙΙ,

1003 275 1286 318 EVANGELH
1316 274 1499 316 SANCTI
1531 274 1678 316 LUCAE

1367 367 1561 404 mentum
1599 366 1662 404 est
1697 366 1817 416 pasta
1855 365 1996 415 vetus,
2018 366 2060 405 et
2097 378 2150 406 ex
2188 367 2396 407 vetustate

1367 438 1584 488 corrupta,
1607 437 1647 475 et
1663 435 1709 475 in
1728 447 1894 476 acorem
1915 447 2050 487 versa,
2073 448 2170 488 quae
2189 437 2397 490 reliquam

1368 518 1552 546 massam
1589 506 1821 558 corrumpit
1847 537 1856 555 ‚
1893 509 1934 546 et
1967 507 2009 546 in
2047 519 2213 548 acorem
2251 509 2392 549 vertit.

1368 576 1464 617 Ideo
1481 577 1701 628 signanter
1721 577 1871 617 dicitur
1890 576 1949 618 acl
1974 577 2212 620 Corinthios
2229 578 2266 619 ⁸:
2289 578 2399 620 «Ex-

1367 650 1550 700 purgate
1577 650 1700 689 vetus
1732 649 2005 689 fermentum.
2026 663 2045 685 1)
2068 648 2306 701 Aliquando
2325 661 2399 703 per

1367 719 1626 759 fermentum
1664 719 1920 771 intelligitur
1958 720 2100 760 fervor
2135 721 2176 760 et
2207 719 2372 761 dilectio
2387 752 2397 771 ‚

1367 789 1480 836 sicut
1501 789 1590 840 hic,
1614 790 1715 843 quia
1735 790 1995 831 fermentum
2015 792 2179 842 pastam
2201 790 2397 842 ealefacit,

1369 863 1410 900 et
1429 861 1659 914 quemdam
1688 862 1900 903 fervorem
1934 861 2094 903 inducit
2119 862 2239 915 quasi
2259 863 2311 902 ab
2332 874 2402 903 oc-

1369 932 1482 972 culto
1501 935 1542 973 et
1562 933 1765 973 interiori.
1788 932 1906 973 Unde
1938 944 2026 973 non
2054 933 2292 986 incongrue
2318 933 2400 974 fer-

1370 1006 1562 1044 mentum
1596 1007 1657 1044 est
1689 1003 1887 1045 charitas.
1919 1003 2004 1045 Nec
2042 1006 2105 1044 est
2143 1004 2403 1046 contrarium

1368 1074 1522 1115 rationi
1543 1075 1655 1127 quod
1689 1075 1945 1116 fermentum
1978 1075 2168 1128 capiatur
2187 1076 2307 1116 aliter
2337 1079 2399 1116 at-

1372 1159 1454 1200 que
1493 1147 1613 1188 aliter
1632 1180 1642 1198 ,
1682 1147 1845 1187 ratione
1892 1147 2072 1189 diversae
2118 1146 2398 1200 proprietatis.

1369 1217 1486 1258 Unde
1505 1218 1776 1270 Augustinus
1796 1222 1809 1243 ‘³
1831 1233 1838 1258 :
1871 1233 1890 1257 «
1910 1218 2117 1269 Quoniam
2147 1218 2291 1259 multis
2310 1230 2404 1259 mou

1370 1289 1433 1329 dis
1451 1301 1519 1330 res
1539 1289 1698 1330 similes
1712 1290 1839 1330 rebus
1857 1292 2075 1343 apparent,
2099 1302 2186 1331 non
2205 1292 2405 1343 putemus

1370 1372 1461 1401 esse
1492 1361 1813 1414 praescriptum,
1849 1364 1897 1402 ut
1926 1361 2041 1414 quod
2069 1361 2114 1401 in
2144 1361 2286 1414 aliquo
2314 1361 2405 1402 loco

1369 1443 1437 1472 res
1456 1431 1598 1485 aliqua
1618 1444 1693 1485 per
1713 1433 2037 1473 similitudinem
2064 1433 2370 1485 significaverit
2389 1465 2402 1484 ,

1369 1503 1450 1543 1100
1467 1516 1561 1544 eam
1583 1515 1749 1556 semper
1769 1503 2014 1555 significare
2031 1504 2253 1544 credamus
2273 1518 2282 1544 :
2303 1516 2403 1545 nam

1371 1580 1410 1615 et
1430 1573 1473 1614 in
1493 1575 1803 1627 vituperatione
1825 1575 2079 1615 fermentum
2100 1575 2241 1627 posuit
2268 1574 2407 1615 Domi-

1370 1657 1467 1694 nus,
1491 1657 1588 1685 cum
1609 1645 1763 1685 diceret
1784 1645 1796 1666 ⁶
1821 1659 1830 1685 z
1858 1644 2008 1687 Cavete
2029 1656 2055 1687 a
2075 1646 2279 1697 fermento
2301 1645 2407 1686 ΡΙια-

1370 1717 1617 1767 rz‘soeorum,
1636 1718 1676 1756 et
1692 1715 1737 1755 in
1757 1716 1881 1756 laude
1901 1728 1997 1757 cum
2019 1715 2175 1757 diceret
2192 1715 2206 1737 ⁷
2228 1728 2238 1756 z
2258 1716 2404 1758 Simile

1370 1791 1430 1830 esc
1451 1797 1626 1839 reanum
1647 1787 1840 1829 coelorum
1860 1787 2046 1838 mulieri,
2068 1798 2162 1840 qzcoe
2182 1772 2406 1830 abscondit

1369 1860 1622 1910 fermentum
1660 1860 1709 1901 in
1737 1859 1896 1910 farincc
1934 1863 2032 1902 sata
2061 1860 2160 1901 tria.
2189 1873 2208 1897 1)
2245 1858 2406 1912 HuJus-

1370 1931 1484 1972 modi
1504 1933 1671 1981 autem,
1695 1933 1743 1971 ut
1768 1931 1891 1981 dicit,
1914 1930 2047 1971 multa
2067 1932 2168 1971 sunt
2189 1930 2343 1970 similia
2358 1930 2405 1970 in

1371 2001 1603 2055 Scriptura.
1627 2002 1743 2043 Sicut
1770 2002 1835 2043 leo
1871 2001 2085 2042 Christum
2116 2001 2327 2054 significat
2360 2001 2404 2042 in

1370 2074 1633 2127 Apocalypsi
1658 2073 1671 2094 ⁸
1691 2087 1699 2114 :
1721 2089 1740 2112 (1
1756 2073 1863 2114 Vicit
1878 2073 1944 2113 leo
1962 2073 2012 2114 de
2033 2073 2149 2114 tribu
2168 2073 2277 2114 Juda
2292 2087 2302 2122 ;
2320 2086 2339 2110 n
2364 2074 2405 2113 et

1370 2144 1591 2185 diabolum
1610 2147 1623 2169 ⁹
1647 2156 1657 2184 :
1692 2144 2008 2186 «Adversarius
2039 2146 2179 2185 vester
2211 2143 2404 2184 diabolus

1369 2220 1573 2269 tanquam
1599 2216 1665 2256 leo
1684 2216 1891 2267 rugiens,
1908 2230 1926 2252 ›)
1949 2217 2028 2255 010.
2051 2214 2119 2255 Sic
2138 2217 2179 2255 et
2198 2214 2280 2255 alia
2305 2214 2400 2267 plu-

1370 2287 1481 2327 rima
1498 2289 1623 2326 sunt:
1641 2288 1764 2339 qu'us
1783 2285 2038 2326 diversitatis
2059 2297 2186 2326 causa
2207 2287 2270 2326 est
2291 2285 2400 2326 mul-

1369 2357 1564 2410 tiplicitas
1584 2357 1909 2410 proprietatum,
1934 2368 1988 2396 ex
2007 2356 2162 2408 quibus
2181 2356 2402 2398 diversitas

1370 2427 1699 2469 similitudinum
1730 2429 1771 2468 et
1808 2427 2235 2480 repraesentationum
2267 2426 2404 2468 oritur

1371 2499 1417 2539 in
1436 2499 1606 2552 figuris

1425 2567 1639 2619 Secundo,
1682 2570 1891 2620 quantum
1928 2567 1980 2608 ad
2015 2566 2314 2620 proprietatem
2349 2579 2403 2608 ex

1370 2641 1489 2692 parte
1502 2638 1722 2680 industriae
1737 2638 1902 2688 alienae,
1924 2637 2090 2679 subdit:
2111 2637 2235 2690 Quod
2251 2649 2400 2691 accep-

1371 2713 1460 2751 tum
1473 2709 1626 2752 mulier
1639 2709 1861 2752 abscondit
1873 2710 1922 2751 in
1942 2708 2090 2760 farina
2103 2711 2199 2751 sata
2210 2710 2312 2751 tria.
2328 2708 2404 2751 Se—

1370 2781 1560 2822 cundum
1570 2780 1767 2831 litteram,
1784 2782 1832 2821 ut
1842 2779 1942 2821 dicit
1954 2779 2066 2820 Beda
2076 2779 2104 2801 ¹⁰
2122 2794 2130 2821 :
2142 2795 2161 2819 α
2172 2779 2321 2821 Satum
2336 2783 2403 2822 eat

1369 2865 1509 2904 genus
1523 2865 1751 2902 mensurae,
1767 2853 1892 2906 juxta
1911 2864 2075 2893 morem
2097 2852 2146 2905 (b)
2168 2852 2400 2905 provinciae

1371 2925 1593 2967 Palestinae
1626 2925 1817 2966 modium
1849 2927 1890 2966 et
1923 2924 2147 2966 dimidium
2174 2924 2397 2977 capiens.»

1423 2996 1475 3037 Et
1506 2999 1607 3036 nota
1629 2996 1740 3048 quod
1773 3008 1848 3048 per
1870 2995 1982 3036 hane
2001 2994 2224 3036 mulierem
2245 2994 2403 3036 intelli-

1370 3068 1488 3120 gitur
1507 3068 1714 3120 sapientia
1739 3067 1904 3118 divina,
1940 3066 2008 3108 vel
2035 3065 2244 3117 Ecclesia,
2280 3069 2328 3107 ut
2358 3067 2404 3108 in

1372 3138 1608 3181 Proverbiis
1628 3139 1655 3161 ¹¹
1681 3151 1690 3179 :
1715 3153 1734 3177 «
1754 3138 1972 3179 Mulierem
1992 3137 2144 3178 fortem
2164 3137 2261 3190 quis
2281 3136 2402 3179 inve-

1368 3209 1486 3250 niet?
1507 3223 1526 3247 1)
1544 3212 1623 3250 010.
1648 3209 1805 3250 Farina
1838 3210 1980 3249 autem
2013 3209 2114 3248 sunt
2139 3207 2306 3259 fideles,
2328 3208 2403 3261 qui

1368 3282 1566 3321 teruntur
1584 3280 1695 3321 inter
1714 3280 1823 3321 duas
1846 3278 2001 3329 molaS‚
2024 3278 2286 3331 superiorem
2318 3279 2402 3320 sci-

1368 3351 1463 3392 licet
1497 3353 1538 3392 et
1575 3351 1842 3401 inferiorem,
1888 3349 2086 3390 timorem
2133 3349 2322 3391 videlicet
2361 3353 2402 3391 et

1370 3443 1398 3464 c.
1419 3441 1500 3474 xxv,
1529 3442 1564 3465 11.
1593 3435 1645 3466 35.
1671 3450 1712 3456 —
1734 3433 1746 3451 ⁶
1768 3431 1904 3470 Mattlz„
1929 3438 2009 3471 xw,
2041 3434 2090 3464 11.
2110 3448 2151 3455 —
2176 3431 2191 3453 ⁷
2211 3431 2300 3472 Luc„
2322 3440 2400 3473 xm,

1368 3483 1464 3512 21.—
1482 3480 1496 3503 ⁸
1515 3483 1627 3521 Apoc„
1649 3488 1681 3521 V,
1702 3483 1733 3512 5.
1753 3498 1795 3504 -
1815 3480 1827 3498 ⁹
1847 3479 1858 3510 1
1882 3480 1988 3518 petr„
2011 3485 2042 3519 V,
2064 3479 2096 3510 8.
2113 3496 2154 3502 —
2175 3479 2201 3500 ¹⁰
2220 3479 2317 3520 Bed.,
2343 3480 2402 3511 ubi

1368 3537 1442 3568 sup.
1463 3546 1503 3552 —-
1523 3529 1547 3549 ¹1
1566 3529 1676 3567 Prov„
1702 3535 1798 3568 xxxi,
1819 3531 1846 3559 1.
1867 3545 1907 3550 -
1929 3528 1974 3568 (α)
1997 3527 2078 3559 Coet.
2099 3526 2178 3559 edit.
2199 3528 2348 3567 praemis.
2366 3527 2401 3558 111

1367 3592 1408 3598 -
1429 3575 1470 3617 (b)
1489 3576 1585 3608 omis.
1606 3584 1751 3608 morem.

2629 3625 2634 3652 -.
2623 3412 2634 3603 *mma—n—
2626 3363 2634 3394 ’.1
