2634 3853
305 230 381 271 509.

299 329 444 371 prope.
469 317 636 360 Orietur
654 318 771 360 stella
798 331 851 359 ex
870 319 1010 369 Jacob,
1033 321 1074 360 et
1099 319 1330 368 consurget

299 389 427 441 virga
459 389 510 430 de
548 389 698 440 Israel,
730 398 770 430 et
799 390 1001 441 percutiet
1031 389 1158 430 duces
1189 387 1327 436 Moab,

300 460 563 513 vastabitque
591 471 738 501 omues
770 459 877 500 tilios
916 460 1030 501 Seth.
1056 474 1075 497 »
1111 458 1163 499 Et
1189 460 1283 511 post
1317 469 1327 497 ε

307 545 326 569 «
348 530 454 581 Heu,
478 531 572 583 quis
603 531 793 571 victurus
819 532 880 570 est
911 530 1081 583 quando
1110 529 1233 569 faciet
1252 528 1332 568 ista

301 601 440 643 Deus?
460 615 478 638 n
511 601 593 642 Nec
612 601 784 649 mirum,
807 600 906 653 quia
924 601 1078 642 dicitur
1096 600 1149 641 ad
1174 600 1330 640 Assue-

301 683 400 713 rum
430 671 473 712 in
500 683 677 724 persona
697 671 846 712 Christi
866 673 877 694 ¹
902 686 910 712 :
952 687 972 710 «
999 671 1128 713 Valde
1155 668 1333 711 mirabi-

301 743 352 784 lis
383 755 441 794 eS,
472 743 658 794 Domine,
687 746 728 784 et
759 744 882 785 facies
912 746 986 785 tua
1017 744 1140 797 plena
1171 741 1331 795 gratia-

301 827 413 856 rum.
439 828 457 852 »
484 814 533 855 Et
553 815 645 856 ideo
665 814 958 856 desiderabant
977 814 1131 856 Christi
1151 824 1335 867 praesen-

301 886 404 926 tiam
438 886 596 926 videre.
629 885 928 926 Desiderabant
958 886 1085 926 etiarn
1115 886 1207 937 eJus
1236 883 1332 924 doe-

301 956 458 997 trinam
478 956 638 1007 audire,
661 959 702 997 et
720 955 812 997 ideo
834 955 950 997 addit
971 970 978 995 :
997 956 1052 998 Et
1069 954 1222 996 audire
1244 964 1336 1006 qztoe

303 1027 487 1077 auditis,
509 1031 546 1069 et
565 1037 650 1069 non
665 1026 915 1077 audierunt,
935 1026 978 1068 id
991 1029 1054 1068 est
1075 1037 1169 1067 mea
1188 1025 1334 1075 verba,

305 1099 420 1153 quia,
443 1098 550 1138 sicut
580 1098 731 1138 dicitur
752 1098 765 1119 ‘³
791 1111 799 1137 :
836 1112 854 1135 α
879 1096 1065 1150 Tempus
1094 1095 1339 1149 requirendi

304 1169 549 1219 Dominum,
569 1181 667 1209 cum
688 1169 852 1210 venerit
871 1168 944 1221 qui
975 1167 1138 1209 docebit
1158 1179 1233 1208 vos
1250 1167 1338 1219 Jus-

304 1241 456 1281 titiam.
490 1254 509 1277 ))
544 1240 631 1281 Hoc
662 1240 775 1280 enim
812 1242 902 1281 erat
938 1239 1177 1280 maximum
1209 1238 1337 1280 bene-

305 1311 466 1361 ficium,
499 1311 649 1352 audire
678 1310 812 1351 Deum
843 1310 1104 1363 loquentem,
1137 1321 1224 1350 non
1265 1320 1340 1362 per

306 1384 545 1422 creaturam
573 1381 829 1434 subjectam,
864 1381 936 1422 sed
967 1382 1012 1422 in
1041 1380 1212 1434 propria
1241 1392 1337 1433 per-

308 1465 432 1504 sona,
467 1456 507 1494 et
538 1456 730 1494 creatura
761 1454 896 1493 unita.
934 1451 1053 1502 Quod
1083 1451 1342 1492 beneficium

310 1536 662 1574 commemorans,
702 1523 759 1564 ait
794 1523 1018 1575 Apostolus
1055 1525 1068 1547 ³
1105 1537 1113 1562 :
1156 1538 1175 1560 «
1208 1521 1343 1563 Multi-

308 1596 457 1637 fariam
482 1595 711 1648 multisque
740 1595 875 1635 modis
900 1594 1002 1636 olim
1034 1594 1143 1635 Deus
1166 1593 1343 1646 loquens

309 1667 502 1719 patribus
530 1667 574 1706 in
602 1667 834 1719 prophetis,
861 1666 913 1719 (α)
941 1666 1188 1716 novissime,
1209 1680 1228 1703 ›)
1263 1667 1341 1705 etc.

309 1736 461 1778 Beatus
479 1737 551 1790 qui
571 1737 686 1777 audit
706 1736 926 1777 humiliter
944 1739 984 1776 et
1003 1736 1345 1789 obtemperanter

309 1809 419 1849 hanc
441 1809 712 1859 locutionem,
739 1808 974 1851 secundum
993 1808 1098 1849 illud
1116 1808 1129 1829 '⁴
1151 1822 1160 1848 ε
1191 1823 1210 1846 «
1230 1807 1347 1848 Beati

311 1880 385 1934 qui
416 1880 594 1920 audiunt
618 1880 800 1920 verbum
834 1880 921 1930 Dei,
952 1882 993 1920 et
1022 1879 1264 1921 custodiunt
1295 1879 1348 1918 il-

311 1951 398 1992 lud.
421 1966 439 1988 ))
477 1950 595 1992 Unde
622 1951 746 2001 beati,
770 1950 843 2003 qui
874 1962 949 2002 per
974 1950 1103 1991 fidem
1135 1950 1347 1992 Christum

313 2023 527 2072 viderunt,
551 2026 592 2063 et
619 2023 844 2063 audierunt
863 2023 908 2064 in
927 2022 1013 2072 via,
1035 2022 1270 2063 secundum
1295 2021 1349 2062 il-

312 2094 386 2135 lud
408 2094 728 2136 proverbiorum
751 2094 764 2115 ⁵
787 2108 794 2134 :
825 2092 1014 2133 «Beatus
1031 2093 1160 2133 homo
1182 2093 1255 2146 qui
1275 2105 1346 2133 au-

315 2165 374 2205 dit
395 2177 478 2215 mc,
502 2167 540 2205 et
561 2165 633 2217 qui
648 2163 799 2216 vigilat
818 2163 870 2204 ad
889 2164 1000 2204 fores
1017 2175 1132 2203 meas
1146 2163 1346 2214 quotidie,

317 2239 358 2277 et
384 2236 580 2277 observat
600 2235 652 2276 ad
684 2237 822 2288 postes
847 2234 940 2275 ostii
972 2234 1071 2275 mei.
1093 2248 1112 2271 n
1150 2234 1230 2275 Sed
1256 2235 1350 2276 bea-

317 2307 469 2347 tissimi
490 2307 566 2359 qui
584 2307 791 2348 videbunt
810 2306 854 2346 in
872 2305 1023 2358 patria,
1035 2306 1160 2357 :Juxta
1183 2305 1285 2346 illud
1303 2310 1316 2332 ⁶
1337 2319 1347 2346 ε

324 2393 342 2415 α
363 2376 478 2418 Beati
506 2377 581 2430 qui
600 2377 651 2418 ad
673 2388 835 2418 coenam
863 2376 1111 2428 nuptiarum
1137 2376 1254 2428 Agni
1273 2389 1350 2418 vo-

319 2449 400 2489 cati
420 2451 533 2489 sunt.
555 2462 574 2486 ))

372 2522 437 2560 25.
460 2520 516 2562 Et
535 2530 620 2562 ecce
641 2519 820 2572 quidam
837 2520 1120 2573 leqisperitus,
1137 2523 1212 2560 etc..
1241 2519 1355 2560 Post-

320 2603 449 2644 quam
476 2591 691 2643 descripsit
708 2591 978 2643 Evangelista
999 2591 1180 2631 formam
1198 2591 1352 2644 praedi-

321 2662 457 2712 candi,
473 2662 541 2702 hic
558 2662 740 2703 secundo
761 2662 948 2703 insinuat
963 2663 1143 2703 formam
1163 2663 1352 2704 vivendi.

321 2732 547 2785 Dupliciter
577 2733 749 2785 quidem
775 2736 912 2785 potest
938 2733 1032 2785 quis
1052 2733 1270 2774 informari
1302 2734 1355 2775 ad

321 2807 430 2844 recte
462 2804 709 2854 vivencium,
732 2804 887 2845 scilicet
916 2804 1046 2846 verbo
1076 2807 1116 2845 et
1142 2806 1353 2858 exemplo.

322 2873 418 2915 Ideo
450 2873 720 2926 Evangelista
751 2875 890 2928 primo
927 2875 980 2916 ad
1012 2875 1355 2917 informationem

322 2945 539 2998 praemittit
551 2946 745 2987 divinum
760 2951 1036 3000 praeceptum3
1055 2948 1238 2989 secundo
1253 2961 1355 2990 vero

323 3016 550 3068 subjungit
565 3017 805 3058 humanum
827 3018 1086 3072 exemplum,
1107 3019 1167 3059 ibi
1187 3019 1200 3041 ⁷
1223 3032 1233 3059 ε
1255 3020 1357 3063 Fac-

323 3090 413 3129 tum
445 3091 523 3138 est,
559 3087 661 3129 dum
693 3090 817 3140 irent,
851 3092 888 3131 et
917 3090 1007 3142 ipse
1036 3091 1243 3142 intrarit,
1274 3095 1352 3133 etc.

323 3157 532 3207 Quoniam
570 3161 713 3199 autem
758 3159 997 3201 informatio
1034 3162 1234 3215 praecepti
1269 3175 1355 3205 non

321 3229 434 3269 valet
452 3229 535 3270 nisi
555 3229 822 3281 intelligenti,
844 3230 937 3272 ideo
962 3231 1100 3284 primo
1127 3234 1355 3285 praemitti-

322 3302 392 3341 tur
415 3303 674 3353 praeceptum
699 3300 899 3352 regularis
928 3301 979 3341 ad
1006 3302 1259 3355 vivendum;
1289 3318 1353 3347 se-

323 3372 462 3413 cundo
489 3384 592 3413 vero
619 3372 870 3425 adjungitur
894 3373 1198 3417 documentum
1229 3377 1355 3431 adJu-

369 3478 506 3520 1ΕειΙι.,
527 3486 584 3520 xv,
602 3480 652 3511 Π.
669 3495 710 3501 -
729 3479 741 3497 ²
762 3479 849 3518 Ose„
865 3487 899 3519 x,
923 3481 971 3510 12.
993 3497 1028 3503 —
1050 3481 1063 3502 3
1083 3481 1197 3524 Hebr.‚
1219 3492 1242 3525 1,
1263 3487 1291 3516 1,
1315 3504 1350 3509 .-

324 3525 336 3545 ⁶
357 3524 432 3566 lus„
464 3534 512 3572 xi,
532 3529 584 3559 28.
605 3545 644 3550 —
664 3528 675 3547 ⁵
696 3527 807 3567 Prov„
829 3535 907 3568 vm,
928 3529 978 3560 34.
1000 3545 1041 3551 —
1062 3530 1073 3547 ⁸
1092 3529 1207 3571 Apoe„
1227 3539 1300 3574 xm,
1320 3535 1351 3566 9.

1037 226 1321 272 EVANGELII
1353 225 1539 268 SANCT1
1569 226 1719 268 LUCAE

1403 327 1507 357 vans
1525 316 1578 356 ad
1589 314 1932 367 intelligendum,
1946 316 2007 357 ihi
2025 320 2040 344 ⁸
2059 332 2076 361 .·
2098 319 2344 372 suscipiens
2361 331 2435 363 au-

1404 389 1485 428 tem
1509 386 1653 433 Jesus,
1677 386 1757 425 etc.
1800 384 1914 425 Circa
1951 389 2263 439 expressionem
2292 393 2435 431 autem

1403 457 1601 509 praecepti
1620 455 1868 507 regulativi,
1885 459 2069 509 quatuor
2089 458 2433 513 introducuntur,

1405 527 1560 568 scilicet
1584 527 1803 580 inquisitio
1822 527 2012 568 veritatis
2033 529 2272 582 salutiferae,
2290 532 2437 574 inven-

1405 600 1464 639 tio
1480 598 1671 640 veritatis
1691 598 1897 651 quaesitae,
1917 599 2162 652 approbatio
2176 602 2362 644 veritatis
2376 603 2439 644 in-

1406 670 1560 716 ventae,
1584 669 1853 722 investigatio
1877 669 2063 710 veritatis
2084 671 2341 723 approbatae.

1461 738 1603 780 Primo
1634 752 1759 792 ergo,
1790 742 1999 793 quantum
2032 741 2084 782 ad
2122 741 2439 794 inquisitionem

1407 810 1597 852 veritatis
1625 810 1866 861 salutiferae,
1899 811 1998 852 dicit
2026 826 2034 852 :
2070 812 2125 854 Et
2149 822 2236 854 ecce
2262 813 2441 865 quidam

1409 880 1677 934 leqisperitus
1692 882 1899 931 surreoeit,
1921 885 2089 925 tentans
2111 882 2251 925 illum.
2274 883 2355 925 Iste
2374 897 2443 937 pe-

1408 951 1515 993 ritus
1534 955 1638 1003 erat,
1660 955 1700 993 et
1725 953 1909 1005 peritum
1937 966 1982 994 se
2006 954 2251 1006 reputabat3
2283 958 2324 996 et
2343 955 2444 1008 quia

1409 1022 1595 1075 peritum
1613 1034 1658 1063 se
1675 1024 1912 1076 reputabat,
1934 1024 2025 1065 ideo
2045 1037 2131 1065 non
2159 1025 2379 1078 quaerebat
2395 1028 2445 1067 ut

1411 1094 1601 1144 disceret,
1624 1095 1696 1135 sed
1726 1097 1775 1136 ut
1804 1096 2063 1149 reprobaret,
2092 1098 2200 1138 sicut
2231 1097 2361 1138 moris
2384 1099 2447 1138 est

1412 1166 1620 1219 superbis,
1642 1166 1879 1207 secundum
1901 1167 2005 1208 illud
2023 1167 2036 1189 ⁹
2059 1181 2068 1207 :
2103 1182 2124 1206 c<
2143 1166 2207 1209 Ex
2227 1167 2363 1208 multa
2380 1166 2443 1209 lo-

1413 1236 1538 1290 quela
1557 1237 1735 1277 tentabit
1754 1239 1808 1277 te.
1831 1252 1849 1275 ))
1875 1236 1956 1279 Sed
1976 1249 2140 1287 rursus,
2162 1239 2265 1291 quia
2284 1238 2446 1291 peritus

1414 1310 1522 1359 erat,
1563 1308 1714 1349 idonee
1760 1311 1801 1349 et
1845 1311 1957 1350 recte
1992 1296 2232 1362 quaerebat3
2272 1310 2447 1363 propter

1415 1378 1528 1432 quod
1548 1379 1693 1437 addit}
1716 1379 1771 1421 Et
1790 1378 1935 1422 dicens
1958 1391 1972 1421 .·
1998 1380 2217 1434 Maqz'ster,
2239 1380 2347 1433 quid
2373 1381 2446 1432 sa-

1416 1449 1566 1492 ciendo
1603 1450 1739 1492 vitam
1775 1454 1974 1492 (eternam
2007 1451 2260 1503 possidebo?
2295 1451 2450 1504 Magis-

1416 1524 1533 1562 trum
1551 1533 1651 1562 eum
1671 1527 1808 1572 vocat,
1830 1521 1932 1574 quia
1951 1521 2030 1563 hoc
2049 1522 2190 1575 ipsum
2222 1525 2379 1576 spectat
2398 1523 2450 1564 ad

1418 1605 1532 1643 eum,
1570 1594 1619 1633 ut
1657 1593 1709 1633 ad
1741 1593 2003 1645 interrogata
2033 1595 2298 1647 respondeat,
2325 1596 2453 1647 juxta

1419 1663 1533 1716 quod
1571 1663 1727 1715 dicitur
1759 1664 1787 1688 ²⁰
1824 1675 1834 1702 :
1873 1663 2132 1716 «Magister,
2166 1664 2325 1705 scimus
2354 1664 2455 1718 quia

1418 1745 1552 1776 verax
1577 1746 1635 1784 es,
1668 1735 1710 1774 et
1739 1734 1855 1775 viam
1885 1734 1957 1775 Dei
1988 1735 2033 1775 in
2060 1735 2238 1777 veritate
2269 1735 2407 1777 doces.
2428 1749 2448 1775 ι)

1421 1805 1553 1856 Unde,
1574 1805 1674 1858 quia
1693 1806 1991 1859 magisterium
2011 1807 2158 1848 salutis
2177 1807 2456 1860 profitebatur

1422 1877 1624 1929 Christus,
1648 1877 1742 1919 ideo
1769 1878 2051 1931 quaestionem
2078 1879 2175 1920 facit
2198 1879 2250 1920 de
2277 1878 2455 1920 veritate

1422 1949 1610 1989 salutari.
1645 1948 1834 1990 Similem
1864 1949 2143 2003 quaestionem
2171 1949 2324 1991 dicitur
2356 1961 2457 2003 pro-

1424 2022 1612 2074 posuisse
1650 2021 1889 2062 adolescens
1920 2021 1945 2043 1¹
1982 2033 1991 2060 ε
2038 2020 2286 2074 «Magister
2323 2021 2454 2073 bone,

1424 2092 1528 2144 quid
1559 2092 1659 2133 boni
1686 2092 1852 2144 faciam,
1879 2095 1928 2134 ut
1956 2092 2138 2134 habeam
2169 2093 2302 2135 vitam
2332 2094 2459 2134 aeter-

1425 2164 1556 2203 nam?
1586 2177 1605 2200 ›>
1641 2163 1712 2204 Isti
1744 2164 1993 2216 quaerebant
2025 2164 2226 2215 studiose,
2257 2176 2346 2205 non
2383 2175 2455 2206 cu-

1425 2234 1549 2284 riose,
1580 2235 1680 2286 quia
1708 2247 1796 2275 non
1827 2235 1878 2276 de
1910 2235 2108 2288 operibus
2135 2235 2271 2285 factis,
2294 2234 2367 2275 sed
2395 2234 2457 2275 fa-

1427 2305 1583 2359 ciendis
1607 2310 1780 2359 propter
1809 2307 2012 2348 meritum
2040 2306 2203 2357 salutis,
2225 2306 2460 2347 secundum

1428 2376 1533 2417 illud
1554 2378 1581 2399 1²
1600 2391 1643 2417 :«
1666 2377 1714 2418 In
1733 2378 1929 2430 pluribus
1948 2378 2148 2430 operibus
2162 2378 2255 2429 ejus
2273 2388 2359 2432 non
2378 2377 2461 2418 eris

1429 2448 1635 2490 curiosus.
1659 2464 1678 2487 ))
1709 2448 1762 2490 Et
1788 2450 1913 2502 paulo
1945 2448 2142 2502 superius
2171 2462 2179 2488 :
2213 2462 2233 2487 (ι
2259 2447 2342 2489 Sed
2365 2460 2462 2501 quae

1428 2520 1628 2573 praecepit
1641 2521 1717 2561 tibi
1732 2521 1854 2571 Deus,
1870 2521 1940 2561 illa
1954 2520 2096 2572 cogita
2110 2531 2289 2573 semper.
2306 2533 2325 2556 »
2345 2518 2463 2561 Unde

1428 2591 1496 2632 isti
1528 2595 1725 2644 quaerunt
1757 2594 1807 2633 de
1827 2592 1910 2633 ⁸via
1937 2592 2064 2633 eundi
2092 2591 2145 2632 ad
2171 2591 2319 2642 vitam,
2338 2592 2464 2643 Juxta

1431 2662 1655 2703 consilium
1673 2649 1865 2705 Jeremiae
1886 2664 1914 2688 ¹³
1937 2677 1978 2705 ια
2006 2663 2121 2704 State
2147 2673 2275 2715 super
2294 2661 2400 2711 vias,
2422 2663 2465 2702 et

1430 2733 1583 2784 videte,
1611 2739 1651 2774 et
1683 2734 1943 2786 interrogate
1974 2734 2026 2774 de
2063 2733 2224 2774 semitis
2260 2731 2459 2784 antiquis,

1432 2816 1529 2857 quae
1549 2805 1603 2845 sit
1627 2805 1699 2847 via
1721 2805 1846 2857 bona,
1869 2809 1909 2846 et
1929 2805 2142 2846 ambulate
2161 2805 2204 2844 in
2231 2815 2302 2854 ea,
2333 2805 2375 2844 et
2395 2803 2460 2844 in-

1431 2875 1608 2917 venietis
1655 2876 1930 2929 refrigerium
1971 2876 2194 2917 animabus
2236 2874 2403 2916 vestris.
2434 2888 2454 2911 n

1432 2947 1532 2989 Haec
1551 2948 1666 2988 enim
1686 2952 1784 2989 sunt
1804 2961 1898 3002 quae
1916 2949 2120 2990 Dominus
2134 2946 2291 2988 docetu
2308 2959 2348 2986 :a
2368 2944 2460 2997 Ego

1434 3017 1635 3060 {lominus
1656 3019 1764 3061 Deus
1784 3022 1881 3061 tuus
1897 3020 2050 3061 docens
2067 3020 2110 3058 te
2128 3016 2263 3058 utilia.
2285 3029 2304 3053 n

1485 3090 1678 3132 Secundo
1708 3103 1824 3142 vero,
1852 3093 2060 3144 quantum
2088 3088 2141 3129 ad
2167 3087 2460 3128 inventionem

1430 3162 1618 3205 veritatis
1642 3162 1845 3215 quaesitae,
1872 3161 2067 3202 subditur
2095 3160 2151 3213 (v.
2178 3159 2241 3211 26)
2273 3169 2284 3199 ε
2307 3158 2364 3201 At
2387 3158 2459 3202 ille

1431 3234 1553 3277 dixit
1572 3235 1630 3277 ad
1657 3245 1751 3276 eum
1771 3246 1786 3275 :
1806 3234 1860 3275 ln
1884 3232 1969 3286 leae
1994 3231 2102 3285 quid
2127 3232 2335 3284 scriptum
2363 3229 2460 3272 est?

1431 3305 1633 3358 quomodo
1661 3306 1766 3359 leqz‘s
1782 3306 1804 3347 Ρ
1829 3304 1893 3345 Ex
1922 3315 2006 3356 quo
2031 3304 2205 3356 apparet
2228 3301 2343 3355 quod
2369 3300 2457 3343 Ma-

1429 3406 1470 3413 —
1491 3390 1504 3411 ⁷
1531 3389 1606 3427 lnf„
1632 3391 1684 3421 38.
1708 3406 1748 3411 —
1772 3388 1786 3411 ⁸
1812 3388 1887 3429 lnf.,
1913 3388 1964 3419 30.
1985 3405 2026 3411 —
2051 3388 2062 3405 ⁹
2089 3385 2210 3424 Eccli„
2234 3392 2320 3426 xm,
2347 3385 2397 3416 14.
2417 3401 2457 3407 —

1430 3438 1458 3460 ¹⁰
1480 3437 1614 3478 Matth„
1632 3443 1725 3476 xxu,
1747 3438 1796 3468 16.
1820 3452 1860 3460 —
1885 3437 1908 3457 ¹1
1933 3435 2030 3476 thid„
2053 3442 2136 3474 xm,
2155 3434 2206 3465 -16,
2222 3449 2264 3457 -
2289 3431 2455 3479 ¹{Eccl1‘.,

1428 3492 1488 3524 111,
1509 3486 1560 3515 22.
1574 3500 1617 3524 7-
1639 3483 1661 3502 ¹³
1679 3484 1812 3524 Jerem„
1834 3490 1880 3524 γι,
1901 3485 1952 3516 16.
1973 3499 2012 3507 -
2032 3484 2059 3505 ¹·
2077 3483 2156 3523 Isa.,
2176 3487 2299 3520 mnu,
2321 3480 2383 3513 ¹7.-

1473 3539 1516 3578 (a)
1537 3537 1618 3570 Caet.
1637 3536 1718 3568 edit.
1737 3535 1816 3568 add.
1836 3539 1879 3568 et.
