2634 3853
1005 162 1277 205 EXPOSITIO
1307 164 1361 205 IN
1390 166 1504 208 CAP.
1535 167 1639 211 XIV.

261 251 365 290 trem
382 258 529 297 suum,
553 251 592 289 et
611 253 807 301 matrem,
831 254 869 292 ct
885 260 1075 299 uxorem,
1099 254 1138 293 et
1155 252 1281 302 filios,

260 322 297 359 et
317 319 490 368 fratres,
514 323 553 361 ec
583 329 764 371 sorores,
786 320 923 362 adhuc
949 324 1088 362 autem
1117 324 1154 362 et
1185 323 1305 363 ani-·

259 400 370 430 mam
389 400 527 440 suam,
542 403 617 443 per
635 392 998 433 mortificationem
1016 392 1188 433 affectus
1201 404 1286 433 car-

257 460 378 510 nalis,
394 461 624 503 secundum
648 462 750 503 illud
773 463 933 505 Psalmi
948 463 959 485 ¹
983 463 1163 512 :aAudi,
1181 462 1282 513 filia,

259 532 300 570 et
319 530 429 582 vide,
452 534 493 571 et
507 531 665 572 inclina
684 544 855 583 aurem,
879 547 898 570 »
923 535 1018 573 etc.:
1040 533 1134 574 Non
1152 535 1286 584 potest

257 612 374 643 meus
412 612 497 644 esse
541 602 802 656 discipulus,
839 615 913 656 per
951 602 1284 655 assumptionem

258 672 517 724 evangelicae
531 673 810 725 perfectionis,
827 674 878 715 de
893 674 1031 727 quain
1046 675 1159 715 Luca
1181 674 1232 725 (a)
1248 678 1281 714 ²:

263 758 282 781 α
300 742 511 784 Perfectus
530 744 668 784 omnis
688 744 789 795 erit,
811 745 844 784 si
865 744 916 784 sit
940 744 1047 785 sicut
1076 744 1283 795 magister

255 813 362 864 ejus.
381 826 401 850 »
425 812 476 854 Et
494 813 602 854 ratio
633 813 762 866 hujus
793 816 875 864 est,
897 814 996 867 quia
1024 814 1282 866 principium

254 883 484 935 spiritualis
505 883 629 934 vitae,
660 886 722 924 est
749 896 906 924 exuere
926 884 1138 924 carnalem
1162 884 1282 924 affec-

253 954 372 1002 tum3
402 953 503 1005 quia
524 954 537 975 ³
560 969 580 992 «
611 954 804 994 animalis
831 954 959 994 homo
991 965 1077 994 non
1108 953 1283 1006 percipit

253 1034 321 1073 ea,
353 1034 449 1075 quae
480 1026 579 1064 sunt
610 1023 790 1076 Spiritus
818 1023 890 1064 Dei
925 1040 933 1065 ε
963 1023 1138 1064 stultitia
1169 1023 1284 1063 enim

253 1096 316 1134 est
335 1093 419 1144 illi,
440 1095 481 1134 et
509 1105 594 1134 non
623 1096 757 1146 potest
792 1094 1055 1146 intelligere,
1078 1108 1097 1131 11
1126 1096 1203 1134 010.
1234 1093 1285 1134 Et

254 1163 393 1206 Isaias
425 1167 439 1188 ¹·
480 1177 490 1204 ε
521 1179 540 1202 (ε
575 1164 708 1214 Quem
747 1164 910 1205 docebit
948 1163 1164 1204 scientiam
1190 1165 1210 1203 ’ἶ
1244 1166 1284 1204 01

253 1245 383 1286 quem
421 1233 661 1286 intelligere
705 1234 828 1274 faciet
872 1235 1065 1275 auditum
1093 1235 1112 1273 ἶ)
1152 1235 1284 1275 ablac-

254 1306 362 1345 tatos
388 1316 413 1344 a
446 1304 576 1354 lacte,
595 1318 614 1341 »
657 1308 752 1355 010.,
780 1304 861 1345 hoc
889 1307 975 1354 est,
1012 1307 1224 1357 separatos
1259 1318 1284 1346 a

253 1373 411 1414 carnali
456 1373 689 1414 affectione.
739 1373 855 1414 Unde
900 1374 1132 1414 notandum
1178 1378 1239 1421 est
1269 1406 1279 1425 ,

255 1444 368 1494 quod
405 1455 491 1483 non
526 1442 717 1495 praecipit
759 1443 828 1483 hic
874 1443 1019 1484 odium
1058 1448 1282 1496 parentum

253 1515 462 1565 quantum
494 1513 546 1554 ad
577 1515 796 1563 naturam,
826 1513 925 1565 quia
953 1513 1033 1554 hoc
1064 1517 1172 1554 esset
1200 1515 1279 1554 1111»

253 1582 444 1633 pietatis,
482 1594 579 1623 cum
613 1582 721 1623 dicat
752 1583 934 1625 Joamzes
963 1585 975 1604 ὅ
1011 1597 1020 1624 :
1051 1599 1069 1622 (ι
1096 1584 1176 1632 Qui
1196 1584 1283 1625 odit

254 1653 427 1694 fratrem
445 1666 572 1695 suum
590 1687 600 1705 ,
623 1654 832 1695 homicida
863 1657 923 1695 est
948 1669 958 1704 ;
989 1669 1008 1692 11
1044 1655 1117 1695 sed
1141 1667 1280 1707 quan-

254 1725 346 1764 tum
371 1723 423 1764 ad
450 1725 620 1783 culpam
637 1756 647 1774 ,
671 1726 777 1766 sicut
810 1725 910 1766 dicit
938 1725 1210 1777 Augustinus
1233 1730 1245 1752 ⁶
1270 1741 1278 1767 :

255 1808 276 1833 α
298 1794 368 1835 Sic
386 1795 587 1847 diligendi
612 1799 710 1837 sunt
729 1796 943 1846 homines,
966 1798 1014 1836 ut
1040 1808 1189 1836 eorum
1219 1807 1282 1836 er-

255 1876 371 1906 rores
412 1877 499 1905 non
541 1865 791 1918 diligantur.
832 1881 850 1903 1)
890 1866 946 1906 De
982 1878 1066 1919 quo
1101 1867 1196 1907 odio
1236 1867 1282 1906 in

257 1934 425 1977 Psalmo
439 1939 452 1960 ⁷
471 1949 480 1976 ε
509 1934 692 1976 «Nonne
712 1936 784 1988 qui
807 1935 986 1976 oderunt
1005 1938 1066 1986 te,
1088 1935 1278 1985 Domine,

255 2005 426 2046 oderam
461 2020 470 2046 ε
502 2008 543 2046 01
574 2018 703 2059 super
733 2006 926 2046 inimicos
962 2008 1058 2046 tuos
1094 2007 1279 2047 tabesce-

255 2077 385 2117 bam?
415 2090 435 2115 »
462 2076 514 2117 Ε1
545 2080 638 2130 post
668 2091 676 2116 ε
706 2092 725 2115 (<
754 2075 939 2117 Perfecto
974 2076 1070 2117 odio
1109 2076 1281 2117 oderam

254 2146 368 2196 illos,
399 2161 418 2185 ›>
460 2149 538 2187 etc.
568 2147 685 2188 Unde
714 2147 947 2198 Gregorius
966 2147 1010 2186 8:
1040 2161 1058 2185 α
1084 2147 1222 2187 Simul
1240 2150 1281 2188 et

255 2217 391 2258 odisse
409 2229 636 2269 possumus
655 2219 696 2258 et
721 2217 898 2268 diligere
915 2249 927 2267 ‚
959 2219 1006 2257 ut
1039 2229 1092 2258 ex
1119 2229 1280 2269 cognav

255 2287 369 2327 tione
393 2287 514 2328 nobis
541 2288 788 2339 conjunctos
816 2299 870 2327 ex
900 2289 1109 2339 praecepto
1137 2287 1282 2328 divino

255 2357 509 2409 diligamus,
531 2360 571 2398 et
603 2370 709 2411 quos
740 2357 1002 2398 adversarios
1033 2358 1076 2397 in
1109 2358 1180 2399 via
1210 2358 1282 2398 Dei

255 2427 467 2479 patimur,
495 2427 675 2468 odiendo
694 2430 735 2468 et
755 2427 956 2479 fugiendo
985 2427 1238 2469 nesciamus.
1260 2443 1279 2466 n

256 2496 373 2538 Unde
392 2497 537 2538 odium
556 2497 659 2538 illud
683 2509 770 2538 non
789 2498 906 2538 venit
935 2509 987 2538 ex
1008 2498 1251 2539 crudelitate
1269 2530 1279 2548 ,

256 2568 326 2608 sed
343 2580 396 2608 ex
409 2568 634 2619 charitate,
655 2568 762 2608 sicut
781 2570 821 2608 01
837 2567 981 2608 odium
996 2568 1150 2609 animae
1173 2580 1277 2620 suae,

256 2650 385 2691 quam
408 2638 611 2679 debemus
630 2638 765 2679 odisse
784 2650 868 2678 non
894 2641 1102 2690 quantum
1132 2639 1183 2679 ad
1216 2652 1271 2680 sa»

254 2709 410 2761 lutem,
433 2710 506 2750 sed
528 2712 736 2762 quantum
757 2710 809 2750 ad
832 2710 1137 2750 carnalitatem.
1163 2709 1280 2752 Unde

255 2779 484 2832 Gregorius
501 2779 515 2801 ⁹
537 2791 547 2820 :
576 2793 596 2819 α
619 2779 736 2820 Τ1100
766 2779 953 2820 animam
981 2782 1166 2820 nostram
1196 2781 1282 2822 odi-

255 2863 375 2902 111115,
399 2863 497 2892 011111
516 2851 609 2903 ers
635 2850 852 2890 affectibus
881 2850 1117 2890 carnalibus
1150 2851 1281 2892 reluc-

254 2924 410 2963 tamur.
431 2935 451 2959 »
476 2920 532 2961 De
551 2920 632 2961 hoc
663 2920 758 2960 odio
790 2920 943 2961 dicitur
965 2920 995 2944 ¹0
1017 2934 1026 2961 :
1054 2935 1073 2959 (1
1094 2920 1172 2969 Qui
1193 2922 1281 2963 odit

255 2991 442 3031 animam
462 3002 585 3031 suam
601 2990 646 3030 in
664 2991 743 3031 hoc
758 2990 934 3040 mundo,
950 2989 995 3029 in
1013 2990 1146 3031 vitam
1163 2994 1281 3033 aeter-

256 3072 355 3101 nam
387 3060 566 3102 custodit
599 3072 707 3101 eam.
729 3075 748 3098 n
782 3060 1054 3112 Augustinus
1085 3061 1113 3083 1¹
1143 3075 1152 3102 z
1190 3077 1209 3100 c<
1236 3062 1281 3103 Si

257 3132 366 3174 male
396 3133 635 3183 amaveris,
666 3135 769 3173 tunc
802 3132 949 3182 odisti3
982 3133 1017 3172 si
1053 3132 1159 3174 11000
1186 3134 1281 3176 ode-

297 3238 308 3260 1
332 3237 420 3269 Psal.
443 3245 537 3278 xmv,
562 3239 611 3271 11.
634 3255 672 3261 —
697 3239 710 3259 2
733 3239 829 3278 Sup.,
850 3245 902 3277 v1,
925 3239 975 3269 40.
997 3254 1037 3260 —
1056 3237 1070 3258 ³
1090 3239 1100 3269 1
1123 3239 1213 3279 Cor„
1242 3249 1280 3282 11,

260 3287 307 3317 14.
329 3302 365 3307 —
385 3284 398 3305 ¹·
417 3285 636 3326 1sa..xxv111‚
653 3287 683 3317 9.
705 3302 744 3308 —
764 3286 804 3315 Μ
828 3284 993 3324 Joan.,11,
1022 3287 1069 3315 11.
1094 3302 1129 3306 -
1150 3286 1162 3307 ⁶
1179 3289 1280 3329 Aug„

257 3332 380 3363 Enarr.
402 3332 436 3362 in
456 3331 544 3362 Psal.
564 3339 596 3372 c,
611 3340 647 3362 n.
665 3333 696 3372 5,
717 3334 750 3363 et
765 3332 798 3362 in
816 3331 908 3363 Psal.
930 3338 1049 3371 cxvm,
1066 3340 1166 3364 serm.
1184 3342 1279 3376 xx1v,

256 3387 291 3409 n.
325 3382 354 3410 1,
387 3394 428 3401 -
460 3379 469 3396 ⁷
495 3378 586 3410 Psal.
621 3386 797 3419 cxxxvm,
827 3381 890 3417 21,
916 3379 968 3409 22.
995 3394 1035 3402 —
1066 3379 1077 3396 ⁸
1105 3379 1218 3421 Greg.‚
1246 3383 1280 3414 z'n

258 3426 399 3465 Evanq„
418 3424 511 3456 hom.
532 3433 664 3465 xxxvii,
686 3435 721 3458 n.
742 3428 772 3457 2.
793 3442 833 3448 —
852 3428 863 3443 ⁵·
885 3425 968 3456 ibid.
987 3441 1026 3448 --
1046 3425 1073 3446 ¹⁰
1091 3426 1198 3468 Joan„
1215 3437 1277 3469 xli,

2308 188 2380 224 6021

1361 254 1440 305 ris,
1464 258 1565 296 tunc
1603 258 1766 298 amasti.
1805 259 1962 302 Felices
1997 266 2071 316 qui
2108 268 2167 308 510
2205 271 2385 314 oderunt

1362 325 1654 378 custodiendo,
1678 340 1730 368 ne
1749 330 1924 381 perdant
1948 337 2143 378 amando.
2177 354 2196 376 »
2221 340 2307 382 Hoc
2324 345 2386 383 est

1364 395 1477 446 quod
1504 398 1743 449 expressius
1771 399 1922 441 dicitur
1941 402 1984 442 in
2004 405 2297 453 Ecclesiastico
2319 412 2348 434 ¹²
2371 427 2382 452 .·

1368 480 1386 503 <z
1405 465 1496 515 Fili,
1518 470 1610 519 post
1629 469 1983 522 concupiscentias
2009 477 2102 516 tuas
2119 489 2204 518 non
2231 492 2316 531 eas,
2345 484 2385 522 et

1360 546 1385 574 a
1405 536 1623 578 voluntate
1645 541 1719 579 tua
1737 544 1940 583 avertere.
1973 543 2016 584 Si
2036 550 2209 597 praestes
2229 551 2383 593 animae

1361 607 1445 646 tuae
1471 609 1824 661 concupiscentias
1845 614 1962 664 ers,
1991 615 2110 658 faciet
2138 620 2178 659 te
2208 619 2254 660 in
2283 632 2385 672 gau-

1362 676 1479 717 dium
1499 677 1679 719 inimicis
1698 680 1796 722 tuis.
1815 696 1834 719 »
1862 682 1979 724 Sicut
1998 698 2101 737 ergo
2131 689 2385 743 principium

1360 748 1589 799 spiritualis
1620 750 1719 791 vitae
1751 755 1812 792 est
1842 765 1929 794 non
1963 759 2278 812 concupiscere,
2311 762 2385 802 uhi

1364 829 1489 859 omne
1526 820 1685 861 malum
1722 822 2003 876 prohibetur,
2041 830 2080 867 et
2117 829 2324 872 declinare
2361 844 2386 872 a

1363 888 1502 938 malo;
1526 889 1584 929 sic
1604 890 1924 934 fundamentum
1955 897 2183 948 spiritualis
2214 902 2384 942 comita-

1361 960 1431 998 tus
1461 962 1521 999 est
1546 962 1829 1003 carnalitatem
1861 976 2031 1007 omnem
2054 969 2274 1021 declinare,
2295 972 2384 1014 sive

1359 1029 1409 1069 ad
1431 1041 1496 1080 se,
1523 1031 1611 1072 sive
1631 1033 1682 1073 ad
1702 1037 1911 1085 parentes
1945 1037 2117 1091 Propter
2146 1042 2259 1094 quod
2286 1043 2384 1083 dici-

1358 1103 1428 1140 tur
1449 1102 1476 1123 ¹³
1500 1116 1508 1142 z
1535 1117 1554 1140 «
1573 1103 1772 1156 Deponite
1796 1107 1842 1159 (b)
1871 1121 1947 1150 vos
1978 1113 2210 1153 secundum
2243 1115 2383 1166 pristi-

1359 1183 1459 1211 nam
1502 1176 1861 1219 conversationem
1910 1183 2096 1223 veterem
2130 1184 2347 1226 hominem
2368 1218 2380 1236 ,

1358 1243 1431 1295 qui
1451 1247 1736 1298 corrumpitur
1765 1251 2000 1292 secundum
2030 1253 2235 1296 desideria
2267 1268 2383 1297 erro-

1357 1324 1430 1353 ris.
1450 1328 1469 1351 ›>

1410 1383 1571 1434 Tertio,
1594 1390 1802 1439 quantum
1825 1391 1877 1431 ad
1907 1392 2134 1444 spiritualis
2163 1397 2384 1438 comitatus

1358 1455 1734 1509 complementum,
1765 1461 1990 1514 subjungit
2021 1466 2086 1514 (v.
2111 1467 2216 1518 27):
2241 1468 2295 1508 Et
2310 1469 2384 1520 qui

1356 1536 1441 1567 non
1456 1526 1619 1579 bajulat
1633 1540 1795 1572 crucem
1808 1542 1929 1573 suam
1940 1565 1950 1583 ,
1970 1546 2045 1586 per
2060 1537 2283 1587 perfectam
2298 1550 2384 1578 car-

1356 1596 1423 1635 nis
1443 1597 1810 1641 mortificationem
1833 1616 1841 1642 :
1868 1602 1923 1645 Ec
1943 1605 2059 1646 vem‘c
2084 1610 2180 1657 post
2198 1618 2259 1648 me
2277 1639 2288 1658 ,
2309 1620 2383 1660 per

1356 1669 1511 1706 rectam
1539 1667 1815 1711 intentionem
1838 1684 1848 1712 :
1871 1673 1965 1714 Non
1990 1678 2125 1726 polest
2149 1687 2265 1718 meus
2297 1688 2382 1719 esse

1356 1735 1596 1789 discipulus
1616 1770 1628 1789 ,
1672 1752 1746 1791 per
1791 1745 1948 1783 certam
1992 1745 2284 1789 imitationem.
2333 1748 2382 1788 Et

1355 1809 1454 1847 nota
1473 1809 1586 1859 quod
1605 1809 1674 1850 hic
1694 1814 1754 1851 est
1777 1815 2083 1856 consummatio
2109 1816 2381 1870 discipulatus

1356 1877 1508 1918 Christi
1541 1882 1580 1920 et
1621 1882 1865 1934 comitatus,
1897 1885 2051 1926 scilicet
2080 1888 2125 1926 in
2153 1887 2380 1940 bajulando

1355 1959 1522 1989 crucem
1542 1981 1555 2000 ,
1585 1951 1685 2002 quia
1726 1952 1783 1992 ibi
1823 1954 2014 1996 Christus
2045 1960 2376 2009 consummavit,

1358 2018 1691 2061 51011111101111111
1721 2036 1730 2063 :
1757 2038 1775 2062 (‹
1802 2023 1853 2064 Et
1884 2026 2078 2077 hajulans
2110 2029 2188 2068 sibi
2212 2041 2379 2070 crucem

1355 2088 1487 2129 exivit
1502 2090 1545 2130 in
1563 2103 1677 2142 eum,
1692 2093 1764 2145 qui
1779 2093 1930 2135 dicitur
1949 2095 2167 2149 Calvariae‚
2182 2099 2337 2140 locum.
2355 2114 2373 2136 r>

1356 2158 1404 2198 In
1433 2172 1556 2201 cruce
1593 2163 1707 2203 enim
1738 2163 1889 2205 Christi
1920 2170 1981 2208 est
2008 2180 2176 2209 summa
2203 2169 2379 2210 humili-

1355 2231 1417 2269 tas
1438 2230 1465 2251 1⁵
1491 2245 1528 2269 :a
1550 2231 1800 2275 Humiliavit
1820 2237 2110 2289 semetipsum,
2133 2240 2265 2280 factus
2286 2240 2379 2281 ohe-

1355 2299 1472 2340 diens
1487 2313 1621 2354 usque
1640 2303 1691 2342 ad
1713 2307 1909 2357 mortem,
1927 2310 2106 2349 mortem
2127 2311 2269 2350 autem
2289 2322 2380 2351 cru-

1355 2369 1427 2409 cis.
1449 2383 1468 2407 ))
1493 2369 1671 2412 Summa
1690 2376 1932 2425 paupertaS,
1955 2376 2014 2417 ita
2043 2380 2089 2418 ut
2114 2391 2213 2420 vere
2241 2383 2380 2432 posset

1354 2439 1490 2480 dicere
1511 2440 1698 2482 Christus
1725 2442 1828 2484 illud
1849 2445 1921 2487 Job
1942 2447 1970 2472 ¹⁶
1994 2459 2004 2488 ε
2034 2462 2053 2487 (1
2069 2447 2215 2490 Ν11(1115
2234 2462 2377 2503 egres-

1354 2522 1426 2550 sus
1443 2522 1541 2551 sum
1561 2511 1610 2552 de
1630 2515 1750 2554 utero
1770 2516 1916 2555 matris
1935 2528 2042 2559 meae
2059 2549 2070 2567 ,
2092 2522 2132 2559 et
2151 2520 2291 2561 nudus
2309 2533 2379 2562 re-

1353 2583 1497 2621 vertar
1510 2581 1622 2622 illuc.
1647 2597 1665 2620 »
1686 2583 1801 2624 Unde
1821 2585 1974 2627 dicitur
1994 2588 2022 2609 1⁷
2040 2590 2153 2641 quod
2173 2605 2192 2628 α
2209 2590 2374 2642 01111105,

1354 2662 1451 2690 cum
1472 2652 1780 2694 crucifixissent
1810 2667 1908 2695 eum
1926 2687 1939 2706 ,
1977 2662 2228 2711 acceperunt
2251 2661 2375 2701 vesti-

1353 2724 1496 2762 menta
1523 2723 1614 2774 ejus
1633 2754 1646 2774 ,
1682 2726 1722 2764 et
1753 2724 1940 2767 fecerunt
1971 2730 2153 2780 quatuor
2178 2733 2371 2782 partes.»

1352 2789 1423 2831 Est
1436 2794 1477 2832 et
1497 2792 1555 2831 ibi
1575 2805 1743 2834 summa
1762 2796 2004 2848 austeritaS,
2027 2800 2257 2840 secundum
2273 2801 2377 2843 illud

1353 2863 1516 2905 Psalmi
1533 2864 1560 2886 ¹⁸
1580 2878 1588 2905 :
1617 2879 1636 2902 α
1655 2864 1867 2907 Foderunt
1884 2880 2036 2909 manus
2058 2882 2174 2911 meas
2191 2875 2232 2913 et
2251 2873 2376 2925 pedes

1353 2944 1491 2984 meos,
1520 2934 1898 2978 dinumeraverunt
1927 2940 2073 2981 omnia
2097 2953 2191 2982 ossa
2221 2955 2328 2984 mea.
2349 2958 2368 2982 D

1407 3004 1582 3045 Crucem
1617 3017 1722 3057 ergo
1755 3007 1971 3060 baiulare,
2003 3013 2063 3050 est
2092 3011 2373 3054 humilitatem
2395 3022 2531 3057 Bajulare

2394 3072 2508 3090 crucem

2394 3109 2463 3144 quid
2484 3109 2530 3136 sit.

1353 3074 1397 3114 in
1422 3075 1567 3125 corde,
1588 3076 1875 3117 austeritatem
1893 3078 1938 3118 in
1957 3091 2100 3131 carne,
2124 3083 2165 3121 et
2190 3094 2375 3136 pauper-

1351 3144 1480 3184 tatem
1499 3144 1543 3184 in
1561 3145 1754 3196 passione
1773 3157 2008 3200 assumere,
2031 3152 2178 3192 contra
2205 3152 2276 3193 illa
2294 3154 2374 3195 tria

1353 3238 1405 3268 25.
1423 3255 1458 3259 —
1481 3239 1504 3259 ¹¹
1526 3240 1625 3279 Aug„
1645 3239 1679 3271 in
1698 3240 1842 3281 Emmq„
1858 3243 1954 3274 tract.
1973 3250 2019 3283 LI,
2034 3253 2068 3275 11.
2087 3246 2191 3276 1Ο.-
2211 3247 2237 3267 1²
2255 3247 2373 3290 Eccli„

1354 3291 1454 3324 xviii,
1476 3286 1585 3317 30-31.
1602 3302 1643 3308 —
1664 3287 1688 3308 ¹³
1707 3287 1841 3328 Ephesi„
1861 3296 1906 3327 Ν,
1928 3290 1978 3320 22.
1999 3307 2039 3313 —-
2054 3291 2082 3313 1⁶
2100 3292 2207 3328 Joan..
2226 3301 2301 3334 XIX,
2323 3297 2372 3326 17.

1355 3347 1390 3352 —
1412 3331 1437 3353 ¹⁵
1451 3330 1592 3372 Philip„
1610 3340 1650 3373 11,
1667 3335 1697 3365 8.
1713 3350 1751 3357 -
1768 3335 1795 3355 ¹⁰
1810 3334 1893 3375 Job„
1909 3343 1933 3375 1,
1949 3337 2001 3368 21.
2016 3354 2057 3361 -
2073 3339 2096 3357 ¹⁷
2111 3339 2216 3379 Joan„
2234 3348 2306 3380 xrx,
2321 3343 2371 3373 23.

1353 3394 1393 3401 --
1417 3377 1442 3399 ¹³
1463 3379 1551 3410 Psal.
1573 3388 1642 3421 xm,
1666 3382 1715 3412 18.

1396 3437 1441 3477 (a)
1462 3438 1542 3469 Coet.
1558 3438 1637 3470 edit.
1658 3440 1776 3471 Lucas.
1794 3457 1832 3463 —
1854 3440 1899 3481 (b)
1923 3441 2016 3482 γαίῃ.
2039 3444 2229 3484 Deponere.
