2634 3853
1008 145 1280 187 EXPOSITIO
1311 145 1363 187 IN
1392 145 1506 187 CAP.
1539 145 1604 187 IX.

245 245 334 285 erat
353 238 519 290 salutis;
541 240 711 292 propter
727 237 840 291 quod
860 236 934 278 Job
953 236 1011 276 ait
1030 237 1042 258 ¹
1067 250 1076 276 2
1100 251 1119 274 «
1138 235 1271 275 Incre-

245 313 459 366 pationem
489 309 657 350 Domini
690 322 744 350 ne
774 309 972 361 reprobes
1005 321 1013 348 z
1050 306 1149 359 quia
1178 306 1269 358 ipse

244 383 466 432 vulnerat,
497 383 537 421 et
564 381 780 430 medetur3
813 379 1016 432 percutit,
1053 381 1092 418 et
1118 389 1270 417 manus

243 454 335 505 ejus
353 452 575 492 sanabunt.
599 467 617 489 »
644 451 695 492 Et
714 451 813 503 quia
831 451 912 490 hoc
934 450 1147 489 meruerat
1167 448 1269 487 tides

241 525 392 576 patris,
415 523 508 564 ideo
537 524 650 564 addit
671 538 680 563 :
703 524 757 564 Ει
780 520 976 563 reddidit
1002 520 1122 561 illum
1149 519 1269 571 putri

185 613 189 617 ·
241 593 346 646 effus,
363 593 416 634 ad
432 593 677 634 leniendum
697 593 885 634 dolorem
901 591 1047 643 ipsius,
1071 594 1118 630 ut
1139 589 1268 641 possit

241 665 377 706 dicere
398 667 522 705 unico
549 677 625 705 suo
643 663 747 704 illud
776 663 958 703 Jacoh2:
988 676 1006 699 ε(
1027 660 1119 701 Jam
1147 660 1268 700 laetus

239 736 420 788 moriar,
443 736 543 789 quia
559 735 648 777 vidi
667 734 815 775 faciem
839 736 980 783 tuam,
1003 734 1044 772 et
1065 732 1268 784 supersti-

239 808 326 847 tem
346 809 387 848 te
404 807 615 859 relinquo.
643 821 662 844 1)

293 875 342 915 In
369 876 449 916 hoc
474 876 582 916 facto
602 876 746 915 autem
774 872 1045 926 spiritualiter
1073 871 1266 912 eruditur

237 945 462 997 praelatus,
495 946 674 998 qualiter
706 945 924 986 subditum
943 956 967 984 a
993 943 1157 984 diabolo
1192 954 1267 995 per

238 1019 455 1069 peccatum
475 1017 695 1058 obsessum
711 1016 885 1056 reddere
905 1015 1028 1056 debet
1055 1014 1161 1065 Regi
1181 1026 1264 1054 coe-

239 1087 402 1139 lorum,
424 1088 578 1129 scilicet
596 1087 851 1141 increpando
880 1090 920 1126 et
947 1086 1133 1126 sanando
1164 1100 1172 1127 :
1205 1086 1266 1125 in-

240 1160 448 1213 crepando
468 1171 543 1212 per
555 1159 789 1212 justitiam,
813 1160 854 1199 et
873 1158 1059 1197 sanando
1079 1169 1154 1209 per
1183 1157 1266 1196 cle-

239 1231 458 1271 mentiam.
488 1230 616 1286 Debet
646 1233 788 1270 autem
820 1241 910 1269 esse
941 1229 1062 1280 rigor
1089 1228 1266 1280 Justitiae

238 1305 432 1354 respectu
460 1301 617 1354 culpae,
649 1301 719 1341 sed
749 1300 894 1340 dulcor
930 1299 1162 1339 clementiae
1197 1311 1264 1339 re-

239 1373 384 1423 speetu
411 1374 593 1412 naturae.
627 1370 744 1411 Unde
772 1370 1043 1421 Augustinus
1062 1369 1076 1390 ³
1099 1383 1107 1408 :
1138 1369 1267 1409 «Fiat

238 1443 444 1496 correptio
474 1455 574 1484 cum
593 1442 814 1483 dilectione
832 1441 1059 1481 hominum
1074 1473 1085 1491 ,
1110 1445 1150 1481 et
1169 1441 1265 1482 odio

236 1514 453 1554 vitiorum.
477 1529 496 1552 »
521 1513 572 1554 Et
593 1512 854 1565 Gregorius⁴
876 1527 884 1552 ε
917 1528 936 1550 (ι
957 1512 1265 1552 Districtionem

238 1584 441 1625 debemus
477 1585 618 1635 vitiis,
640 1587 682 1625 et
718 1584 1052 1636 compassionem
1081 1586 1263 1623 naturae.

237 1654 346 1697 Vera
365 1668 552 1709 namque
568 1655 735 1707 justitia
754 1655 1088 1707 compassionem
1115 1654 1263 1704 habet,

237 1727 342 1767 falsa
346 1728 513 1780 justitia
526 1726 860 1779 indignationem
874 1726 943 1778 (a).
964 1740 982 1763 ›)
1000 1725 1118 1765 Unde
1137 1729 1176 1766 et
1197 1726 1261 1765 in-

237 1797 301 1838 fra
319 1798 333 1819 ⁵
352 1799 504 1840 dicitur
523 1799 574 1839 de
594 1798 858 1839 Samaritano
877 1800 1049 1837 curante
1068 1796 1265 1836 vulnera-

238 1870 346 1920 tum,
369 1870 484 1922 quod
513 1870 650 1923 plagis
676 1870 768 1922 ejus
787 1868 939 1909 infudit
963 1868 1007 1920 (b)
1033 1868 1200 1917 vinum,
1222 1870 1264 1908 et

239 1940 407 1991 oleum3
432 1941 584 1983 vinum
604 1941 820 1991 mordens,
849 1943 889 1980 et
913 1939 1053 1980 oleum
1072 1939 1261 1989 leniens,

237 2013 470 2053 seeundum
489 2012 572 2053 duo
595 2024 692 2065 quae
711 2012 819 2052 dicta
838 2014 949 2051 sunt.

290 2083 355 2120 44.
373 2080 610 2133 Stupebant
629 2084 766 2122 autem
787 2090 942 2128 onmes,
968 2081 1045 2119 ete.
1067 2078 1165 2120 Post
1184 2092 1262 2132 op-

235 2151 537 2204 portunitatem
577 2151 868 2203 disponentem
883 2182 894 2200 ,
935 2153 975 2190 et
1014 2153 1261 2203 potestatem

235 2222 500 2272 efficientem,
517 2221 737 2262 subdithic
754 2221 868 2263 Evan
875 2221 1025 2273 gelista
1038 2222 1261 2262 utilitatem

235 2296 576 2347 consequentem.
614 2292 665 2333 Et
684 2293 777 2333 haec
802 2292 882 2332 fuit
907 2292 1090 2344 duplex:
1126 2294 1263 2344 prima

235 2364 503 2415 universalis,
519 2364 702 2404 secunda
723 2363 1001 2415 particularis.
1019 2363 1160 2403 Prima
1182 2364 1261 2404 fuit

235 2435 430 2476 excitatio
450 2434 752 2475 universorum
777 2433 830 2473 ad
858 2433 1139 2474 reverentiam
1167 2447 1257 2474 ma-

229 2505 412 2557 jestatis;
447 2504 629 2545 secunda
658 2503 738 2544 fuit
769 2503 1000 2544 sollicitatio
1028 2504 1258 2557 discipulo-

234 2587 332 2616 rum
360 2575 412 2616 ad
435 2574 760 2627 intelligentiam
782 2574 985 2615 veritatis.
1010 2574 1153 2615 Primo
1172 2575 1257 2627 igi-

232 2649 318 2696 tur,
341 2650 550 2700 quantum
571 2646 623 2687 ad
644 2645 940 2686 excitationem
959 2646 1258 2687 universorum

234 2717 287 2758 ad
307 2718 538 2770 majestatis
561 2717 863 2768 reverentiam,
887 2716 1039 2757 dicitur
1058 2731 1066 2757 :
1099 2718 1257 2770 Stupe-

235 2787 337 2831 bam
356 2793 496 2832 autem
514 2798 651 2831 omnes
667 2789 715 2830 in
734 2788 1031 2840 maqnitudine
1049 2789 1142 2840 Dei,
1159 2791 1260 2843 quia

233 2873 394 2913 magna
425 2864 514 2902 erat
546 2861 758 2914 potentia,
792 2873 890 2913 quae
926 2863 1013 2901 tam
1047 2874 1257 2914 magnum

233 2931 433 2973 morbum
450 2933 495 2973 in
518 2935 606 2972 tam
633 2943 766 2984 parvo
787 2935 997 2984 tempore,
1020 2935 1106 2972 tam
1126 2946 1257 2986 parvo

233 3003 364 3044 verbo
399 3003 579 3056 perfecte
610 3004 789 3044 curavit.
830 3002 947 3044 Unde
981 3004 1257 3046 decantabant

233 3072 336 3113 illud
351 3077 365 3099 ⁶
381 3088 390 3113 :
408 3089 428 3112 ι(
446 3074 626 3127 Magnus
646 3075 1022 3129 Dominusnoster,
1037 3079 1078 3116 et
1099 3089 1258 3129 magna

233 3143 370 3184 virtus
389 3145 493 3197 eius.
514 3160 533 3183 ›)
550 3146 600 3187 Et
617 3146 721 3187 illud
741 3147 970 3188 Hiet'emz'oe
984 3146 1021 3187 ⁷:
1037 3162 1055 3185 (ι
1076 3147 1258 3200 Magnus

233 3226 278 3255 es
297 3218 366 3265 tu,
386 3215 579 3268 Domine,
601 3220 642 3258 et
660 3230 868 3270 magnum
888 3230 1044 3258 nomen
1063 3221 1188 3259 tuum
1213 3220 1257 3260 in

274 3301 285 3322 1
307 3299 381 3340 lob,
399 3307 432 3340 V,
455 3302 503 3333 17.
525 3319 561 3324 —
582 3302 596 3322 ²
615 3302 706 3341 Gen„
729 3311 821 3343 vai,
843 3305 894 3334 30.
915 3320 955 3326 -
978 3304 989 3321 ³
1013 3305 1111 3344 Aug,
1141 3305 1254 3345 Reyul.

182 3369 186 3371 -
232 3345 277 3378 ad
292 3356 375 3378 sero.
398 3348 473 3384 Dei,
490 3356 526 3378 n.
546 3350 626 3380 7.—
645 3350 658 3371 δ
678 3351 778 3391 Greg.
801 3352 835 3382 in
857 3352 998 3392 Evany„
1020 3351 1113 3383 hom.
1134 3360 1254 3394 xxxiv,

231 3402 264 3424 n.
287 3395 370 3425 2.-
389 3395 400 3412 ⁵
419 3394 496 3432 lnf.‚
515 3402 550 3434 x,
571 3396 621 3426 34.
644 3414 678 3419 —-
702 3397 715 3417 ⁶
734 3398 821 3430 Psal.
843 3406 957 3439 chvi,
977 3401 1008 3430 5.
1029 3416 1068 3422 -—
1088 3400 1096 3417 ⁷
1119 3400 1254 3440 jerem,

229 3449 263 3479 x,
286 3442 365 3474 6.—
386 3440 532 3480 ὃΕεεοαὴ,
551 3449 609 3482 xv,
624 3446 717 3475 11.—
735 3445 746 3463 ὓ
767 3445 877 3486 Cant„
897 3453 971 3485 viu,
992 3447 1072 3477 6.-
1096 3447 1120 3469 '1⁰
1135 3446 1253 3488 Eccli.,

2293 155 2368 193 477

1340 235 1599 276 fortitudine.
1622 249 1641 272 ›)
1667 234 1718 275 Et
1742 234 1786 274 in
1812 235 1960 278 Exodo
1980 239 1994 261 ⁸
2015 250 2023 277 :
2053 236 2191 285 «Quis
2220 240 2370 281 similis

1342 307 1405 347 tui
1434 308 1476 347 in
1500 306 1700 356 fortibus,
1738 304 1948 346 Domine?
1974 306 2068 358 quis
2100 307 2246 348 similis
2275 311 2368 350 tui?

1342 377 1596 428 magnificus
1615 377 1659 416 in
1674 376 1906 428 sanctitate,
1922 377 2122 418 terribilis
2141 381 2266 431 atque
2284 380 2372 421 lau-

1342 447 1509 497 dabilis,
1530 447 1684 487 faciens
1703 447 1931 488 mirabilia.
1954 463 1972 485 ))

1395 518 1586 558 Secundo
1607 530 1723 569 vero,
1741 521 1949 571 quantum
1969 519 2021 559 ad
2038 518 2371 560 sollicitationem

1341 588 1644 641 discipulorum
1661 591 1712 630 ad
1732 591 1924 631 veritatis
1942 591 2288 643 intelligentiam,
2305 593 2374 633 ad-

1341 659 1454 699 ditur·
1479 674 1488 699 :
1511 661 1643 702 Dixit
1662 664 1802 702 celetem
1823 661 1879 702 ad
1900 661 2132 714 discipulos
2154 673 2280 705 suos:
2300 663 2374 706 Po-

1340 730 1430 772 nite
1451 740 1523 772 vos
1548 731 1595 771 in
1622 730 1818 773 cordibus
1845 734 1997 774 vestris
2017 743 2220 775 sermones
2241 734 2349 776 istos
2356 746 2374 786 ,·

1340 802 1461 854 quasi
1481 802 1634 843 diceret
1660 803 1746 843 eis:
1776 803 1880 843 Aliis
1909 805 2310 855 recognoscentibus
2334 808 2375 845 et

1340 873 1650 914 admirantibus
1677 874 2022 926 magnitudinem
2044 876 2369 928 miraculorum,

1340 957 1416 985 vos
1438 946 1617 997 cogitate
1637 946 1923 986 humilitatem
1953 946 2197 987 futurorum
2219 959 2371 1000 oppro-

1339 1015 1530 1056 briorum
1552 1020 1593 1057 et
1615 1017 1785 1069 pretiosi
1806 1018 2049 1069 sanguinis,
2086 1031 2171 1071 quo
2192 1019 2375 1060 mundus

1339 1086 1610 1127 redimendus
1629 1090 1714 1128 est:
1741 1091 1941 1129 eventum
1962 1091 2102 1129 mente
2127 1090 2341 1131 recondite
2355 1122 2368 1137 ,

1340 1157 1442 1197 dum
1473 1158 1613 1198 caeteri
1646 1159 1858 1199 mirantur
1888 1162 2054 1200 tantum
2080 1160 2186 1200 sacta
2216 1161 2371 1202 divinae

1340 1227 1588 1269 altitudinis.
1606 1228 1725 1269 Unde
1742 1241 1751 1269 :
1775 1229 1934 1279 Ponite,
1951 1230 1992 1271 id
2009 1233 2085 1282 est,
2105 1231 2150 1271 in
2169 1231 2375 1272 memoria

1339 1298 1510 1350 habete,
1536 1301 1769 1341 secundum
1792 1301 1896 1341 illud
1916 1302 1929 1323 ⁹
1948 1316 1957 1342 ε
1987 1318 2005 1341 «
2032 1301 2144 1344 Pone
2164 1316 2232 1343 me
2251 1306 2298 1344 ut
2317 1304 2373 1343 si-

1346 1371 1579 1421 gnaculum
1613 1384 1742 1424 supra
1772 1384 1844 1412 cor
1873 1376 2055 1414 tuum.»
2079 1374 2175 1415 Ideo
2204 1377 2370 1426 autem,

1339 1445 1432 1492 post
1452 1442 1735 1482 ostensionem
1753 1443 1962 1494 miraculi,
1985 1444 2184 1496 adjungit
2203 1446 2374 1498 praedic-

1339 1512 1498 1553 tionem
1527 1514 1658 1554 futuri
1697 1514 1910 1567 supplicii,
1948 1527 2001 1555 ne
2033 1516 2170 1556 subito
2199 1517 2373 1557 veniens

1339 1584 1476 1635 passio
1517 1585 1743 1638 discipulos
1774 1586 1947 1626 omnino
1993 1588 2215 1628 concutiat.
2256 1587 2372 1629 Unde

1340 1654 1660 1697 Ecclesiasticus
1687 1657 1740 1696 ¹⁰:
1771 1673 1790 1695 α
1822 1657 1869 1696 ln
1893 1657 1960 1697 die
1982 1659 2193 1699 bonorum
2217 1672 2270 1700 ne
2295 1660 2372 1700 im-

1340 1738 1504 1766 memor
1521 1727 1576 1767 sis
1593 1728 1817 1769 malorum.
1846 1743 1864 1766 n
1881 1729 1933 1769 Et
1957 1742 2011 1770 ne
2032 1731 2182 1783 aliquis
2200 1743 2370 1784 prospe-

1339 1797 1473 1837 ritatis
1483 1800 1670 1851 tempore
1685 1799 1924 1850 extollatur,
1941 1802 2175 1842 secundum
2196 1802 2300 1843 illud
2316 1804 2364 1844 ¹¹:

1347 1884 1364 1905 «
1384 1868 1443 1909 Ne
1465 1868 1659 1920 glorieris
1686 1870 1731 1910 in
1756 1871 2007 1922 crastinum,
2038 1872 2243 1924 ignorans
2268 1874 2368 1926 quid

1338 1944 1646 1992 superventura
1677 1942 1812 1994 pariat
1842 1942 1942 1984 dies.
1974 1958 1992 1980 ›)
2028 1943 2078 1983 Et
2109 1944 2203 1985 ideo
2233 1945 2370 1987 Eccle-

1338 2013 1542 2054 siasticus
1564 2013 1591 2034 ¹2
1607 2027 1646 2052 2«
1663 2012 1745 2053 Nec
1766 2013 1810 2053 in
1828 2013 1894 2053 die
1914 2014 2090 2055 honoris
2110 2015 2174 2055 tui
2194 2016 2368 2057 extolla-

1337 2083 1412 2123 ris.
1438 2098 1456 2121 ))
1486 2084 1710 2124 Sermones
1739 2097 1839 2125 vero
1866 2098 1971 2140 quos
2001 2086 2094 2127 vult
2120 2088 2171 2128 ad
2199 2100 2366 2130 memo-

1336 2155 1445 2195 riam
1465 2156 1631 2206 reduci,
1655 2159 1753 2196 sunt
1779 2156 1829 2196 de
1849 2157 2063 2209 passione3
2092 2159 2204 2200 unde
2222 2161 2359 2202 addit:

1336 2226 1478 2267 Filius
1493 2227 1607 2267 enim
1622 2225 1806 2284 hominis
1822 2228 2016 2277 futurum
2031 2233 2150 2271 estut
2168 2230 2368 2274 tradatur

1336 2297 1385 2337 in
1405 2307 1556 2337 manus
1575 2297 1806 2338 hominum.
1834 2297 2065 2349 Tradetur,
2089 2299 2288 2353 inquam,
2313 2315 2366 2343 ex

1336 2366 1556 2407 clementia
1576 2380 1600 2407 a
1620 2367 1703 2408 Deo
1723 2367 1845 2408 Patre
1864 2370 1893 2392 ¹³
1909 2381 1948 2409 2«
1970 2370 2049 2418 Qui
2070 2373 2239 2424 proprio
2260 2372 2365 2415 Filio
2390 2399 2522 2426 Christus

1335 2449 1412 2477 suo
1431 2450 1516 2478 non
1534 2439 1731 2490 pepercit,
1748 2439 1819 2480 sed
1834 2451 1910 2491 pro
1931 2441 2054 2480 nobis
2069 2443 2266 2483 omnibus
2286 2446 2366 2484 tra·
2394 2440 2516 2487 diver&

2402 2481 2509 2508 diversi

1335 2508 1437 2548 didit
1460 2508 1604 2559 illum,
1626 2524 1645 2546 ›)
1671 2512 1749 2550 etc.
1772 2509 1976 2551 Tradetur
2001 2524 2054 2552 ex
2078 2513 2315 2556 obedientia
2339 2528 2364 2556 a
2383 2523 2471 2569 mode·
2492 2524 2521 2549 in

1335 2579 1471 2632 seipso
1491 2580 1519 2601 ¹⁵
1537 2595 1545 2621 :
1563 2596 1582 2619 (‹
1601 2579 1682 2621 Pro
1705 2594 1755 2622 eo
1780 2583 1894 2634 quod
1919 2584 2087 2625 tradidit
2109 2585 2154 2625 in
2182 2590 2359 2627 mortem
2382 2572 2521 2632 ῃῖῗιῗῗᾷ-

1334 2650 1520 2691 animam
1542 2663 1680 2692 suam.
1696 2666 1715 2689 ›)
1735 2651 1940 2694 Tradetur
1960 2667 2011 2695 ex
2033 2655 2193 2696 malitia
2212 2669 2236 2697 a
2254 2657 2274 2698 J
2279 2658 2362 2699 uda
2381 2646 2469 2672 ‘³⁵³³'

1334 2722 1544 2774 proditore
1564 2723 1617 2763 ¹⁵:
1651 2737 1669 2760 α
1689 2722 1768 2772 Qui
1788 2723 1965 2777 intingit
1989 2738 2157 2767 mecum
2185 2740 2360 2770 manum

1333 2792 1377 2832 in
1398 2794 1633 2846 paropside,
1653 2794 1808 2835 hicme
1828 2796 1975 2836 tradet.
1997 2812 2016 2834 ›)
2043 2797 2095 2838 Et
2113 2798 2158 2838 in
2179 2799 2260 2840 hoc
2278 2801 2358 2841 im-

1333 2863 1458 2915 plicat
1471 2867 1602 2904 totam
1617 2864 1872 2916 passionem.
1889 2865 1940 2906 Et
1956 2869 2155 2919 quoniam
2175 2869 2254 2910 hoc
2272 2875 2361 2912 erat

1334 2934 1547 2975 occultum
1567 2936 1842 2988 mysterium,
1866 2937 1960 2977 ideo
1980 2938 2148 2980 additur
2171 2940 2232 2993 (v.
2253 2943 2328 2996 45)
2347 2957 2355 2983 :

1333 3006 1390 3047 Ac
1409 3005 1475 3047 illi·
1492 3006 1746 3058 iynorabant
1771 3007 1938 3050 verbum
1956 3010 2096 3061 istud,
2121 3016 2160 3054 et
2179 3019 2268 3056 erat
2293 3024 2359 3056 ve-

1333 3076 1467 3118 latum
1487 3082 1582 3119 (mle
1601 3087 1679 3129 eos,
1703 3083 1854 3120 utnon
1875 3081 2083 3124 sentirent
2106 3083 2239 3124 illud:
2260 3085 2357 3136 quia

1332 3147 1471 3188 adhuc
1489 3148 1616 3188 rudes
1641 3151 1761 3189 erant
1780 3152 1821 3189 et
1848 3150 2073 3204 animales,
2106 3165 2181 3193 nec
2200 3154 2356 3194 intelli-

1332 3218 1490 3269 gebant
1521 3220 1733 3272 praeterita
1763 3233 1788 3260 a
1819 3220 1901 3262 Deo
1926 3222 2057 3274 facta,
2087 3235 2164 3264 nec
2196 3225 2352 3267 futura.

1331 3347 1380 3379 xi,
1410 3340 1461 3370 27.
1486 3356 1527 3363 —
1556 3340 1576 3360 ¹¹
1603 3340 1718 3380 Proca,
1744 3349 1858 3382 xxvii,
1885 3344 1912 3373 1.
1941 3360 1980 3364 —
1999 3342 2024 3363 1²
2046 3342 2166 3382 Eccli.‚
2193 3352 2242 3384 Χῖ,
2264 3346 2294 3376 4.
2316 3362 2355 3369 -

1333 3386 1356 3404 ¹³
1375 3387 1476 3424 Rom,
1492 3393 1567 3427 v111,
1581 3388 1711 3418 32.—-1⁴
1728 3387 1808 3427 isa„
1820 3390 2038 3428 L111,l2.—¹⁵
2050 3389 2288 3432 Mattlnssxvi,
2300 3395 2351 3427 23.

1373 3446 1415 3487 (a)
1433 3445 1486 3480 Al.
1507 3447 1836 3488 dedignationem.—
1853 3450 1894 3491 (b)
1917 3450 2073 3482 infundit.
