2587 3845
62 2253 141 2278 §Iors

31 2292 108 2320 unde
124 2292 171 2320 sit.

195 158 241 195 12

191 242 291 295 quia
308 242 429 295 ponit
447 245 566 283 extra
585 242 786 284 terminos
813 242 962 295 gloriae
981 257 989 283 :
1012 245 1053 283 et
1073 242 1212 295 loqui-

190 314 261 353 tur
289 325 363 365 per
390 313 689 365 antiphrasim,
712 313 818 353 sicut
847 313 881 352 si
905 325 1119 354 venenum
1138 324 1212 365 ap-

190 383 415 436 pellaretur
446 383 824 432 medicamentum,
854 385 895 422 et
919 383 1028 423 sicut
1057 383 1216 434 piscina

189 456 364 493 vocatur
391 465 500 505 aqua
529 465 674 494 carens
700 453 896 505 piscibus.
919 451 1001 492 Sed
1020 452 1216 504 objicitur

189 523 239 564 de
260 524 339 564 hoc
359 523 471 576 quod
491 524 608 564 dicit:
626 524 721 567 Non
741 527 798 565 est
820 523 923 573 illis,
943 526 1039 572 etc„
1066 523 1212 575 quia¹:

195 610 214 633 α
235 594 415 635 Eramus
434 597 586 635 natura
615 595 690 634 filii
719 595 807 634 irre.
830 608 848 630 ›)
874 594 953 634 Sed
974 593 1213 645 dicendum,

190 666 301 717 quod
321 665 388 705 hic
407 666 596 718 loquitur
616 666 667 706 de
687 665 837 706 actuali
862 668 1029 717 peccato
1044 697 1053 715 ,
1078 665 1146 706 vel
1166 666 1216 706 de

189 740 343 777 natura
373 736 586 786 instituta,
619 736 659 776 id
680 738 762 787 est,
790 740 885 778 ante.
907 738 1097 790 lapsum,
1129 752 1217 780 non

189 808 385 848 destituta
425 819 501 860 per
538 809 781 859 peccatum,
821 809 871 850 de
909 821 993 862 qua
1027 810 1216 862 loquitur

188 878 424 930 Apostolus.
447 878 528 920 Neo
557 879 822 929 infernorum
852 891 1048 933 reynmn,
1071 881 1112 921 id
1138 884 1215 931 est,

188 948 366 1000 perditio
393 951 574 998 aeterna,
606 950 654 991 in
682 953 812 1000 terra,
843 951 885 991 id
905 955 965 991 est
983 952 1025 991 in
1047 952 1217 992 homine

188 1019 294 1059 facto
314 1019 365 1059 de
385 1021 496 1059 terra
516 1023 551 1060 2:
580 1035 599 1059 «
619 1019 835 1061 Formavit
863 1021 972 1062 Deus
999 1022 1217 1064 hominem

188 1090 238 1130 de
268 1090 367 1130 limo
400 1093 539 1131 terrae.
569 1105 587 1128 n
625 1091 807 1132 Intendit
837 1105 943 1144 ergo
976 1094 1211 1144 ostendere,

188 1160 301 1213 quod
316 1172 427 1200 mors
442 1161 596 1213 peccati
612 1164 652 1202 et
667 1163 844 1214 perditio
863 1163 1054 1216 supplicii
1070 1164 1218 1204 aeterni

187 1242 273 1270 non
290 1233 391 1273 sunt
410 1243 433 1270 a
450 1233 616 1281 natura,
635 1232 745 1273 seda
761 1233 981 1274 voluntate
1001 1246 1214 1287 perversa.

187 1300 243 1341 De
276 1303 410 1342 morte
442 1302 601 1354 peccati
626 1305 739 1355 patet
768 1316 844 1356 per
876 1303 1086 1356 Glossam,
1119 1318 1218 1359 quae

187 1371 285 1412 dicit
308 1386 316 1412 ε
345 1371 474 1413 «Non
505 1385 728 1426 peccamus
754 1375 1021 1427 necessitate,
1051 1377 1123 1417 sed
1142 1389 1216 1417 vo-

187 1443 346 1484 luntate
374 1456 582 1497 perversa.
617 1459 636 1482 »
670 1446 727 1486 De
756 1446 990 1498 perditione
1024 1447 1218 1501 supplicii

187 1517 300 1567 patet
319 1527 392 1567 per
413 1515 540 1555 aliam
562 1516 774 1568 Glossam,
798 1529 894 1570 quae
916 1517 1014 1558 dicit
1033 1530 1042 1558 :
1068 1532 1087 1556 α
1106 1518 1218 1560 Nihil

187 1585 380 1626 diabolus
412 1586 574 1627 homini
607 1587 841 1638 nocuisset,
877 1588 959 1628 nisi
986 1588 1116 1631 homo
1148 1602 1218 1631 ac-

187 1657 430 1710 quievisset.
453 1672 472 1696 >³

242 1732 307 1769 115.
329 1730 509 1772 Justitia
536 1731 648 1772 enim
675 1735 879 1784 perpetua
913 1735 993 1783 esi,
1032 1735 1111 1773 etc.
1143 1733 1219 1774 Hic

188 1803 332 1841 monet
362 1801 414 1841 ad
438 1801 647 1852 justitiam
676 1802 813 1854 operis
845 1814 898 1842 ex
924 1802 1218 1843 retributionis

189 1871 520 1912 consideratione
557 1887 566 1912 ε
598 1875 639 1913 et
657 1874 795 1926 primo
823 1874 962 1925 tangit
988 1875 1218 1927 praemium

183 1944 380 1996 justitiae3
415 1945 617 1995 secundo,
658 1945 911 1998 supplicium
951 1946 1170 1998 injustitias
1205 1961 1214 1987 :

188 2015 412 2067 injustitia
432 2020 587 2066 autem,
609 2018 712 2067 etc.;
732 2017 855 2057 tertio
874 2017 1117 2070 aequitatem
1128 2019 1217 2070 Jus-

189 2087 292 2128 titiae
313 2100 389 2128 seu
410 2100 546 2140 poenae
574 2088 744 2129 inflictae
768 2102 777 2128 ε
809 2088 941 2140 Impii
961 2091 1116 2138 autem,
1138 2091 1217 2130 etc.

242 2159 425 2202 ,Iustitia
456 2161 570 2201 enim
606 2163 814 2212 perpetua
850 2162 931 2209 est,
964 2161 1066 2209 ete.;
1098 2161 1220 2212 quasi

190 2229 345 2271 diceret
370 2246 378 2272 :
401 2229 513 2271 Bene
543 2230 656 2280 dixi,
683 2230 798 2283 quod
835 2242 951 2271 mors
990 2242 1077 2271 non
1106 2233 1168 2272 est
1195 2244 1221 2272 a

191 2302 296 2352 Deo,
331 2314 409 2342 nec
437 2304 653 2353 anatura,
686 2302 758 2342 sed
789 2302 842 2342 ab
873 2301 1083 2354 injustitia
1119 2315 1220 2355 per-

191 2384 328 2413 versae
345 2372 574 2414 voluntatis
597 2386 606 2412 ι
624 2372 788 2425 justitia
802 2372 916 2413 enim
929 2375 1131 2426 perpetua
1141 2375 1218 2424 est,

192 2443 320 2484 vitam
332 2447 580 2497 perpetuam
591 2444 828 2495 tribuendo,
844 2444 1076 2484 secundum
1086 2444 1218 2485 illudss:

199 2529 217 2551 «
239 2514 284 2554 In
303 2516 466 2556 semitis
494 2515 672 2568 Justitiae
704 2515 805 2565 vita,
827 2529 846 2552 n
871 2514 940 2555 vel
965 2529 984 2552 α
1000 2515 1175 2566 semita;
1196 2529 1216 2553 ›>

194 2589 231 2628 et
249 2587 524 2637 immortalis,
546 2599 571 2626 a
601 2588 804 2638 perpetua
831 2587 967 2625 morte
987 2585 1219 2636 liberando,

195 2657 308 2697 unde
329 2660 342 2682 ⁴
375 2671 383 2697 :
413 2672 431 2694 α
452 2657 673 2698 Justorum
711 2656 868 2695 animae
902 2655 946 2695 in
984 2667 1116 2695 manu
1151 2655 1223 2696 Dei

195 2730 309 2777 sunt,
331 2729 371 2768 et
391 2739 476 2767 non
496 2729 640 2778 tanget
653 2727 745 2767 illos
759 2729 1018 2767 tormentum
1031 2728 1216 2769 mortis.»

196 2798 421 2849 Injustiiia
439 2802 578 2839 antem
595 2799 742 2840 mortis
759 2802 818 2841 est
837 2799 1066 2851 acquisitio
1083 2812 1091 2838 :
1115 2811 1225 2840 mor-

197 2868 250 2909 tis
286 2869 438 2909 scilicet
475 2869 719 2921 temporalis
751 2871 791 2909 et
834 2872 1019 2920 aeternae,
1045 2870 1156 2910 unde
1175 2874 1220 2911 ⁵:

204 2939 458 2992 «Stipendia
478 2939 648 2992 peccati,
678 2952 849 2981 mors.»
890 2939 994 2980 Item
1025 2941 1039 2962 ⁶
1074 2954 1082 2982 ;
1107 2955 1126 2980 <‹
1144 2941 1224 2982 Iter

197 3010 371 3051 devium
388 3009 500 3049 ducit
520 3009 571 3050 ad
591 3012 786 3051 mortem.
810 3024 828 3048 n

251 3083 317 3121 16.
335 3080 468 3132 Impii
483 3082 641 3131 autem,
674 3083 751 3121 etc.
787 3079 863 3120 Hic
887 3081 1068 3122 ostendit
1098 3082 1222 3122 retri-

196 3150 382 3192 butionis
409 3150 666 3203 aequitatem,
689 3163 817 3203 quam
843 3151 998 3192 scilicet
1017 3152 1137 3205 impii
1156 3153 1225 3194 hic

197 3222 448 3262 meruerunt
484 3235 492 3261 z
530 3221 690 3273 primo,
730 3221 982 3275 iniustitiam
1018 3222 1223 3275 faciendo,

241 3330 252 3351 ¹
271 3328 402 3370 Ephe-sa,
423 3336 462 3369 11,
483 3330 514 3359 3.
530 3346 571 3352 —
590 3329 600 3347 2
616 3328 709 3369 Gen„
730 3336 768 3368 11,
788 3331 821 3360 ἵ.
839 3344 878 3353 ·-·
897 3329 909 3350 ³
930 3330 1038 3370 Pron„
1061 3337 1100 3369 11,
1119 3332 1170 3363 28.
1185 3349 1227 3355 —

200 3377 209 3393 ⁴
231 3376 323 3417 Sap„
344 3384 397 3417 111,
420 3379 447 3408 1.
472 3393 509 3399 —
534 3377 545 3395 ⁵
566 3376 668 3416 Rom„
690 3383 736 3415 vi,
757 3377 809 3408 23.
830 3393 870 3399 -—
894 3377 907 3399 ⁶
928 3377 1038 3418 Prov.,
1065 3385 1154 3418 xxu,
1173 3380 1224 3410 28.

791 153 1066 195 EXPOSITIO
1093 153 1145 194 IN
1174 152 1258 195 LIB
1266 152 1385 194 RUM'
1403 153 1715 198 SAPIENTIAE.

1288 244 1459 296 propter
1483 243 1596 297 quod
1619 244 1720 285 dicit
1740 258 1749 286 :
1766 245 1899 297 Impia·
1933 249 2074 290 autem
2099 249 2311 301 manibus,

1289 316 1387 364 etc.;
1403 315 1605 366 secundo,
1637 316 1899 357 familiariter
1930 318 2126 369 amando,
2148 319 2205 360 ibi
2226 334 2234 360 :
2257 322 2317 362 Ei

1288 385 1547 428 (estimantes
1562 417 1572 435 ,
1595 389 1696 436 etc.;
1716 387 1861 437 tertio,
1890 387 2223 440 inseparabiliter
2241 391 2314 430 ad-

1288 455 1491 497 haerendo
1513 471 1522 497 ε
1544 457 1598 499 Et
1615 458 1881 509 sponsiones,
1904 460 2005 509 etc.;
2029 463 2194 511 quarto,
2229 461 2315 501 for--

1288 526 1384 566 titer
1422 527 1679 569 defendendo
1719 540 1729 568 ε
1773 528 1980 575 Quoniam
2025 533 2153 573 morte
2193 531 2321 584 diqni

1289 599 1403 647 sunt,
1424 599 1501 638 etc.

1342 668 1474 720 Impii
1492 668 1642 720 igitur,
1676 668 1887 710 etc.·Beno
1913 669 2026 720 dixi,
2060 671 2172 723 quod
2204 683 2320 713 mors

1289 750 1374 778 non
1393 741 1454 779 est
1476 752 1500 779 a
1519 738 1615 790 Deo,
1638 739 1703 780 vel
1725 751 1750 779 a
1769 742 1935 780 natura.
1959 740 2110 783 Autem
2129 753 2206 794 pro
2229 743 2317 785 sed.

1289 810 1438 862 Impii,
1468 810 1514 850 in
1545 809 1679 851 Deum
1709 812 1750 850 et
1776 811 2040 862 proximum.
2063 812 2263 854 Manibus
2285 817 2323 856 et

1290 883 1429 926 verbis
1451 898 1459 925 :
1485 884 1629 924 Glossa
1650 898 1659 925 ι
1688 883 1863 924 «Factis
1895 887 1936 926 et
1958 886 2076 926 dictis
2096 900 2104 925 ε
2127 901 2146 924 n
2180 897 2323 929 accer-

1289 957 1469 1006 sierunt,
1496 955 1617 1008 quasi
1638 955 1795 996 diceret
1819 970 1828 995 ·,
1851 955 1944 996 Non
1972 969 2016 997 se
2036 957 2229 1010 ingessit,
2252 959 2323 999 sed

1290 1026 1369 1079 ipsi
1386 1027 1703 1067 advocaverunt
1739 1041 1747 1067 ε
1780 1027 1925 1078 illam,
1948 1027 2103 1068 seilicet
2127 1028 2321 1082 impieta-

1291 1099 1391 1146 tem,
1413 1098 1454 1136 et
1472 1098 1651 1136 mortem
1675 1108 1685 1136 :
1714 1098 1755 1136 et
1773 1099 1886 1149 patet
1917 1097 1961 1136 in
1990 1098 2138 1150 primis
2167 1111 2321 1151 paren-

1290 1165 1419 1206 tibus,
1442 1166 1497 1208 Ec
1519 1167 1782 1209 (estimantes
1812 1166 1932 1208 illam
1961 1168 2159 1219 amicam,
2182 1169 2225 1210 id
2246 1171 2322 1219 est,

1290 1236 1454 1287 utilem,
1465 1249 1542 1277 nec
1559 1237 1830 1287 damnosam3
1854 1236 1996 1278 Glossa
2015 1239 2161 1291 :<‹quia
2174 1242 2326 1292 putant

1292 1319 1336 1347 se
1356 1307 1531 1360 impune
1544 1320 1731 1361 peccare,
1747 1323 1765 1346 ›)
1786 1308 2072 1361 (lellaoeerani,
2092 1310 2135 1350 id
2149 1313 2226 1361 est,
2237 1311 2321 1351 ssu-

1291 1380 1449 1418 Xerunt
1469 1378 1667 1419 deorsum
1684 1393 1693 1420 :
1715 1379 1858 1420 Glossa
1876 1393 1884 1420 ε
1915 1395 1933 1418 α
1947 1380 1992 1420 in
2008 1383 2189 1422 mortem
2206 1384 2323 1422 aeter-

1292 1463 1406 1491 nam,
1421 1465 1439 1488 ›)
1458 1449 1539 1492 Sed
1551 1451 1702 1503 primo,
1718 1452 1761 1491 in
1776 1454 1956 1493 mortem
1968 1452 2124 1505 culpae3
2140 1453 2323 1494 secundo

1292 1521 1337 1561 in
1357 1523 1538 1561 mortem
1560 1522 1806 1574 temporalis
1817 1534 1977 1575 psenae3
1999 1524 2136 1573 tertio,
2149 1524 2194 1564 iu
2214 1537 2324 1566 mor-

1291 1595 1378 1634 tem
1397 1596 1569 1634 aeternae
1598 1605 1753 1646 poenae.
1775 1598 1789 1619 ⁷
1816 1594 2025 1647 «Oportet
2063 1607 2140 1636 nos
2175 1595 2324 1637 obser-

1291 1677 1410 1716 vare,
1433 1677 1529 1718 quae
1560 1665 1832 1716 audivimus,
1863 1678 1917 1707 ne
1955 1666 2061 1707 forte
2097 1668 2321 1720 perefflua-

1293 1747 1403 1776 mus.
1426 1750 1444 1773 ))

1346 1807 1403 1849 Et
1422 1807 1667 1860 sponsiones
1686 1810 1924 1859 posuerant
1946 1807 2005 1849 ad
2032 1819 2148 1860 eam,
2179 1809 2222 1850 id
2242 1813 2319 1861 est,

1293 1878 1429 1919 foedus
1448 1878 1742 1931 inseparabile,
1759 1879 1880 1931 quasi
1896 1879 2231 1932 desponsationis
2252 1893 2324 1934 per

1293 1948 1586 1989 obstinationis
1611 1948 1990 2001 impoenitentiam;
2026 1949 2175 1990 GIossa
2198 1963 2206 1990 :
2225 1965 2245 1989 «
2265 1950 2326 1993 Ne

1294 2022 1555 2073 separentur.
1572 2033 1590 2057 »
1608 2018 1896 2060 Percussimns
1910 2020 2045 2060 foedus
2056 2032 2156 2061 cum
2171 2024 2321 2073 morte,

1294 2092 1447 2130 etcum
1470 2090 1633 2131 inferno
1651 2090 1828 2131 fecimus
1847 2093 2032 2143 pactum.
2055 2105 2074 2129 ι)
2100 2091 2151 2132 Et
2175 2092 2326 2134 merito

1296 2162 1570 2204 defluxerunt
1601 2163 1644 2203 in
1666 2165 1865 2212 mortem,
1885 2163 2086 2215 qnoniam
2107 2166 2237 2206 morte
2257 2163 2325 2205 di-

1295 2235 1372 2287 9ni
1393 2237 1507 2285 sant,
1530 2234 1607 2287 qni
1636 2236 1737 2276 sunt
1763 2244 1818 2275 ex
1844 2238 1965 2286 parte
2003 2233 2142 2285 illius,
2174 2234 2329 2275 scilicet

1295 2307 1529 2359 injustitiae,
1569 2317 1663 2345 eam
1699 2305 1855 2345 scilicet
1892 2305 2073 2346 tenendo
2113 2307 2155 2346 et
2185 2305 2328 2347 defen-

1296 2378 1453 2428 dendo,
1477 2377 1583 2417 sieut
1612 2377 1742 2417 homo
1767 2376 1952 2417 defendit
1984 2378 2149 2429 partem
2173 2377 2224 2418 de
2244 2389 2328 2431 qua

1297 2451 1360 2490 est
1378 2453 1391 2474 ⁹
1413 2463 1422 2490 z
1453 2463 1472 2487 (ι
1492 2448 1572 2498 Qui
1594 2448 1695 2488 talia
1715 2450 1868 2500 agunt,
1889 2448 2011 2499 digni
2027 2451 2128 2489 sunt
2147 2450 2323 2490 morte.»

1298 2520 1438 2561 Potest
1456 2522 1599 2560 autem
1618 2519 1688 2559 hic
1706 2518 1844 2559 notari
1871 2519 2089 2571 processio·
2112 2519 2158 2559 in
2181 2531 2326 2572 pecca-

1297 2591 1364 2641 tis,
1383 2591 1434 2631 de
1455 2602 1538 2642 qua
1559 2590 1587 2615 ¹⁰
1604 2603 1640 2629 z«
1662 2588 1745 2629 ‘Est
1768 2588 1977 2641 processio
2007 2589 2052 2629 in
2081 2589 2244 2631 malum
2274 2591 2326 2644 (a)

1297 2661 1390 2703 viro
1411 2660 1716 2713 indisciplinato
1739 2673 1747 2700 :
1773 2673 1793 2697 »
1815 2658 1920 2708 Quia
1939 2659 2078 2712 primo
2099 2662 2160 2700 est
2179 2661 2330 2714 impie-

1297 2733 1416 2773 tasin
1427 2731 1551 2773 corde
1563 2743 1636 2785 per
1645 2742 1899 2771 consensum
1912 2730 2144 2783 iniquitatis
2155 2743 2164 2782 3
2181 2730 2330 2773 deinde

1299 2804 1342 2843 in
1353 2815 1481 2844 manu
1495 2815 1570 2856 per
1581 2802 1991 2843 consummationem
2004 2802 2142 2854 operis
2154 2814 2164 2852 ;
2181 2801 2330 2843 deinde

1298 2875 1481 2916 verbum
1500 2873 1766 2924 defensionis,
1791 2872 1858 2914 vel
1879 2872 2163 2924 gloriationi53
2181 2872 2330 2914 deinde

1300 2945 1497 2995 amicitia,
1519 2947 1560 2985 et
1579 2955 1672 2997 spes
1696 2943 1961 2996 impunitatis
1971 2957 1981 2993 ;
2014 2945 2159 2996 postea
2189 2943 2325 2984 dessu-

1299 3028 1381 3056 xus
1399 3027 1474 3068 per
1505 3015 1771 3056 iterationem
1808 3024 1953 3066 pravae
1991 3013 2326 3064 consuetudinis;

1300 3087 1496 3140 deinceps
1513 3085 1682 3140 sponsio
1706 3097 1782 3138 per
1808 3083 2131 3125 obdurationem
2153 3084 2322 3135 mentis;

1301 3160 1528 3211 postremo,
1550 3168 1665 3197 mors
1682 3154 2001 3209 impoenitentiae
2020 3153 2171 3194 finalis.

1301 3288 1341 3293 —
1355 3271 1364 3289 ⁷
1379 3269 1495 3309 Hebr„
1514 3277 1552 3307 11,
1568 3272 1596 3301 1.
1616 3285 1656 3293 —
1676 3270 1687 3288 ⁸
1705 3270 1785 3309 1sa.,
1806 3269 2052 3308 xxvi11,15.-
2073 3266 2085 3285 ⁹
2104 3265 2207 3302 Rom„
2232 3274 2256 3309 1,
2276 3269 2326 3300 23.

1301 3335 1342 3341 —
1364 3319 1386 3337 ¹⁰
1406 3317 1527 3358 Eccli.,
1546 3325 1605 3357 xx,
1626 3319 1657 3350 9.

1344 3383 1390 3424 (ιι)
1414 3381 1511 3423 Vulq.
1531 3381 1639 3415 malis.
