<?xml version="1.0" encoding="UTF-8"?>
<!DOCTYPE html PUBLIC "-//W3C//DTD XHTML 1.0 Transitional//EN"
    "http://www.w3.org/TR/xhtml1/DTD/xhtml1-transitional.dtd">
<html xmlns="http://www.w3.org/1999/xhtml" xml:lang="en" lang="en">
 <head>
  <title>
</title>
<meta http-equiv="Content-Type" content="text/html;charset=utf-8" />
  <meta name='ocr-system' content='tesseract 3.04.00' />
  <meta name='ocr-capabilities' content='ocr_page ocr_carea ocr_par ocr_line ocrx_word'/>
</head>
<body>
  <div class='ocr_page' id='page_1' title='image "./operaomniasixtiv10bonauoft/operaomniasixtiv10bonauoft_0477.png"; bbox 0 0 2634 3853; ppageno 0'>
   <div class='ocr_carea' id='block_1_1' title="bbox 1027 165 1626 208">
    <p class='ocr_par' dir='ltr' id='par_1_1' title="bbox 1027 165 1626 208">
     <span class='ocr_line' id='line_1_1' title="bbox 1027 165 1626 208; baseline -0.002 0"><span class='ocrx_word' id='word_1_1' title='bbox 1027 165 1300 208; x_wconf 86' lang='lat' dir='ltr'>EXPOSlTlO</span> <span class='ocrx_word' id='word_1_2' title='bbox 1330 165 1383 206; x_wconf 92' lang='lat' dir='ltr'>IN</span> <span class='ocrx_word' id='word_1_3' title='bbox 1414 166 1528 207; x_wconf 86' lang='lat' dir='ltr'>CAP.</span> <span class='ocrx_word' id='word_1_4' title='bbox 1560 165 1626 207; x_wconf 88' lang='lat' dir='ltr'>IX.</span> 
     </span>
    </p>
   </div>
   <div class='ocr_carea' id='block_1_2' title="bbox 250 257 1290 3271">
    <p class='ocr_par' dir='ltr' id='par_1_2' title="bbox 265 257 1285 382">
     <span class='ocr_line' id='line_1_2' title="bbox 266 257 1285 312; baseline -0.007 -10"><span class='ocrx_word' id='word_1_5' title='bbox 266 262 368 312; x_wconf 86' lang='lat' dir='ltr'>erat,</span> <span class='ocrx_word' id='word_1_6' title='bbox 390 259 440 300; x_wconf 90' lang='lat' dir='ltr'>de</span> <span class='ocrx_word' id='word_1_7' title='bbox 462 270 545 311; x_wconf 90' lang='lat' dir='ltr'>quo</span> <span class='ocrx_word' id='word_1_8' title='bbox 563 257 740 299; x_wconf 75' lang='lat' dir='ltr'>dieitur-¹</span> <span class='ocrx_word' id='word_1_9' title='bbox 761 270 772 300; x_wconf 73' lang='grc' dir='ltr'><strong>ε</strong></span> <span class='ocrx_word' id='word_1_10' title='bbox 799 272 818 297; x_wconf 78' lang='grc' dir='ltr'>α</span> <span class='ocrx_word' id='word_1_11' title='bbox 839 257 989 300; x_wconf 87' lang='lat' dir='ltr'>Omnia</span> <span class='ocrx_word' id='word_1_12' title='bbox 1007 258 1050 298; x_wconf 91' lang='lat' dir='ltr'>in</span> <span class='ocrx_word' id='word_1_13' title='bbox 1070 266 1285 305; x_wconf 87' lang='lat' dir='ltr'>mensura,</span> 
     </span>
     <span class='ocr_line' id='line_1_3' title="bbox 265 329 1100 382; baseline -0.006 -11"><span class='ocrx_word' id='word_1_14' title='bbox 265 333 306 371; x_wconf 89' lang='lat' dir='ltr'>et</span> <span class='ocrx_word' id='word_1_15' title='bbox 325 341 518 379; x_wconf 90' lang='lat' dir='ltr'>numero,</span> <span class='ocrx_word' id='word_1_16' title='bbox 541 330 581 369; x_wconf 86' lang='lat' dir='ltr'>et</span> <span class='ocrx_word' id='word_1_17' title='bbox 600 329 783 381; x_wconf 90' lang='lat' dir='ltr'>pondere</span> <span class='ocrx_word' id='word_1_18' title='bbox 802 329 1055 382; x_wconf 82' lang='lat' dir='ltr'><strong>disposuisti.</strong></span> <span class='ocrx_word' id='word_1_19' title='bbox 1085 346 1100 365; x_wconf 70' lang='lat'>12</span> 
     </span>
    </p>

    <p class='ocr_par' dir='ltr' id='par_1_3' title="bbox 253 396 1290 1853">
     <span class='ocr_line' id='line_1_4' title="bbox 317 396 1289 452; baseline -0.005 -12"><span class='ocrx_word' id='word_1_20' title='bbox 317 399 506 440; x_wconf 90' lang='lat' dir='ltr'>Secundo</span> <span class='ocrx_word' id='word_1_21' title='bbox 542 411 665 450; x_wconf 88' lang='lat' dir='ltr'>vero,</span> <span class='ocrx_word' id='word_1_22' title='bbox 703 402 908 452; x_wconf 85' lang='lat' dir='ltr'>quantum</span> <span class='ocrx_word' id='word_1_23' title='bbox 945 399 997 439; x_wconf 91' lang='lat' dir='ltr'>ad</span> <span class='ocrx_word' id='word_1_24' title='bbox 1040 396 1289 439; x_wconf 79' lang='lat' dir='ltr'>victualium</span> 
     </span>
     <span class='ocr_line' id='line_1_5' title="bbox 263 469 1288 522; baseline -0.002 -13"><span class='ocrx_word' id='word_1_25' title='bbox 263 469 592 520; x_wconf 77' lang='lat' dir='ltr'>multitudinem,</span> <span class='ocrx_word' id='word_1_26' title='bbox 616 469 767 510; x_wconf 84' lang='lat' dir='ltr'>dicitur</span> <span class='ocrx_word' id='word_1_27' title='bbox 796 470 850 522; x_wconf 90' lang='lat' dir='ltr'>(v.</span> <span class='ocrx_word' id='word_1_28' title='bbox 876 470 937 520; x_wconf 71' lang='lat'>46)</span> <span class='ocrx_word' id='word_1_29' title='bbox 965 481 975 507; x_wconf 74' lang='grc' dir='ltr'>ε</span> <span class='ocrx_word' id='word_1_30' title='bbox 1003 469 1191 520; x_wconf 75' lang='lat' dir='ltr'>Acceptis</span> <span class='ocrx_word' id='word_1_31' title='bbox 1212 478 1288 508; x_wconf 81' lang='lat' dir='ltr'>au-</span> 
     </span>
     <span class='ocr_line' id='line_1_6' title="bbox 263 539 1290 591; baseline -0.001 -11"><span class='ocrx_word' id='word_1_32' title='bbox 263 541 341 581; x_wconf 82' lang='lat' dir='ltr'>tem</span> <span class='ocrx_word' id='word_1_33' title='bbox 355 541 540 591; x_wconf 74' lang='lat' dir='ltr'>quinque</span> <span class='ocrx_word' id='word_1_34' title='bbox 555 540 737 591; x_wconf 75' lang='lat' dir='ltr'>panibus</span> <span class='ocrx_word' id='word_1_35' title='bbox 754 543 789 581; x_wconf 78' lang='lat' dir='ltr'>ei</span> <span class='ocrx_word' id='word_1_36' title='bbox 805 539 966 581; x_wconf 77' lang='lat' dir='ltr'>duobus</span> <span class='ocrx_word' id='word_1_37' title='bbox 984 539 1188 590; x_wconf 75' lang='lat' dir='ltr'>piscibus,</span> <span class='ocrx_word' id='word_1_38' title='bbox 1208 548 1290 580; x_wconf 68' lang='lat' dir='ltr'>res-</span> 
     </span>
     <span class='ocr_line' id='line_1_7' title="bbox 258 609 1290 662; baseline -0.003 -11"><span class='ocrx_word' id='word_1_39' title='bbox 258 611 378 662; x_wconf 71' lang='lat' dir='ltr'>pexit</span> <span class='ocrx_word' id='word_1_40' title='bbox 402 611 452 661; x_wconf 82' lang='lat' dir='ltr'>(a)</span> <span class='ocrx_word' id='word_1_41' title='bbox 474 611 522 651; x_wconf 76' lang='lat' dir='ltr'>iu</span> <span class='ocrx_word' id='word_1_42' title='bbox 541 611 701 661; x_wconf 78' lang='lat' dir='ltr'>coelum,</span> <span class='ocrx_word' id='word_1_43' title='bbox 723 615 762 653; x_wconf 82' lang='lat' dir='ltr'>et</span> <span class='ocrx_word' id='word_1_44' title='bbox 782 609 999 652; x_wconf 72' lang='lat' dir='ltr'>benedioeii</span> <span class='ocrx_word' id='word_1_45' title='bbox 1014 609 1118 651; x_wconf 85' lang='lat' dir='ltr'>illis.</span> <span class='ocrx_word' id='word_1_46' title='bbox 1140 609 1187 649; x_wconf 90' lang='lat' dir='ltr'>In</span> <span class='ocrx_word' id='word_1_47' title='bbox 1207 621 1290 661; x_wconf 85' lang='lat' dir='ltr'>qua</span> 
     </span>
     <span class='ocr_line' id='line_1_8' title="bbox 261 679 1290 733; baseline -0.001 -13"><span class='ocrx_word' id='word_1_48' title='bbox 261 679 547 720; x_wconf 88' lang='lat' dir='ltr'>benedictione</span> <span class='ocrx_word' id='word_1_49' title='bbox 565 681 643 720; x_wconf 85' lang='lat' dir='ltr'>fuit</span> <span class='ocrx_word' id='word_1_50' title='bbox 664 693 822 733; x_wconf 88' lang='lat' dir='ltr'>panum</span> <span class='ocrx_word' id='word_1_51' title='bbox 840 679 1147 732; x_wconf 79' lang='lat' dir='ltr'>multiplicatio,</span> <span class='ocrx_word' id='word_1_52' title='bbox 1165 681 1290 732; x_wconf 72' lang='lat' dir='ltr'>Juxta</span> 
     </span>
     <span class='ocr_line' id='line_1_9' title="bbox 260 750 1286 804; baseline -0.001 -14"><span class='ocrx_word' id='word_1_53' title='bbox 260 750 364 791; x_wconf 90' lang='lat' dir='ltr'>illud</span> <span class='ocrx_word' id='word_1_54' title='bbox 386 752 400 772; x_wconf 80' lang='lat'>²</span> <span class='ocrx_word' id='word_1_55' title='bbox 430 765 438 791; x_wconf 90' lang='lat'>:</span> <span class='ocrx_word' id='word_1_56' title='bbox 476 766 494 789; x_wconf 77' lang='grc' dir='ltr'>α</span> <span class='ocrx_word' id='word_1_57' title='bbox 520 751 822 804; x_wconf 86' lang='lat' dir='ltr'>Benedixitque</span> <span class='ocrx_word' id='word_1_58' title='bbox 849 751 931 790; x_wconf 84' lang='lat' dir='ltr'>illis</span> <span class='ocrx_word' id='word_1_59' title='bbox 963 750 1087 799; x_wconf 88' lang='lat' dir='ltr'>Deus,</span> <span class='ocrx_word' id='word_1_60' title='bbox 1116 752 1156 790; x_wconf 91' lang='lat' dir='ltr'>et</span> <span class='ocrx_word' id='word_1_61' title='bbox 1187 750 1244 790; x_wconf 87' lang='lat' dir='ltr'>ait</span> <span class='ocrx_word' id='word_1_62' title='bbox 1276 761 1286 788; x_wconf 90' lang='lat'>:</span> 
     </span>
     <span class='ocr_line' id='line_1_10' title="bbox 261 820 1289 873; baseline -0.002 -11"><span class='ocrx_word' id='word_1_63' title='bbox 261 820 452 872; x_wconf 82' lang='lat' dir='ltr'>Crescite,</span> <span class='ocrx_word' id='word_1_64' title='bbox 485 824 526 861; x_wconf 89' lang='lat' dir='ltr'>et</span> <span class='ocrx_word' id='word_1_65' title='bbox 557 820 910 873; x_wconf 78' lang='lat' dir='ltr'>multiplicamini,</span> <span class='ocrx_word' id='word_1_66' title='bbox 942 823 983 861; x_wconf 89' lang='lat' dir='ltr'>et</span> <span class='ocrx_word' id='word_1_67' title='bbox 1018 820 1174 873; x_wconf 88' lang='lat' dir='ltr'>replete</span> <span class='ocrx_word' id='word_1_68' title='bbox 1206 823 1289 860; x_wconf 91' lang='lat' dir='ltr'>ter-</span> 
     </span>
     <span class='ocr_line' id='line_1_11' title="bbox 259 890 1286 932; baseline -0.002 0"><span class='ocrx_word' id='word_1_69' title='bbox 259 903 368 932; x_wconf 88' lang='lat' dir='ltr'>ram.</span> <span class='ocrx_word' id='word_1_70' title='bbox 394 905 413 928; x_wconf 80' lang='lat'>›)</span> <span class='ocrx_word' id='word_1_71' title='bbox 434 890 485 931; x_wconf 89' lang='lat' dir='ltr'>Et</span> <span class='ocrx_word' id='word_1_72' title='bbox 502 891 544 930; x_wconf 91' lang='lat' dir='ltr'>in</span> <span class='ocrx_word' id='word_1_73' title='bbox 568 891 717 932; x_wconf 77' lang='lat' dir='ltr'>Genesi</span> <span class='ocrx_word' id='word_1_74' title='bbox 736 891 844 931; x_wconf 82' lang='lat' dir='ltr'>dixit</span> <span class='ocrx_word' id='word_1_75' title='bbox 863 891 915 931; x_wconf 87' lang='lat' dir='ltr'>ad</span> <span class='ocrx_word' id='word_1_76' title='bbox 933 890 1057 931; x_wconf 87' lang='lat' dir='ltr'>Jacob</span> <span class='ocrx_word' id='word_1_77' title='bbox 1077 891 1219 930; x_wconf 90' lang='lat' dir='ltr'>Laban</span> <span class='ocrx_word' id='word_1_78' title='bbox 1240 892 1253 914; x_wconf 82' lang='lat'><strong>³</strong></span> <span class='ocrx_word' id='word_1_79' title='bbox 1277 903 1286 930; x_wconf 76' lang='lat' dir='ltr'>t</span> 
     </span>
     <span class='ocr_line' id='line_1_12' title="bbox 263 960 1290 1014; baseline 0.001 -15"><span class='ocrx_word' id='word_1_80' title='bbox 263 976 283 1000; x_wconf 90' lang='lat'>«</span> <span class='ocrx_word' id='word_1_81' title='bbox 316 961 613 1014; x_wconf 78' lang='lat' dir='ltr'>Experimento</span> <span class='ocrx_word' id='word_1_82' title='bbox 643 961 782 1011; x_wconf 88' lang='lat' dir='ltr'>didici,</span> <span class='ocrx_word' id='word_1_83' title='bbox 812 961 912 1013; x_wconf 89' lang='lat' dir='ltr'>quia</span> <span class='ocrx_word' id='word_1_84' title='bbox 940 961 1154 1001; x_wconf 81' lang='lat' dir='ltr'>benedixit</span> <span class='ocrx_word' id='word_1_85' title='bbox 1185 960 1290 1000; x_wconf 90' lang='lat' dir='ltr'>mihi</span> 
     </span>
     <span class='ocr_line' id='line_1_13' title="bbox 260 1031 1289 1084; baseline -0.002 -10"><span class='ocrx_word' id='word_1_86' title='bbox 260 1031 369 1074; x_wconf 90' lang='lat' dir='ltr'>Deus</span> <span class='ocrx_word' id='word_1_87' title='bbox 394 1034 637 1084; x_wconf 87' lang='lat' dir='ltr'>propterte.</span> <span class='ocrx_word' id='word_1_88' title='bbox 660 1047 678 1069; x_wconf 87' lang='lat'>»</span> <span class='ocrx_word' id='word_1_89' title='bbox 712 1031 807 1073; x_wconf 87' lang='lat' dir='ltr'>Ideo</span> <span class='ocrx_word' id='word_1_90' title='bbox 834 1034 977 1072; x_wconf 90' lang='lat' dir='ltr'>autem</span> <span class='ocrx_word' id='word_1_91' title='bbox 1006 1031 1289 1072; x_wconf 88' lang='lat' dir='ltr'>benedicendo</span> 
     </span>
     <span class='ocr_line' id='line_1_14' title="bbox 257 1102 1288 1154; baseline -0.002 -11"><span class='ocrx_word' id='word_1_92' title='bbox 257 1103 441 1154; x_wconf 81' lang='lat' dir='ltr'>respexit</span> <span class='ocrx_word' id='word_1_93' title='bbox 464 1103 507 1142; x_wconf 91' lang='lat' dir='ltr'>in</span> <span class='ocrx_word' id='word_1_94' title='bbox 539 1102 709 1153; x_wconf 88' lang='lat' dir='ltr'>coelum,</span> <span class='ocrx_word' id='word_1_95' title='bbox 730 1105 778 1142; x_wconf 91' lang='lat' dir='ltr'>ut</span> <span class='ocrx_word' id='word_1_96' title='bbox 805 1103 1042 1143; x_wconf 79' lang='lat' dir='ltr'>ostenderet</span> <span class='ocrx_word' id='word_1_97' title='bbox 1062 1102 1172 1154; x_wconf 92' lang='lat' dir='ltr'>quod</span> <span class='ocrx_word' id='word_1_98' title='bbox 1195 1102 1288 1141; x_wconf 86' lang='lat' dir='ltr'>talis</span> 
     </span>
     <span class='ocr_line' id='line_1_15' title="bbox 257 1173 1287 1226; baseline -0.001 -12"><span class='ocrx_word' id='word_1_99' title='bbox 257 1173 549 1226; x_wconf 83' lang='lat' dir='ltr'>multiplicatio</span> <span class='ocrx_word' id='word_1_100' title='bbox 582 1185 667 1213; x_wconf 90' lang='lat' dir='ltr'>non</span> <span class='ocrx_word' id='word_1_101' title='bbox 697 1176 787 1214; x_wconf 84' lang='lat' dir='ltr'>erat</span> <span class='ocrx_word' id='word_1_102' title='bbox 817 1173 972 1214; x_wconf 85' lang='lat' dir='ltr'>virtute</span> <span class='ocrx_word' id='word_1_103' title='bbox 1010 1177 1179 1214; x_wconf 87' lang='lat' dir='ltr'>terrena</span> <span class='ocrx_word' id='word_1_104' title='bbox 1209 1173 1287 1213; x_wconf 89' lang='lat' dir='ltr'>sibi</span> 
     </span>
     <span class='ocr_line' id='line_1_16' title="bbox 258 1243 1287 1295; baseline 0 -10"><span class='ocrx_word' id='word_1_105' title='bbox 258 1245 423 1295; x_wconf 86' lang='lat' dir='ltr'>tradita,</span> <span class='ocrx_word' id='word_1_106' title='bbox 447 1245 525 1285; x_wconf 91' lang='lat' dir='ltr'>sed.</span> <span class='ocrx_word' id='word_1_107' title='bbox 546 1243 702 1284; x_wconf 88' lang='lat' dir='ltr'>coelesti</span> <span class='ocrx_word' id='word_1_108' title='bbox 722 1245 880 1285; x_wconf 88' lang='lat' dir='ltr'>virtute</span> <span class='ocrx_word' id='word_1_109' title='bbox 904 1245 981 1285; x_wconf 88' lang='lat' dir='ltr'>sibi</span> <span class='ocrx_word' id='word_1_110' title='bbox 1002 1250 1213 1285; x_wconf 85' lang='lat' dir='ltr'>reservata</span> <span class='ocrx_word' id='word_1_111' title='bbox 1244 1245 1287 1285; x_wconf 89' lang='lat' dir='ltr'>in</span> 
     </span>
     <span class='ocr_line' id='line_1_17' title="bbox 256 1315 1283 1368; baseline 0.002 -14"><span class='ocrx_word' id='word_1_112' title='bbox 256 1315 471 1368; x_wconf 83' lang='lat' dir='ltr'>prioribus</span> <span class='ocrx_word' id='word_1_113' title='bbox 490 1315 647 1365; x_wconf 84' lang='lat' dir='ltr'>causis3</span> <span class='ocrx_word' id='word_1_114' title='bbox 665 1315 715 1355; x_wconf 90' lang='lat' dir='ltr'>de</span> <span class='ocrx_word' id='word_1_115' title='bbox 731 1316 872 1368; x_wconf 87' lang='lat' dir='ltr'>quain</span> <span class='ocrx_word' id='word_1_116' title='bbox 893 1317 1058 1358; x_wconf 81' lang='lat' dir='ltr'>Psalmo</span> <span class='ocrx_word' id='word_1_117' title='bbox 1078 1316 1230 1356; x_wconf 86' lang='lat' dir='ltr'>dicitur</span> <span class='ocrx_word' id='word_1_118' title='bbox 1244 1316 1257 1335; x_wconf 77' lang='lat'>&#39;⁴</span> <span class='ocrx_word' id='word_1_119' title='bbox 1274 1329 1283 1356; x_wconf 73' lang='grc' dir='ltr'>ε</span> 
     </span>
     <span class='ocr_line' id='line_1_18' title="bbox 262 1384 1287 1438; baseline 0.002 -14"><span class='ocrx_word' id='word_1_120' title='bbox 262 1399 282 1424; x_wconf 76' lang='grc' dir='ltr'>α</span> <span class='ocrx_word' id='word_1_121' title='bbox 310 1384 460 1425; x_wconf 87' lang='lat' dir='ltr'>Omnia</span> <span class='ocrx_word' id='word_1_122' title='bbox 484 1397 766 1438; x_wconf 84' lang='lat' dir='ltr'>quaecumque</span> <span class='ocrx_word' id='word_1_123' title='bbox 793 1386 928 1427; x_wconf 91' lang='lat' dir='ltr'>voluit</span> <span class='ocrx_word' id='word_1_124' title='bbox 956 1386 1174 1434; x_wconf 84' lang='lat' dir='ltr'>Dominus,</span> <span class='ocrx_word' id='word_1_125' title='bbox 1194 1386 1287 1426; x_wconf 87' lang='lat' dir='ltr'>fecit</span> 
     </span>
     <span class='ocr_line' id='line_1_19' title="bbox 254 1454 1286 1505; baseline -0.001 -10"><span class='ocrx_word' id='word_1_126' title='bbox 254 1455 300 1495; x_wconf 91' lang='lat' dir='ltr'>in</span> <span class='ocrx_word' id='word_1_127' title='bbox 325 1454 428 1495; x_wconf 88' lang='lat' dir='ltr'>coelo</span> <span class='ocrx_word' id='word_1_128' title='bbox 455 1457 496 1495; x_wconf 88' lang='lat' dir='ltr'>et</span> <span class='ocrx_word' id='word_1_129' title='bbox 520 1455 565 1494; x_wconf 90' lang='lat' dir='ltr'>in</span> <span class='ocrx_word' id='word_1_130' title='bbox 587 1457 713 1505; x_wconf 89' lang='lat' dir='ltr'>terra,</span> <span class='ocrx_word' id='word_1_131' title='bbox 737 1456 780 1495; x_wconf 91' lang='lat' dir='ltr'>in</span> <span class='ocrx_word' id='word_1_132' title='bbox 810 1456 917 1496; x_wconf 87' lang='lat' dir='ltr'>mari</span> <span class='ocrx_word' id='word_1_133' title='bbox 946 1459 986 1496; x_wconf 88' lang='lat' dir='ltr'>et</span> <span class='ocrx_word' id='word_1_134' title='bbox 1012 1456 1056 1495; x_wconf 91' lang='lat' dir='ltr'>in</span> <span class='ocrx_word' id='word_1_135' title='bbox 1088 1456 1286 1495; x_wconf 88' lang='lat' dir='ltr'>omnibus</span> 
     </span>
     <span class='ocr_line' id='line_1_20' title="bbox 254 1525 1286 1579; baseline 0 -13"><span class='ocrx_word' id='word_1_136' title='bbox 254 1525 432 1579; x_wconf 84' lang='lat' dir='ltr'><strong>abyssis.</strong></span> <span class='ocrx_word' id='word_1_137' title='bbox 454 1540 472 1563; x_wconf 71' lang='lat'>&gt;³</span> <span class='ocrx_word' id='word_1_138' title='bbox 498 1525 548 1566; x_wconf 90' lang='lat' dir='ltr'>Et</span> <span class='ocrx_word' id='word_1_139' title='bbox 574 1528 673 1566; x_wconf 88' lang='lat' dir='ltr'>nota</span> <span class='ocrx_word' id='word_1_140' title='bbox 692 1526 806 1578; x_wconf 89' lang='lat' dir='ltr'>quod</span> <span class='ocrx_word' id='word_1_141' title='bbox 828 1526 982 1567; x_wconf 87' lang='lat' dir='ltr'>dicitur</span> <span class='ocrx_word' id='word_1_142' title='bbox 1007 1541 1016 1566; x_wconf 90' lang='lat'>:</span> <span class='ocrx_word' id='word_1_143' title='bbox 1043 1541 1062 1563; x_wconf 88' lang='lat'>«</span> <span class='ocrx_word' id='word_1_144' title='bbox 1090 1525 1286 1578; x_wconf 80' lang='lat' dir='ltr'>Respexit</span> 
     </span>
     <span class='ocr_line' id='line_1_21' title="bbox 254 1595 1284 1648; baseline -0.001 -11"><span class='ocrx_word' id='word_1_145' title='bbox 254 1599 295 1637; x_wconf 88' lang='lat' dir='ltr'>et</span> <span class='ocrx_word' id='word_1_146' title='bbox 313 1596 528 1637; x_wconf 83' lang='lat' dir='ltr'>benedixit</span> <span class='ocrx_word' id='word_1_147' title='bbox 552 1609 560 1636; x_wconf 91' lang='lat'>:</span> <span class='ocrx_word' id='word_1_148' title='bbox 588 1610 607 1632; x_wconf 90' lang='lat'>»</span> <span class='ocrx_word' id='word_1_149' title='bbox 644 1595 842 1648; x_wconf 80' lang='lat' dir='ltr'>Respexit</span> <span class='ocrx_word' id='word_1_150' title='bbox 862 1596 1033 1648; x_wconf 86' lang='lat' dir='ltr'>quidem</span> <span class='ocrx_word' id='word_1_151' title='bbox 1054 1608 1106 1636; x_wconf 88' lang='lat' dir='ltr'>ex</span> <span class='ocrx_word' id='word_1_152' title='bbox 1137 1596 1284 1636; x_wconf 84' lang='lat' dir='ltr'>huma-</span> 
     </span>
     <span class='ocr_line' id='line_1_22' title="bbox 253 1668 1286 1725; baseline -0.002 -15"><span class='ocrx_word' id='word_1_153' title='bbox 253 1669 403 1719; x_wconf 91' lang='lat' dir='ltr'>nitate;</span> <span class='ocrx_word' id='word_1_154' title='bbox 444 1670 485 1709; x_wconf 85' lang='lat' dir='ltr'>et</span> <span class='ocrx_word' id='word_1_155' title='bbox 518 1668 732 1709; x_wconf 86' lang='lat' dir='ltr'>benedixit</span> <span class='ocrx_word' id='word_1_156' title='bbox 764 1681 817 1709; x_wconf 77' lang='lat' dir='ltr'>ex</span> <span class='ocrx_word' id='word_1_157' title='bbox 858 1668 1002 1709; x_wconf 89' lang='lat' dir='ltr'>divina</span> <span class='ocrx_word' id='word_1_158' title='bbox 1037 1668 1195 1710; x_wconf 87' lang='lat' dir='ltr'>virtute</span> <span class='ocrx_word' id='word_1_159' title='bbox 1227 1668 1239 1690; x_wconf 84' lang='lat'><strong>⁵</strong></span> <span class='ocrx_word' id='word_1_160' title='bbox 1276 1697 1286 1725; x_wconf 89' lang='lat'><strong>:</strong></span> 
     </span>
     <span class='ocr_line' id='line_1_23' title="bbox 260 1739 1284 1789; baseline 0.002 -9"><span class='ocrx_word' id='word_1_161' title='bbox 260 1756 280 1780; x_wconf 68' lang='grc' dir='ltr'><em>α</em></span> <span class='ocrx_word' id='word_1_162' title='bbox 301 1740 458 1782; x_wconf 81' lang='lat' dir='ltr'>Levavi</span> <span class='ocrx_word' id='word_1_163' title='bbox 479 1741 621 1780; x_wconf 89' lang='lat' dir='ltr'>oculos</span> <span class='ocrx_word' id='word_1_164' title='bbox 648 1751 764 1780; x_wconf 90' lang='lat' dir='ltr'>meos</span> <span class='ocrx_word' id='word_1_165' title='bbox 792 1739 837 1779; x_wconf 91' lang='lat' dir='ltr'>in</span> <span class='ocrx_word' id='word_1_166' title='bbox 865 1742 1046 1789; x_wconf 75' lang='lat' dir='ltr'>montes,</span> <span class='ocrx_word' id='word_1_167' title='bbox 1067 1740 1180 1781; x_wconf 90' lang='lat' dir='ltr'>unde</span> <span class='ocrx_word' id='word_1_168' title='bbox 1211 1753 1284 1782; x_wconf 91' lang='lat' dir='ltr'>ve-</span> 
     </span>
     <span class='ocr_line' id='line_1_24' title="bbox 255 1811 751 1853; baseline -0.004 -1"><span class='ocrx_word' id='word_1_169' title='bbox 255 1812 344 1852; x_wconf 88' lang='lat' dir='ltr'>niet</span> <span class='ocrx_word' id='word_1_170' title='bbox 361 1811 572 1853; x_wconf 88' lang='lat' dir='ltr'>auxilium</span> <span class='ocrx_word' id='word_1_171' title='bbox 592 1811 711 1851; x_wconf 87' lang='lat' dir='ltr'>mihi.</span> <span class='ocrx_word' id='word_1_172' title='bbox 732 1826 751 1849; x_wconf 74' lang='lat' dir='ltr'>n</span> 
     </span>
    </p>

    <p class='ocr_par' dir='ltr' id='par_1_4' title="bbox 250 1882 1285 2976">
     <span class='ocr_line' id='line_1_25' title="bbox 303 1882 1284 1934; baseline 0 -11"><span class='ocrx_word' id='word_1_173' title='bbox 303 1882 444 1923; x_wconf 89' lang='lat' dir='ltr'>Tertio</span> <span class='ocrx_word' id='word_1_174' title='bbox 476 1894 593 1932; x_wconf 90' lang='lat' dir='ltr'>vero,</span> <span class='ocrx_word' id='word_1_175' title='bbox 626 1884 834 1934; x_wconf 86' lang='lat' dir='ltr'>quantum</span> <span class='ocrx_word' id='word_1_176' title='bbox 869 1882 920 1922; x_wconf 89' lang='lat' dir='ltr'>ad</span> <span class='ocrx_word' id='word_1_177' title='bbox 954 1882 1284 1924; x_wconf 80' lang='lat' dir='ltr'>ministrantium</span> 
     </span>
     <span class='ocr_line' id='line_1_26' title="bbox 250 1953 1280 2006; baseline 0.001 -12"><span class='ocrx_word' id='word_1_178' title='bbox 250 1954 549 2003; x_wconf 84' lang='lat' dir='ltr'>urbanitatem,</span> <span class='ocrx_word' id='word_1_179' title='bbox 573 1953 766 1993; x_wconf 88' lang='lat' dir='ltr'>subditur</span> <span class='ocrx_word' id='word_1_180' title='bbox 789 1966 798 1993; x_wconf 91' lang='lat'>:</span> <span class='ocrx_word' id='word_1_181' title='bbox 823 1953 876 1994; x_wconf 81' lang='lat' dir='ltr'>Ec</span> <span class='ocrx_word' id='word_1_182' title='bbox 895 1953 1038 2006; x_wconf 72' lang='lat' dir='ltr'>freqit,</span> <span class='ocrx_word' id='word_1_183' title='bbox 1063 1957 1101 1994; x_wconf 76' lang='lat' dir='ltr'>ei</span> <span class='ocrx_word' id='word_1_184' title='bbox 1129 1953 1280 1995; x_wconf 71' lang='lat' dir='ltr'>(listri-</span> 
     </span>
     <span class='ocr_line' id='line_1_27' title="bbox 253 2021 1280 2073; baseline -0.001 -11"><span class='ocrx_word' id='word_1_185' title='bbox 253 2021 343 2064; x_wconf 78' lang='lat' dir='ltr'>buit</span> <span class='ocrx_word' id='word_1_186' title='bbox 361 2021 589 2073; x_wconf 78' lang='lat' dir='ltr'>discipulis</span> <span class='ocrx_word' id='word_1_187' title='bbox 605 2022 712 2070; x_wconf 84' lang='lat' dir='ltr'>suis,</span> <span class='ocrx_word' id='word_1_188' title='bbox 729 2025 776 2062; x_wconf 82' lang='lat' dir='ltr'>ut</span> <span class='ocrx_word' id='word_1_189' title='bbox 788 2024 990 2072; x_wconf 74' lang='lat' dir='ltr'>ponerent</span> <span class='ocrx_word' id='word_1_190' title='bbox 1007 2024 1103 2062; x_wconf 78' lang='lat' dir='ltr'>ante</span> <span class='ocrx_word' id='word_1_191' title='bbox 1123 2021 1280 2062; x_wconf 75' lang='lat' dir='ltr'>turbas.</span> 
     </span>
     <span class='ocr_line' id='line_1_28' title="bbox 252 2089 1285 2143; baseline -0.001 -12"><span class='ocrx_word' id='word_1_192' title='bbox 252 2089 335 2143; x_wconf 92' lang='lat' dir='ltr'>Ipsi</span> <span class='ocrx_word' id='word_1_193' title='bbox 365 2091 479 2131; x_wconf 90' lang='lat' dir='ltr'>enim</span> <span class='ocrx_word' id='word_1_194' title='bbox 501 2092 620 2131; x_wconf 88' lang='lat' dir='ltr'>erant</span> <span class='ocrx_word' id='word_1_195' title='bbox 653 2090 814 2131; x_wconf 88' lang='lat' dir='ltr'>nobiles</span> <span class='ocrx_word' id='word_1_196' title='bbox 844 2090 995 2130; x_wconf 87' lang='lat' dir='ltr'>Christi</span> <span class='ocrx_word' id='word_1_197' title='bbox 1029 2090 1210 2130; x_wconf 80' lang='lat' dir='ltr'>ministri</span> <span class='ocrx_word' id='word_1_198' title='bbox 1244 2092 1285 2130; x_wconf 91' lang='lat' dir='ltr'>et</span> 
     </span>
     <span class='ocr_line' id='line_1_29' title="bbox 250 2161 1280 2214; baseline -0.001 -13"><span class='ocrx_word' id='word_1_199' title='bbox 250 2161 582 2214; x_wconf 83' lang='lat' dir='ltr'>dispensatores,</span> <span class='ocrx_word' id='word_1_200' title='bbox 619 2163 659 2201; x_wconf 89' lang='lat' dir='ltr'>et</span> <span class='ocrx_word' id='word_1_201' title='bbox 690 2161 872 2213; x_wconf 89' lang='lat' dir='ltr'>prompti</span> <span class='ocrx_word' id='word_1_202' title='bbox 902 2161 953 2200; x_wconf 87' lang='lat' dir='ltr'>ad</span> <span class='ocrx_word' id='word_1_203' title='bbox 986 2161 1280 2212; x_wconf 85' lang='lat' dir='ltr'>serviendum,</span> 
     </span>
     <span class='ocr_line' id='line_1_30' title="bbox 251 2230 1282 2272; baseline -0.001 -1"><span class='ocrx_word' id='word_1_204' title='bbox 251 2231 486 2272; x_wconf 89' lang='lat' dir='ltr'>secundum</span> <span class='ocrx_word' id='word_1_205' title='bbox 506 2231 609 2272; x_wconf 92' lang='lat' dir='ltr'>illud</span> <span class='ocrx_word' id='word_1_206' title='bbox 629 2231 643 2253; x_wconf 81' lang='lat'>⁸</span> <span class='ocrx_word' id='word_1_207' title='bbox 666 2243 676 2271; x_wconf 92' lang='lat'><strong>:</strong></span> <span class='ocrx_word' id='word_1_208' title='bbox 705 2246 723 2269; x_wconf 88' lang='lat'>«</span> <span class='ocrx_word' id='word_1_209' title='bbox 744 2230 811 2271; x_wconf 86' lang='lat' dir='ltr'>Sic</span> <span class='ocrx_word' id='word_1_210' title='bbox 830 2243 906 2271; x_wconf 91' lang='lat' dir='ltr'>nos</span> <span class='ocrx_word' id='word_1_211' title='bbox 927 2231 1137 2271; x_wconf 84' lang='lat' dir='ltr'>existimet</span> <span class='ocrx_word' id='word_1_212' title='bbox 1154 2231 1282 2271; x_wconf 89' lang='lat' dir='ltr'>homo</span> 
     </span>
     <span class='ocr_line' id='line_1_31' title="bbox 250 2301 1282 2354; baseline 0 -12"><span class='ocrx_word' id='word_1_213' title='bbox 250 2304 300 2342; x_wconf 90' lang='lat' dir='ltr'>ut</span> <span class='ocrx_word' id='word_1_214' title='bbox 320 2301 535 2342; x_wconf 88' lang='lat' dir='ltr'>ministros</span> <span class='ocrx_word' id='word_1_215' title='bbox 560 2301 711 2342; x_wconf 87' lang='lat' dir='ltr'>Christi</span> <span class='ocrx_word' id='word_1_216' title='bbox 731 2304 770 2341; x_wconf 93' lang='lat' dir='ltr'>et</span> <span class='ocrx_word' id='word_1_217' title='bbox 798 2302 1105 2354; x_wconf 78' lang='lat' dir='ltr'>dispensatores</span> <span class='ocrx_word' id='word_1_218' title='bbox 1125 2305 1282 2354; x_wconf 83' lang='lat' dir='ltr'>myste-</span> 
     </span>
     <span class='ocr_line' id='line_1_32' title="bbox 250 2371 1282 2412; baseline -0.003 0"><span class='ocrx_word' id='word_1_219' title='bbox 250 2371 414 2412; x_wconf 85' lang='lat' dir='ltr'>riorum</span> <span class='ocrx_word' id='word_1_220' title='bbox 445 2372 530 2412; x_wconf 93' lang='lat' dir='ltr'>Dei.</span> <span class='ocrx_word' id='word_1_221' title='bbox 559 2386 578 2409; x_wconf 84' lang='lat'>›)</span> <span class='ocrx_word' id='word_1_222' title='bbox 615 2371 736 2411; x_wconf 90' lang='lat' dir='ltr'>Decet</span> <span class='ocrx_word' id='word_1_223' title='bbox 767 2371 880 2411; x_wconf 87' lang='lat' dir='ltr'>enim</span> <span class='ocrx_word' id='word_1_224' title='bbox 918 2371 1103 2412; x_wconf 88' lang='lat' dir='ltr'>nobilem</span> <span class='ocrx_word' id='word_1_225' title='bbox 1145 2371 1282 2412; x_wconf 87' lang='lat' dir='ltr'>domi—</span> 
     </span>
     <span class='ocr_line' id='line_1_33' title="bbox 250 2441 1281 2491; baseline -0.001 -8"><span class='ocrx_word' id='word_1_226' title='bbox 250 2454 358 2483; x_wconf 90' lang='lat' dir='ltr'>num</span> <span class='ocrx_word' id='word_1_227' title='bbox 392 2442 552 2483; x_wconf 87' lang='lat' dir='ltr'>nobiles</span> <span class='ocrx_word' id='word_1_228' title='bbox 583 2442 740 2482; x_wconf 89' lang='lat' dir='ltr'>habere</span> <span class='ocrx_word' id='word_1_229' title='bbox 779 2441 1008 2491; x_wconf 79' lang='lat' dir='ltr'>ministros,</span> <span class='ocrx_word' id='word_1_230' title='bbox 1049 2442 1281 2482; x_wconf 86' lang='lat' dir='ltr'>secundum</span> 
     </span>
     <span class='ocr_line' id='line_1_34' title="bbox 251 2512 1282 2564; baseline -0.003 -10"><span class='ocrx_word' id='word_1_231' title='bbox 251 2512 356 2554; x_wconf 89' lang='lat' dir='ltr'>illud</span> <span class='ocrx_word' id='word_1_232' title='bbox 388 2516 401 2538; x_wconf 93' lang='lat'><em>⁷</em></span> <span class='ocrx_word' id='word_1_233' title='bbox 436 2525 446 2553; x_wconf 93' lang='lat'>:</span> <span class='ocrx_word' id='word_1_234' title='bbox 478 2527 498 2550; x_wconf 88' lang='lat'>«</span> <span class='ocrx_word' id='word_1_235' title='bbox 531 2512 648 2553; x_wconf 85' lang='lat' dir='ltr'>Sicut</span> <span class='ocrx_word' id='word_1_236' title='bbox 676 2524 752 2552; x_wconf 89' lang='lat' dir='ltr'>rex</span> <span class='ocrx_word' id='word_1_237' title='bbox 780 2514 996 2561; x_wconf 81' lang='lat' dir='ltr'>statuerat,</span> <span class='ocrx_word' id='word_1_238' title='bbox 1030 2524 1282 2564; x_wconf 63' lang='lat' dir='ltr'>praeponens</span> 
     </span>
     <span class='ocr_line' id='line_1_35' title="bbox 251 2582 1282 2635; baseline -0.002 -10"><span class='ocrx_word' id='word_1_239' title='bbox 251 2583 408 2626; x_wconf 88' lang='lat' dir='ltr'>mensis</span> <span class='ocrx_word' id='word_1_240' title='bbox 427 2583 622 2635; x_wconf 81' lang='lat' dir='ltr'>singulos</span> <span class='ocrx_word' id='word_1_241' title='bbox 645 2583 694 2623; x_wconf 86' lang='lat' dir='ltr'>de</span> <span class='ocrx_word' id='word_1_242' title='bbox 721 2582 982 2635; x_wconf 85' lang='lat' dir='ltr'>principibus</span> <span class='ocrx_word' id='word_1_243' title='bbox 1010 2583 1114 2632; x_wconf 89' lang='lat' dir='ltr'>suis,</span> <span class='ocrx_word' id='word_1_244' title='bbox 1135 2586 1181 2623; x_wconf 81' lang='lat' dir='ltr'>nt</span> <span class='ocrx_word' id='word_1_245' title='bbox 1208 2595 1282 2623; x_wconf 86' lang='lat' dir='ltr'>su-</span> 
     </span>
     <span class='ocr_line' id='line_1_36' title="bbox 251 2653 1280 2706; baseline 0.001 -12"><span class='ocrx_word' id='word_1_246' title='bbox 251 2656 386 2695; x_wconf 87' lang='lat' dir='ltr'>meret</span> <span class='ocrx_word' id='word_1_247' title='bbox 400 2654 694 2706; x_wconf 85' lang='lat' dir='ltr'>unusquisque</span> <span class='ocrx_word' id='word_1_248' title='bbox 705 2653 817 2706; x_wconf 87' lang='lat' dir='ltr'>quod</span> <span class='ocrx_word' id='word_1_249' title='bbox 830 2653 967 2694; x_wconf 85' lang='lat' dir='ltr'>vellet.</span> <span class='ocrx_word' id='word_1_250' title='bbox 984 2668 1002 2691; x_wconf 87' lang='lat'>»</span> <span class='ocrx_word' id='word_1_251' title='bbox 1022 2654 1068 2693; x_wconf 88' lang='lat' dir='ltr'>ln</span> <span class='ocrx_word' id='word_1_252' title='bbox 1080 2654 1195 2694; x_wconf 83' lang='lat' dir='ltr'>curia</span> <span class='ocrx_word' id='word_1_253' title='bbox 1210 2667 1280 2695; x_wconf 82' lang='lat' dir='ltr'>au·</span> 
     </span>
     <span class='ocr_line' id='line_1_37' title="bbox 251 2724 1280 2766; baseline 0.002 -2"><span class='ocrx_word' id='word_1_254' title='bbox 251 2727 337 2766; x_wconf 89' lang='lat' dir='ltr'>tem</span> <span class='ocrx_word' id='word_1_255' title='bbox 355 2724 377 2766; x_wconf 88' lang='lat' dir='ltr'><strong>J</strong></span> <span class='ocrx_word' id='word_1_256' title='bbox 381 2737 455 2765; x_wconf 88' lang='lat' dir='ltr'>esu</span> <span class='ocrx_word' id='word_1_257' title='bbox 472 2724 623 2765; x_wconf 89' lang='lat' dir='ltr'>Christi</span> <span class='ocrx_word' id='word_1_258' title='bbox 643 2724 866 2764; x_wconf 89' lang='lat' dir='ltr'>nobiliores</span> <span class='ocrx_word' id='word_1_259' title='bbox 887 2724 1127 2765; x_wconf 86' lang='lat' dir='ltr'>ministrant</span> <span class='ocrx_word' id='word_1_260' title='bbox 1144 2728 1183 2766; x_wconf 87' lang='lat' dir='ltr'>et</span> <span class='ocrx_word' id='word_1_261' title='bbox 1199 2738 1280 2766; x_wconf 89' lang='lat' dir='ltr'>ser-</span> 
     </span>
     <span class='ocr_line' id='line_1_38' title="bbox 250 2794 1280 2848; baseline 0.001 -12"><span class='ocrx_word' id='word_1_262' title='bbox 250 2795 388 2846; x_wconf 91' lang='lat' dir='ltr'>viunt,</span> <span class='ocrx_word' id='word_1_263' title='bbox 418 2795 528 2835; x_wconf 90' lang='lat' dir='ltr'>sicut</span> <span class='ocrx_word' id='word_1_264' title='bbox 552 2794 703 2835; x_wconf 88' lang='lat' dir='ltr'>dicitur</span> <span class='ocrx_word' id='word_1_265' title='bbox 732 2797 746 2820; x_wconf 75' lang='lat'><strong>⁸</strong></span> <span class='ocrx_word' id='word_1_266' title='bbox 778 2808 787 2835; x_wconf 90' lang='lat'><strong>:</strong></span> <span class='ocrx_word' id='word_1_267' title='bbox 824 2809 842 2832; x_wconf 80' lang='grc' dir='ltr'>α</span> <span class='ocrx_word' id='word_1_268' title='bbox 873 2794 952 2844; x_wconf 82' lang='lat' dir='ltr'>Qui</span> <span class='ocrx_word' id='word_1_269' title='bbox 984 2797 1120 2848; x_wconf 84' lang='lat' dir='ltr'>maj0r</span> <span class='ocrx_word' id='word_1_270' title='bbox 1149 2800 1211 2837; x_wconf 87' lang='lat' dir='ltr'>est</span> <span class='ocrx_word' id='word_1_271' title='bbox 1237 2797 1280 2837; x_wconf 89' lang='lat' dir='ltr'>in</span> 
     </span>
     <span class='ocr_line' id='line_1_39' title="bbox 250 2865 1277 2918; baseline 0 -11"><span class='ocrx_word' id='word_1_272' title='bbox 250 2865 386 2916; x_wconf 89' lang='lat' dir='ltr'>vobis,</span> <span class='ocrx_word' id='word_1_273' title='bbox 402 2866 477 2905; x_wconf 87' lang='lat' dir='ltr'>fiat</span> <span class='ocrx_word' id='word_1_274' title='bbox 497 2865 603 2905; x_wconf 87' lang='lat' dir='ltr'>sicut</span> <span class='ocrx_word' id='word_1_275' title='bbox 625 2865 785 2915; x_wconf 90' lang='lat' dir='ltr'>minor;</span> <span class='ocrx_word' id='word_1_276' title='bbox 809 2867 849 2906; x_wconf 89' lang='lat' dir='ltr'>et</span> <span class='ocrx_word' id='word_1_277' title='bbox 865 2865 936 2918; x_wconf 88' lang='lat' dir='ltr'>qui</span> <span class='ocrx_word' id='word_1_278' title='bbox 955 2877 1184 2918; x_wconf 83' lang='lat' dir='ltr'>praecessor</span> <span class='ocrx_word' id='word_1_279' title='bbox 1201 2869 1277 2918; x_wconf 88' lang='lat' dir='ltr'>est,</span> 
     </span>
     <span class='ocr_line' id='line_1_40' title="bbox 252 2935 692 2976; baseline -0.005 -1"><span class='ocrx_word' id='word_1_280' title='bbox 252 2935 359 2976; x_wconf 88' lang='lat' dir='ltr'>sicut</span> <span class='ocrx_word' id='word_1_281' title='bbox 378 2935 655 2976; x_wconf 89' lang='lat' dir='ltr'>ministrator.</span> <span class='ocrx_word' id='word_1_282' title='bbox 672 2949 692 2973; x_wconf 90' lang='lat'>»</span> 
     </span>
    </p>

    <p class='ocr_par' dir='ltr' id='par_1_5' title="bbox 250 3005 1281 3271">
     <span class='ocr_line' id='line_1_41' title="bbox 305 3005 1281 3059; baseline 0.004 -14"><span class='ocrx_word' id='word_1_283' title='bbox 305 3005 462 3054; x_wconf 72' lang='lat' dir='ltr'>Quarto</span> <span class='ocrx_word' id='word_1_284' title='bbox 485 3018 602 3057; x_wconf 88' lang='lat' dir='ltr'>vero,</span> <span class='ocrx_word' id='word_1_285' title='bbox 624 3007 831 3059; x_wconf 88' lang='lat' dir='ltr'>quantum</span> <span class='ocrx_word' id='word_1_286' title='bbox 853 3007 905 3048; x_wconf 91' lang='lat' dir='ltr'>ad</span> <span class='ocrx_word' id='word_1_287' title='bbox 932 3007 1281 3049; x_wconf 84' lang='lat' dir='ltr'>manducantium</span> 
     </span>
     <span class='ocr_line' id='line_1_42' title="bbox 251 3075 1278 3128; baseline 0.005 -13"><span class='ocrx_word' id='word_1_288' title='bbox 251 3075 527 3127; x_wconf 85' lang='lat' dir='ltr'>saturitatem,</span> <span class='ocrx_word' id='word_1_289' title='bbox 555 3076 707 3116; x_wconf 88' lang='lat' dir='ltr'>dicitur</span> <span class='ocrx_word' id='word_1_290' title='bbox 738 3080 794 3125; x_wconf 89' lang='lat' dir='ltr'>(v.</span> <span class='ocrx_word' id='word_1_291' title='bbox 820 3077 882 3128; x_wconf 83' lang='grc'>17)</span> <span class='ocrx_word' id='word_1_292' title='bbox 920 3089 930 3117; x_wconf 90' lang='lat'>:</span> <span class='ocrx_word' id='word_1_293' title='bbox 962 3078 1018 3120; x_wconf 78' lang='lat' dir='ltr'>Ec</span> <span class='ocrx_word' id='word_1_294' title='bbox 1046 3078 1278 3120; x_wconf 76' lang='lat' dir='ltr'>manduca.-</span> 
     </span>
     <span class='ocr_line' id='line_1_43' title="bbox 251 3149 1276 3199; baseline 0.001 -11"><span class='ocrx_word' id='word_1_295' title='bbox 251 3149 404 3188; x_wconf 77' lang='lat' dir='ltr'>veruni</span> <span class='ocrx_word' id='word_1_296' title='bbox 422 3156 577 3197; x_wconf 73' lang='lat' dir='ltr'>ovines,</span> <span class='ocrx_word' id='word_1_297' title='bbox 597 3152 636 3190; x_wconf 78' lang='lat' dir='ltr'>ec</span> <span class='ocrx_word' id='word_1_298' title='bbox 660 3149 846 3190; x_wconf 76' lang='lat' dir='ltr'>saturati</span> <span class='ocrx_word' id='word_1_299' title='bbox 874 3152 988 3199; x_wconf 78' lang='lat' dir='ltr'>sunt,</span> <span class='ocrx_word' id='word_1_300' title='bbox 1011 3149 1069 3190; x_wconf 81' lang='lat' dir='ltr'>ita</span> <span class='ocrx_word' id='word_1_301' title='bbox 1094 3152 1141 3190; x_wconf 88' lang='lat' dir='ltr'>ut</span> <span class='ocrx_word' id='word_1_302' title='bbox 1167 3151 1276 3190; x_wconf 84' lang='lat' dir='ltr'>veri-</span> 
     </span>
     <span class='ocr_line' id='line_1_44' title="bbox 250 3215 1280 3271; baseline 0.005 -16"><span class='ocrx_word' id='word_1_303' title='bbox 250 3215 451 3255; x_wconf 86' lang='lat' dir='ltr'>ficaretur</span> <span class='ocrx_word' id='word_1_304' title='bbox 470 3216 574 3257; x_wconf 89' lang='lat' dir='ltr'>illud</span> <span class='ocrx_word' id='word_1_305' title='bbox 592 3217 606 3238; x_wconf 78' lang='lat'>⁹</span> <span class='ocrx_word' id='word_1_306' title='bbox 629 3231 637 3257; x_wconf 92' lang='lat'><strong>:</strong></span> <span class='ocrx_word' id='word_1_307' title='bbox 667 3232 686 3256; x_wconf 75' lang='lat' dir='ltr'>c«</span> <span class='ocrx_word' id='word_1_308' title='bbox 710 3217 844 3259; x_wconf 88' lang='lat' dir='ltr'>Edent</span> <span class='ocrx_word' id='word_1_309' title='bbox 874 3230 1079 3271; x_wconf 82' lang='lat' dir='ltr'>pauperes</span> <span class='ocrx_word' id='word_1_310' title='bbox 1108 3222 1149 3260; x_wconf 89' lang='lat' dir='ltr'>et</span> <span class='ocrx_word' id='word_1_311' title='bbox 1171 3222 1280 3260; x_wconf 89' lang='lat' dir='ltr'>satu-</span> 
     </span>
    </p>
   </div>
   <div class='ocr_carea' id='block_1_3' title="bbox 251 3297 1277 3482">
    <p class='ocr_par' dir='ltr' id='par_1_6' title="bbox 251 3297 1277 3482">
     <span class='ocr_line' id='line_1_45' title="bbox 293 3297 1276 3343; baseline 0.006 -16"><span class='ocrx_word' id='word_1_312' title='bbox 293 3298 304 3319; x_wconf 78' lang='lat'>1</span> <span class='ocrx_word' id='word_1_313' title='bbox 325 3297 418 3337; x_wconf 60' lang='lat' dir='ltr'>Sap„</span> <span class='ocrx_word' id='word_1_314' title='bbox 437 3304 487 3334; x_wconf 71' lang='lat' dir='ltr'>xx,</span> <span class='ocrx_word' id='word_1_315' title='bbox 504 3299 556 3328; x_wconf 83' lang='lat'>21.</span> <span class='ocrx_word' id='word_1_316' title='bbox 580 3315 615 3320; x_wconf 91' lang='lat'>—</span> <span class='ocrx_word' id='word_1_317' title='bbox 637 3298 651 3318; x_wconf 76' lang='lat'>²</span> <span class='ocrx_word' id='word_1_318' title='bbox 671 3299 764 3337; x_wconf 64' lang='lat' dir='ltr'>Gen„</span> <span class='ocrx_word' id='word_1_319' title='bbox 788 3308 813 3339; x_wconf 86' lang='grc' dir='ltr'>ῐ,</span> <span class='ocrx_word' id='word_1_320' title='bbox 839 3303 891 3340; x_wconf 77' lang='grc'>22,</span> <span class='ocrx_word' id='word_1_321' title='bbox 912 3302 962 3332; x_wconf 77' lang='lat'>28.</span> <span class='ocrx_word' id='word_1_322' title='bbox 983 3319 1022 3324; x_wconf 97' lang='lat'><strong>—</strong></span> <span class='ocrx_word' id='word_1_323' title='bbox 1043 3301 1056 3323; x_wconf 76' lang='grc'>3</span> <span class='ocrx_word' id='word_1_324' title='bbox 1076 3302 1175 3341; x_wconf 87' lang='lat' dir='ltr'>lbid.,</span> <span class='ocrx_word' id='word_1_325' title='bbox 1195 3309 1276 3343; x_wconf 77' lang='lat' dir='ltr'>xxx,</span> 
     </span>
     <span class='ocr_line' id='line_1_46' title="bbox 252 3343 1277 3388; baseline 0.005 -14"><span class='ocrx_word' id='word_1_326' title='bbox 252 3344 305 3375; x_wconf 83' lang='lat'>27.</span> <span class='ocrx_word' id='word_1_327' title='bbox 322 3360 363 3366; x_wconf 89' lang='lat'>—</span> <span class='ocrx_word' id='word_1_328' title='bbox 382 3343 393 3362; x_wconf 82' lang='lat'>⁴</span> <span class='ocrx_word' id='word_1_329' title='bbox 412 3343 503 3376; x_wconf 82' lang='lat' dir='ltr'>Psal.</span> <span class='ocrx_word' id='word_1_330' title='bbox 521 3352 660 3385; x_wconf 79' lang='lat' dir='ltr'>cxxxiv,</span> <span class='ocrx_word' id='word_1_331' title='bbox 677 3347 706 3377; x_wconf 82' lang='lat'>6.</span> <span class='ocrx_word' id='word_1_332' title='bbox 727 3363 768 3370; x_wconf 88' lang='lat'><em>-</em></span> <span class='ocrx_word' id='word_1_333' title='bbox 785 3347 797 3369; x_wconf 57' lang='grc' dir='ltr'>δ</span> <span class='ocrx_word' id='word_1_334' title='bbox 813 3347 903 3380; x_wconf 74' lang='lat' dir='ltr'>Psal.</span> <span class='ocrx_word' id='word_1_335' title='bbox 922 3355 1001 3388; x_wconf 81' lang='lat' dir='ltr'>cxx,</span> <span class='ocrx_word' id='word_1_336' title='bbox 1024 3351 1051 3380; x_wconf 81' lang='lat'>1.</span> <span class='ocrx_word' id='word_1_337' title='bbox 1071 3366 1110 3372; x_wconf 93' lang='lat'><strong>—</strong></span> <span class='ocrx_word' id='word_1_338' title='bbox 1129 3349 1166 3379; x_wconf 79' lang='lat'>⁶1</span> <span class='ocrx_word' id='word_1_339' title='bbox 1187 3348 1277 3387; x_wconf 64' lang='lat' dir='ltr'>Cor„</span> 
     </span>
     <span class='ocr_line' id='line_1_47' title="bbox 251 3390 1275 3435; baseline 0.006 -15"><span class='ocrx_word' id='word_1_340' title='bbox 251 3397 296 3427; x_wconf 78' lang='grc' dir='ltr'>ιν,</span> <span class='ocrx_word' id='word_1_341' title='bbox 326 3392 353 3420; x_wconf 77' lang='grc'>1.</span> <span class='ocrx_word' id='word_1_342' title='bbox 374 3407 415 3414; x_wconf 91' lang='lat'>—-</span> <span class='ocrx_word' id='word_1_343' title='bbox 437 3391 451 3413; x_wconf 84' lang='lat'>⁷</span> <span class='ocrx_word' id='word_1_344' title='bbox 471 3390 583 3429; x_wconf 62' lang='lat' dir='ltr'>Esth„</span> <span class='ocrx_word' id='word_1_345' title='bbox 604 3400 642 3432; x_wconf 88' lang='lat' dir='ltr'>L,</span> <span class='ocrx_word' id='word_1_346' title='bbox 666 3394 696 3424; x_wconf 89' lang='lat'>8.</span> <span class='ocrx_word' id='word_1_347' title='bbox 718 3410 760 3417; x_wconf 91' lang='lat'>—-</span> <span class='ocrx_word' id='word_1_348' title='bbox 778 3393 792 3415; x_wconf 73' lang='grc' dir='ltr'>Β</span> <span class='ocrx_word' id='word_1_349' title='bbox 814 3395 886 3435; x_wconf 86' lang='lat' dir='ltr'>1nf.,</span> <span class='ocrx_word' id='word_1_350' title='bbox 909 3403 1000 3435; x_wconf 76' lang='lat' dir='ltr'>xxti,</span> <span class='ocrx_word' id='word_1_351' title='bbox 1022 3397 1074 3428; x_wconf 82' lang='lat'>26.</span> <span class='ocrx_word' id='word_1_352' title='bbox 1094 3412 1134 3419; x_wconf 93' lang='lat'><em>-</em></span> <span class='ocrx_word' id='word_1_353' title='bbox 1153 3395 1166 3417; x_wconf 77' lang='grc' dir='ltr'>θ</span> <span class='ocrx_word' id='word_1_354' title='bbox 1188 3395 1275 3427; x_wconf 84' lang='lat' dir='ltr'>Psal.</span> 
     </span>
     <span class='ocr_line' id='line_1_48' title="bbox 251 3438 1276 3482; baseline 0.006 -14"><span class='ocrx_word' id='word_1_355' title='bbox 251 3444 323 3478; x_wconf 78' lang='lat' dir='ltr'>xxi,</span> <span class='ocrx_word' id='word_1_356' title='bbox 338 3439 388 3470; x_wconf 81' lang='lat'>27.</span> <span class='ocrx_word' id='word_1_357' title='bbox 405 3455 444 3461; x_wconf 94' lang='lat'><strong>—</strong></span> <span class='ocrx_word' id='word_1_358' title='bbox 464 3438 491 3460; x_wconf 85' lang='lat'>¹⁰</span> <span class='ocrx_word' id='word_1_359' title='bbox 509 3438 600 3471; x_wconf 70' lang='grc' dir='ltr'><em>Ρεαί,</em></span> <span class='ocrx_word' id='word_1_360' title='bbox 623 3446 755 3481; x_wconf 76' lang='lat' dir='ltr'>Lxxvn,</span> <span class='ocrx_word' id='word_1_361' title='bbox 771 3443 823 3474; x_wconf 81' lang='lat'>29.</span> <span class='ocrx_word' id='word_1_362' title='bbox 837 3459 878 3466; x_wconf 90' lang='lat'><strong>—</strong></span> <span class='ocrx_word' id='word_1_363' title='bbox 898 3443 922 3464; x_wconf 88' lang='lat'>1¹</span> <span class='ocrx_word' id='word_1_364' title='bbox 941 3443 1055 3482; x_wconf 69' lang='lat' dir='ltr'>Prov.²</span> <span class='ocrx_word' id='word_1_365' title='bbox 1073 3450 1149 3482; x_wconf 74' lang='lat' dir='ltr'>xm,</span> <span class='ocrx_word' id='word_1_366' title='bbox 1167 3444 1218 3473; x_wconf 81' lang='grc'>25.</span> <span class='ocrx_word' id='word_1_367' title='bbox 1235 3459 1276 3465; x_wconf 90' lang='grc'><strong>-</strong></span> 
     </span>
    </p>
   </div>
   <div class='ocr_carea' id='block_1_4' title="bbox 2314 171 2390 209">
    <p class='ocr_par' dir='ltr' id='par_1_7' title="bbox 2314 171 2390 209">
     <span class='ocr_line' id='line_1_49' title="bbox 2314 171 2390 209; baseline 0 0"><span class='ocrx_word' id='word_1_368' title='bbox 2314 171 2390 209; x_wconf 71' lang='grc'>457</span> 
     </span>
    </p>
   </div>
   <div class='ocr_carea' id='block_1_5' title="bbox 1353 255 2391 2707">
    <p class='ocr_par' dir='ltr' id='par_1_8' title="bbox 1360 255 2391 1848">
     <span class='ocr_line' id='line_1_50' title="bbox 1364 255 2388 310; baseline 0.002 -14"><span class='ocrx_word' id='word_1_369' title='bbox 1364 255 1596 305; x_wconf 83' lang='lat' dir='ltr'>rabuntur3</span> <span class='ocrx_word' id='word_1_370' title='bbox 1636 257 1677 296; x_wconf 90' lang='lat' dir='ltr'>et</span> <span class='ocrx_word' id='word_1_371' title='bbox 1705 255 1941 296; x_wconf 85' lang='lat' dir='ltr'>laudabunt</span> <span class='ocrx_word' id='word_1_372' title='bbox 1964 255 2188 296; x_wconf 89' lang='lat' dir='ltr'>Dominum</span> <span class='ocrx_word' id='word_1_373' title='bbox 2219 257 2291 310; x_wconf 84' lang='lat' dir='ltr'>qui</span> <span class='ocrx_word' id='word_1_374' title='bbox 2322 269 2388 298; x_wconf 85' lang='lat' dir='ltr'>re-</span> 
     </span>
     <span class='ocr_line' id='line_1_51' title="bbox 1363 325 2389 378; baseline 0.002 -12"><span class='ocrx_word' id='word_1_375' title='bbox 1363 327 1538 378; x_wconf 88' lang='lat' dir='ltr'>quirunt</span> <span class='ocrx_word' id='word_1_376' title='bbox 1566 338 1679 376; x_wconf 89' lang='lat' dir='ltr'>eum,</span> <span class='ocrx_word' id='word_1_377' title='bbox 1699 340 1717 363; x_wconf 78' lang='lat'>›)</span> <span class='ocrx_word' id='word_1_378' title='bbox 1742 328 1819 367; x_wconf 89' lang='lat' dir='ltr'>etc.</span> <span class='ocrx_word' id='word_1_379' title='bbox 1842 325 1892 366; x_wconf 89' lang='lat' dir='ltr'>Et</span> <span class='ocrx_word' id='word_1_380' title='bbox 1909 325 2013 366; x_wconf 89' lang='lat' dir='ltr'>illud</span> <span class='ocrx_word' id='word_1_381' title='bbox 2035 327 2063 350; x_wconf 90' lang='lat'>¹⁰</span> <span class='ocrx_word' id='word_1_382' title='bbox 2086 339 2095 366; x_wconf 71' lang='grc' dir='ltr'>ε</span> <span class='ocrx_word' id='word_1_383' title='bbox 2126 341 2145 364; x_wconf 78' lang='lat'>&lt;1</span> <span class='ocrx_word' id='word_1_384' title='bbox 2163 326 2389 368; x_wconf 82' lang='lat' dir='ltr'>Manduca-</span> 
     </span>
     <span class='ocr_line' id='line_1_52' title="bbox 1363 396 2391 448; baseline 0.001 -11"><span class='ocrx_word' id='word_1_385' title='bbox 1363 399 1516 438; x_wconf 91' lang='lat' dir='ltr'>verunt</span> <span class='ocrx_word' id='word_1_386' title='bbox 1536 400 1576 437; x_wconf 89' lang='lat' dir='ltr'>et</span> <span class='ocrx_word' id='word_1_387' title='bbox 1596 397 1771 438; x_wconf 87' lang='lat' dir='ltr'>saturati</span> <span class='ocrx_word' id='word_1_388' title='bbox 1787 399 1887 437; x_wconf 91' lang='lat' dir='ltr'>sunt</span> <span class='ocrx_word' id='word_1_389' title='bbox 1904 396 2051 445; x_wconf 86' lang='lat' dir='ltr'>nimis;</span> <span class='ocrx_word' id='word_1_390' title='bbox 2074 411 2092 435; x_wconf 82' lang='grc'>))</span> <span class='ocrx_word' id='word_1_391' title='bbox 2119 398 2310 448; x_wconf 87' lang='lat' dir='ltr'>saturati,</span> <span class='ocrx_word' id='word_1_392' title='bbox 2330 398 2391 438; x_wconf 89' lang='lat' dir='ltr'>in-</span> 
     </span>
     <span class='ocr_line' id='line_1_53' title="bbox 1363 466 2391 520; baseline 0.001 -13"><span class='ocrx_word' id='word_1_393' title='bbox 1363 480 1508 520; x_wconf 86' lang='lat' dir='ltr'>quam,</span> <span class='ocrx_word' id='word_1_394' title='bbox 1532 468 1746 508; x_wconf 82' lang='lat' dir='ltr'>saturitate</span> <span class='ocrx_word' id='word_1_395' title='bbox 1761 467 1953 520; x_wconf 76' lang='lat' dir='ltr'>Justitiae‚</span> <span class='ocrx_word' id='word_1_396' title='bbox 1972 467 2022 507; x_wconf 92' lang='lat' dir='ltr'>de</span> <span class='ocrx_word' id='word_1_397' title='bbox 2042 479 2125 520; x_wconf 88' lang='lat' dir='ltr'>qua</span> <span class='ocrx_word' id='word_1_398' title='bbox 2139 468 2165 489; x_wconf 76' lang='lat'>1¹</span> <span class='ocrx_word' id='word_1_399' title='bbox 2185 479 2192 506; x_wconf 95' lang='lat'><strong>:</strong></span> <span class='ocrx_word' id='word_1_400' title='bbox 2211 482 2228 504; x_wconf 84' lang='lat'>«</span> <span class='ocrx_word' id='word_1_401' title='bbox 2248 466 2391 508; x_wconf 89' lang='lat' dir='ltr'>Justus</span> 
     </span>
     <span class='ocr_line' id='line_1_54' title="bbox 1362 538 2390 592; baseline -0.001 -13"><span class='ocrx_word' id='word_1_402' title='bbox 1362 539 1554 589; x_wconf 88' lang='lat' dir='ltr'>comedit,</span> <span class='ocrx_word' id='word_1_403' title='bbox 1571 542 1610 579; x_wconf 89' lang='lat' dir='ltr'>et</span> <span class='ocrx_word' id='word_1_404' title='bbox 1628 539 1760 592; x_wconf 85' lang='lat' dir='ltr'>replet</span> <span class='ocrx_word' id='word_1_405' title='bbox 1779 539 1966 579; x_wconf 89' lang='lat' dir='ltr'>animam</span> <span class='ocrx_word' id='word_1_406' title='bbox 1984 550 2120 578; x_wconf 87' lang='lat' dir='ltr'>suam.</span> <span class='ocrx_word' id='word_1_407' title='bbox 2141 552 2160 575; x_wconf 66' lang='lat'>&gt;³</span> <span class='ocrx_word' id='word_1_408' title='bbox 2188 538 2215 559; x_wconf 77' lang='lat'>¹2</span> <span class='ocrx_word' id='word_1_409' title='bbox 2236 552 2254 576; x_wconf 76' lang='grc' dir='ltr'>ε(</span> <span class='ocrx_word' id='word_1_410' title='bbox 2276 539 2390 578; x_wconf 85' lang='lat' dir='ltr'>Beati</span> 
     </span>
     <span class='ocr_line' id='line_1_55' title="bbox 1365 609 2386 661; baseline 0 -13"><span class='ocrx_word' id='word_1_411' title='bbox 1365 609 1504 659; x_wconf 90' lang='lat' dir='ltr'>(enim)</span> <span class='ocrx_word' id='word_1_412' title='bbox 1539 609 1611 661; x_wconf 88' lang='lat' dir='ltr'>qui</span> <span class='ocrx_word' id='word_1_413' title='bbox 1647 609 1838 649; x_wconf 88' lang='lat' dir='ltr'>esuriunt</span> <span class='ocrx_word' id='word_1_414' title='bbox 1871 611 1910 649; x_wconf 87' lang='lat' dir='ltr'>et</span> <span class='ocrx_word' id='word_1_415' title='bbox 1949 609 2099 649; x_wconf 89' lang='lat' dir='ltr'>sitiunt</span> <span class='ocrx_word' id='word_1_416' title='bbox 2130 609 2340 661; x_wconf 87' lang='lat' dir='ltr'>justitiam</span> <span class='ocrx_word' id='word_1_417' title='bbox 2376 620 2386 649; x_wconf 91' lang='lat'>:</span> 
     </span>
     <span class='ocr_line' id='line_1_56' title="bbox 1362 679 2391 731; baseline 0 -12"><span class='ocrx_word' id='word_1_418' title='bbox 1362 679 1565 731; x_wconf 87' lang='lat' dir='ltr'>quoniam</span> <span class='ocrx_word' id='word_1_419' title='bbox 1585 679 1664 731; x_wconf 90' lang='lat' dir='ltr'>ipsi</span> <span class='ocrx_word' id='word_1_420' title='bbox 1684 680 2001 729; x_wconf 89' lang='lat' dir='ltr'>saturabuntur,</span> <span class='ocrx_word' id='word_1_421' title='bbox 2023 693 2042 716; x_wconf 86' lang='grc'>))</span> <span class='ocrx_word' id='word_1_422' title='bbox 2069 691 2154 719; x_wconf 91' lang='lat' dir='ltr'>non</span> <span class='ocrx_word' id='word_1_423' title='bbox 2174 679 2391 720; x_wconf 82' lang='lat' dir='ltr'>saturitate</span> 
     </span>
     <span class='ocr_line' id='line_1_57' title="bbox 1362 749 2388 802; baseline 0.002 -13"><span class='ocrx_word' id='word_1_424' title='bbox 1362 749 1567 798; x_wconf 69' lang='lat' dir='ltr'>avaritiae,</span> <span class='ocrx_word' id='word_1_425' title='bbox 1589 749 1639 789; x_wconf 92' lang='lat' dir='ltr'>de</span> <span class='ocrx_word' id='word_1_426' title='bbox 1668 762 1752 802; x_wconf 85' lang='lat' dir='ltr'>qua</span> <span class='ocrx_word' id='word_1_427' title='bbox 1782 750 1935 791; x_wconf 88' lang='lat' dir='ltr'>dicitur</span> <span class='ocrx_word' id='word_1_428' title='bbox 1957 751 1984 774; x_wconf 72' lang='lat'>1³</span> <span class='ocrx_word' id='word_1_429' title='bbox 2006 765 2015 791; x_wconf 88' lang='lat'>:</span> <span class='ocrx_word' id='word_1_430' title='bbox 2044 765 2064 789; x_wconf 87' lang='lat'>«</span> <span class='ocrx_word' id='word_1_431' title='bbox 2094 749 2298 790; x_wconf 88' lang='lat' dir='ltr'>Saturitas</span> <span class='ocrx_word' id='word_1_432' title='bbox 2325 749 2388 791; x_wconf 81' lang='lat' dir='ltr'>di-</span> 
     </span>
     <span class='ocr_line' id='line_1_58' title="bbox 1362 820 2390 874; baseline 0 -12"><span class='ocrx_word' id='word_1_433' title='bbox 1362 820 1460 862; x_wconf 90' lang='lat' dir='ltr'>vitis</span> <span class='ocrx_word' id='word_1_434' title='bbox 1498 833 1581 861; x_wconf 91' lang='lat' dir='ltr'>non</span> <span class='ocrx_word' id='word_1_435' title='bbox 1620 821 1719 861; x_wconf 88' lang='lat' dir='ltr'>sinit</span> <span class='ocrx_word' id='word_1_436' title='bbox 1753 833 1852 861; x_wconf 91' lang='lat' dir='ltr'>eum</span> <span class='ocrx_word' id='word_1_437' title='bbox 1900 821 2102 871; x_wconf 84' lang='lat' dir='ltr'>dormire3</span> <span class='ocrx_word' id='word_1_438' title='bbox 2139 835 2157 859; x_wconf 84' lang='lat'>›)</span> <span class='ocrx_word' id='word_1_439' title='bbox 2192 821 2292 874; x_wconf 87' lang='lat' dir='ltr'>quia</span> <span class='ocrx_word' id='word_1_440' title='bbox 2331 821 2390 862; x_wconf 89' lang='lat' dir='ltr'>sic</span> 
     </span>
     <span class='ocr_line' id='line_1_59' title="bbox 1360 892 2386 944; baseline 0 -12"><span class='ocrx_word' id='word_1_441' title='bbox 1360 893 1587 943; x_wconf 88' lang='lat' dir='ltr'>saturatur,</span> <span class='ocrx_word' id='word_1_442' title='bbox 1610 895 1658 932; x_wconf 90' lang='lat' dir='ltr'>ut</span> <span class='ocrx_word' id='word_1_443' title='bbox 1678 904 1844 944; x_wconf 83' lang='lat' dir='ltr'>semper</span> <span class='ocrx_word' id='word_1_444' title='bbox 1870 892 2082 932; x_wconf 86' lang='lat' dir='ltr'>famescat.</span> <span class='ocrx_word' id='word_1_445' title='bbox 2105 892 2155 932; x_wconf 90' lang='lat' dir='ltr'>Et</span> <span class='ocrx_word' id='word_1_446' title='bbox 2184 892 2386 944; x_wconf 87' lang='lat' dir='ltr'>quoniam</span> 
     </span>
     <span class='ocr_line' id='line_1_60' title="bbox 1363 961 2387 1013; baseline 0.003 -13"><span class='ocrx_word' id='word_1_447' title='bbox 1363 961 1505 1003; x_wconf 89' lang='lat' dir='ltr'>divina</span> <span class='ocrx_word' id='word_1_448' title='bbox 1524 962 1782 1003; x_wconf 87' lang='lat' dir='ltr'>abundantia</span> <span class='ocrx_word' id='word_1_449' title='bbox 1802 962 1965 1002; x_wconf 90' lang='lat' dir='ltr'>excedit</span> <span class='ocrx_word' id='word_1_450' title='bbox 1986 963 2174 1002; x_wconf 86' lang='lat' dir='ltr'>nostram</span> <span class='ocrx_word' id='word_1_451' title='bbox 2192 961 2276 1002; x_wconf 91' lang='lat' dir='ltr'>indi</span> <span class='ocrx_word' id='word_1_452' title='bbox 2284 974 2387 1013; x_wconf 81' lang='lat' dir='ltr'>gen-</span> 
     </span>
     <span class='ocr_line' id='line_1_61' title="bbox 1362 1030 2390 1085; baseline 0.003 -14"><span class='ocrx_word' id='word_1_453' title='bbox 1362 1031 1479 1081; x_wconf 84' lang='lat' dir='ltr'>tiam,</span> <span class='ocrx_word' id='word_1_454' title='bbox 1501 1032 1593 1072; x_wconf 86' lang='lat' dir='ltr'>ideo</span> <span class='ocrx_word' id='word_1_455' title='bbox 1620 1032 1813 1072; x_wconf 85' lang='lat' dir='ltr'>subditur</span> <span class='ocrx_word' id='word_1_456' title='bbox 1842 1046 1850 1072; x_wconf 92' lang='lat'><strong>:</strong></span> <span class='ocrx_word' id='word_1_457' title='bbox 1885 1032 1937 1074; x_wconf 84' lang='lat' dir='ltr'>Ec</span> <span class='ocrx_word' id='word_1_458' title='bbox 1960 1030 2170 1073; x_wconf 76' lang='lat' dir='ltr'>sublacum</span> <span class='ocrx_word' id='word_1_459' title='bbox 2192 1034 2251 1074; x_wconf 81' lang='lat' dir='ltr'>est</span> <span class='ocrx_word' id='word_1_460' title='bbox 2276 1032 2390 1085; x_wconf 80' lang='lat' dir='ltr'>quod</span> 
     </span>
     <span class='ocr_line' id='line_1_62' title="bbox 1362 1102 2388 1155; baseline 0.003 -13"><span class='ocrx_word' id='word_1_461' title='bbox 1362 1103 1572 1154; x_wconf 75' lang='lat' dir='ltr'>superfuit</span> <span class='ocrx_word' id='word_1_462' title='bbox 1601 1102 1689 1144; x_wconf 84' lang='lat' dir='ltr'>illis</span> <span class='ocrx_word' id='word_1_463' title='bbox 1714 1103 2047 1155; x_wconf 70' lang='lat' dir='ltr'>fraqmentorum</span> <span class='ocrx_word' id='word_1_464' title='bbox 2080 1102 2254 1155; x_wconf 76' lang='lat' dir='ltr'>cophini</span> <span class='ocrx_word' id='word_1_465' title='bbox 2284 1102 2388 1145; x_wconf 85' lang='lat' dir='ltr'>duo-</span> 
     </span>
     <span class='ocr_line' id='line_1_63' title="bbox 1363 1172 2390 1226; baseline 0 -12"><span class='ocrx_word' id='word_1_466' title='bbox 1363 1172 1514 1214; x_wconf 77' lang='lat' dir='ltr'>decim.</span> <span class='ocrx_word' id='word_1_467' title='bbox 1551 1173 1594 1213; x_wconf 86' lang='lat' dir='ltr'>in</span> <span class='ocrx_word' id='word_1_468' title='bbox 1616 1185 1700 1226; x_wconf 89' lang='lat' dir='ltr'>quo</span> <span class='ocrx_word' id='word_1_469' title='bbox 1724 1173 1957 1214; x_wconf 88' lang='lat' dir='ltr'>ostenditur</span> <span class='ocrx_word' id='word_1_470' title='bbox 1976 1173 2228 1225; x_wconf 83' lang='lat' dir='ltr'>magnitudo</span> <span class='ocrx_word' id='word_1_471' title='bbox 2249 1185 2390 1226; x_wconf 90' lang='lat' dir='ltr'>super-</span> 
     </span>
     <span class='ocr_line' id='line_1_64' title="bbox 1363 1243 2385 1285; baseline 0.003 -3"><span class='ocrx_word' id='word_1_472' title='bbox 1363 1243 1633 1284; x_wconf 69' lang='lat' dir='ltr'>abundantiae</span> <span class='ocrx_word' id='word_1_473' title='bbox 1659 1256 1712 1284; x_wconf 88' lang='lat' dir='ltr'>ex</span> <span class='ocrx_word' id='word_1_474' title='bbox 1735 1244 1991 1285; x_wconf 81' lang='lat' dir='ltr'>continentia</span> <span class='ocrx_word' id='word_1_475' title='bbox 2020 1256 2220 1285; x_wconf 90' lang='lat' dir='ltr'>vasorum</span> <span class='ocrx_word' id='word_1_476' title='bbox 2239 1246 2280 1285; x_wconf 88' lang='lat' dir='ltr'>et</span> <span class='ocrx_word' id='word_1_477' title='bbox 2299 1256 2385 1285; x_wconf 91' lang='lat' dir='ltr'>nu-</span> 
     </span>
     <span class='ocr_line' id='line_1_65' title="bbox 1362 1314 2386 1367; baseline 0.001 -14"><span class='ocrx_word' id='word_1_478' title='bbox 1362 1325 1494 1362; x_wconf 85' lang='lat' dir='ltr'>mero,</span> <span class='ocrx_word' id='word_1_479' title='bbox 1517 1314 1617 1366; x_wconf 90' lang='lat' dir='ltr'>quia</span> <span class='ocrx_word' id='word_1_480' title='bbox 1634 1315 1917 1355; x_wconf 89' lang='lat' dir='ltr'>duodenarius</span> <span class='ocrx_word' id='word_1_481' title='bbox 1927 1317 1989 1355; x_wconf 91' lang='lat' dir='ltr'>est</span> <span class='ocrx_word' id='word_1_482' title='bbox 2008 1314 2169 1367; x_wconf 90' lang='lat' dir='ltr'>primus</span> <span class='ocrx_word' id='word_1_483' title='bbox 2179 1326 2386 1355; x_wconf 90' lang='lat' dir='ltr'>numerus</span> 
     </span>
     <span class='ocr_line' id='line_1_66' title="bbox 1361 1382 2384 1435; baseline 0.002 -13"><span class='ocrx_word' id='word_1_484' title='bbox 1361 1382 1596 1432; x_wconf 86' lang='lat' dir='ltr'>abundans,</span> <span class='ocrx_word' id='word_1_485' title='bbox 1619 1383 1850 1424; x_wconf 88' lang='lat' dir='ltr'>secundum</span> <span class='ocrx_word' id='word_1_486' title='bbox 1882 1384 1995 1435; x_wconf 90' lang='lat' dir='ltr'>quod</span> <span class='ocrx_word' id='word_1_487' title='bbox 2027 1383 2152 1423; x_wconf 86' lang='lat' dir='ltr'>tradit</span> <span class='ocrx_word' id='word_1_488' title='bbox 2184 1383 2384 1424; x_wconf 84' lang='lat' dir='ltr'>arithme-</span> 
     </span>
     <span class='ocr_line' id='line_1_67' title="bbox 1360 1452 2383 1505; baseline 0.002 -14"><span class='ocrx_word' id='word_1_489' title='bbox 1360 1452 1456 1492; x_wconf 86' lang='lat' dir='ltr'>tica.</span> <span class='ocrx_word' id='word_1_490' title='bbox 1479 1452 1529 1492; x_wconf 85' lang='lat' dir='ltr'>Et</span> <span class='ocrx_word' id='word_1_491' title='bbox 1548 1453 1605 1493; x_wconf 89' lang='lat' dir='ltr'>sic</span> <span class='ocrx_word' id='word_1_492' title='bbox 1633 1453 1855 1505; x_wconf 90' lang='lat' dir='ltr'>impletum</span> <span class='ocrx_word' id='word_1_493' title='bbox 1884 1455 1946 1493; x_wconf 86' lang='lat' dir='ltr'>est</span> <span class='ocrx_word' id='word_1_494' title='bbox 1977 1453 2095 1503; x_wconf 89' lang='lat' dir='ltr'>illud,</span> <span class='ocrx_word' id='word_1_495' title='bbox 2114 1453 2158 1493; x_wconf 91' lang='lat' dir='ltr'>in</span> <span class='ocrx_word' id='word_1_496' title='bbox 2189 1454 2314 1505; x_wconf 73' lang='lat' dir='ltr'>quus</span> <span class='ocrx_word' id='word_1_497' title='bbox 2333 1453 2383 1493; x_wconf 89' lang='lat' dir='ltr'>fi-</span> 
     </span>
     <span class='ocr_line' id='line_1_68' title="bbox 1363 1522 2382 1575; baseline 0 -12"><span class='ocrx_word' id='word_1_498' title='bbox 1363 1534 1472 1574; x_wconf 80' lang='lat' dir='ltr'>gura</span> <span class='ocrx_word' id='word_1_499' title='bbox 1505 1523 1611 1563; x_wconf 85' lang='lat' dir='ltr'>dixit</span> <span class='ocrx_word' id='word_1_500' title='bbox 1639 1523 1814 1564; x_wconf 83' lang='lat' dir='ltr'>Elisaeus</span> <span class='ocrx_word' id='word_1_501' title='bbox 1851 1523 1901 1563; x_wconf 88' lang='lat' dir='ltr'>de</span> <span class='ocrx_word' id='word_1_502' title='bbox 1933 1522 2075 1575; x_wconf 90' lang='lat' dir='ltr'>paucis</span> <span class='ocrx_word' id='word_1_503' title='bbox 2104 1523 2284 1575; x_wconf 89' lang='lat' dir='ltr'>panibus</span> <span class='ocrx_word' id='word_1_504' title='bbox 2313 1522 2340 1544; x_wconf 66' lang='lat'>¹⁶</span> <span class='ocrx_word' id='word_1_505' title='bbox 2374 1535 2382 1563; x_wconf 92' lang='lat'><strong>:</strong></span> 
     </span>
     <span class='ocr_line' id='line_1_69' title="bbox 1371 1592 2389 1643; baseline 0.003 -11"><span class='ocrx_word' id='word_1_506' title='bbox 1371 1608 1389 1631; x_wconf 79' lang='grc' dir='ltr'>α</span> <span class='ocrx_word' id='word_1_507' title='bbox 1416 1593 1514 1634; x_wconf 81' lang='lat' dir='ltr'>Haec</span> <span class='ocrx_word' id='word_1_508' title='bbox 1542 1594 1655 1634; x_wconf 88' lang='lat' dir='ltr'>enim</span> <span class='ocrx_word' id='word_1_509' title='bbox 1683 1594 1781 1635; x_wconf 87' lang='lat' dir='ltr'>dicit</span> <span class='ocrx_word' id='word_1_510' title='bbox 1809 1594 2012 1634; x_wconf 88' lang='lat' dir='ltr'>Dominus</span> <span class='ocrx_word' id='word_1_511' title='bbox 2043 1606 2053 1634; x_wconf 73' lang='grc' dir='ltr'>ς</span> <span class='ocrx_word' id='word_1_512' title='bbox 2085 1592 2324 1643; x_wconf 87' lang='lat' dir='ltr'>Comedent‚</span> <span class='ocrx_word' id='word_1_513' title='bbox 2348 1597 2389 1636; x_wconf 89' lang='lat' dir='ltr'>et</span> 
     </span>
     <span class='ocr_line' id='line_1_70' title="bbox 1364 1664 2390 1717; baseline 0.002 -14"><span class='ocrx_word' id='word_1_514' title='bbox 1364 1665 1585 1716; x_wconf 85' lang='lat' dir='ltr'>supererit.</span> <span class='ocrx_word' id='word_1_515' title='bbox 1607 1664 1751 1705; x_wconf 86' lang='lat' dir='ltr'>Posuit</span> <span class='ocrx_word' id='word_1_516' title='bbox 1776 1664 1918 1717; x_wconf 87' lang='lat' dir='ltr'>itaque</span> <span class='ocrx_word' id='word_1_517' title='bbox 1945 1676 2086 1705; x_wconf 87' lang='lat' dir='ltr'>coram</span> <span class='ocrx_word' id='word_1_518' title='bbox 2113 1664 2192 1714; x_wconf 80' lang='lat' dir='ltr'>eis3</span> <span class='ocrx_word' id='word_1_519' title='bbox 2216 1664 2290 1717; x_wconf 90' lang='lat' dir='ltr'>qui</span> <span class='ocrx_word' id='word_1_520' title='bbox 2317 1677 2390 1706; x_wconf 87' lang='lat' dir='ltr'>co-</span> 
     </span>
     <span class='ocr_line' id='line_1_71' title="bbox 1362 1736 2389 1790; baseline 0.004 -15"><span class='ocrx_word' id='word_1_521' title='bbox 1362 1736 1608 1786; x_wconf 85' lang='lat' dir='ltr'>mederunt,</span> <span class='ocrx_word' id='word_1_522' title='bbox 1639 1739 1679 1778; x_wconf 87' lang='lat' dir='ltr'>et</span> <span class='ocrx_word' id='word_1_523' title='bbox 1709 1737 1914 1790; x_wconf 83' lang='lat' dir='ltr'>superfuit</span> <span class='ocrx_word' id='word_1_524' title='bbox 1935 1738 2060 1790; x_wconf 84' lang='lat' dir='ltr'>juxta</span> <span class='ocrx_word' id='word_1_525' title='bbox 2089 1737 2271 1778; x_wconf 88' lang='lat' dir='ltr'>verbum</span> <span class='ocrx_word' id='word_1_526' title='bbox 2306 1737 2389 1779; x_wconf 85' lang='lat' dir='ltr'>Do·-</span> 
     </span>
     <span class='ocr_line' id='line_1_72' title="bbox 1361 1807 1519 1848; baseline -0.006 -2"><span class='ocrx_word' id='word_1_527' title='bbox 1361 1807 1479 1848; x_wconf 80' lang='lat' dir='ltr'>mini.</span> <span class='ocrx_word' id='word_1_528' title='bbox 1500 1823 1519 1845; x_wconf 90' lang='grc'>))</span> 
     </span>
    </p>

    <p class='ocr_par' dir='ltr' id='par_1_9' title="bbox 1353 1877 2387 2707">
     <span class='ocr_line' id='line_1_73' title="bbox 1414 1877 2387 1919; baseline 0.001 -1"><span class='ocrx_word' id='word_1_529' title='bbox 1414 1877 1494 1918; x_wconf 87' lang='lat' dir='ltr'>Sed</span> <span class='ocrx_word' id='word_1_530' title='bbox 1521 1878 1578 1919; x_wconf 90' lang='lat' dir='ltr'>ibi</span> <span class='ocrx_word' id='word_1_531' title='bbox 1604 1891 1690 1919; x_wconf 88' lang='lat' dir='ltr'>non</span> <span class='ocrx_word' id='word_1_532' title='bbox 1715 1879 2020 1919; x_wconf 86' lang='lat' dir='ltr'>determinatur</span> <span class='ocrx_word' id='word_1_533' title='bbox 2040 1890 2239 1919; x_wconf 85' lang='lat' dir='ltr'>mensura</span> <span class='ocrx_word' id='word_1_534' title='bbox 2256 1881 2387 1919; x_wconf 85' lang='lat' dir='ltr'>tantae</span> 
     </span>
     <span class='ocr_line' id='line_1_74' title="bbox 1361 1949 2385 2003; baseline 0.003 -15"><span class='ocrx_word' id='word_1_535' title='bbox 1361 1949 1647 1998; x_wconf 75' lang='lat' dir='ltr'>abundantiae,</span> <span class='ocrx_word' id='word_1_536' title='bbox 1671 1950 1778 1990; x_wconf 85' lang='lat' dir='ltr'>sicut</span> <span class='ocrx_word' id='word_1_537' title='bbox 1805 1950 1897 2000; x_wconf 83' lang='lat' dir='ltr'>hic3</span> <span class='ocrx_word' id='word_1_538' title='bbox 1929 1953 1970 1991; x_wconf 90' lang='lat' dir='ltr'>et</span> <span class='ocrx_word' id='word_1_539' title='bbox 1995 1950 2076 1990; x_wconf 90' lang='lat' dir='ltr'>hoc</span> <span class='ocrx_word' id='word_1_540' title='bbox 2101 1952 2271 2003; x_wconf 86' lang='lat' dir='ltr'>propter</span> <span class='ocrx_word' id='word_1_541' title='bbox 2296 1962 2385 1991; x_wconf 88' lang='lat' dir='ltr'>ma-</span> 
     </span>
     <span class='ocr_line' id='line_1_75' title="bbox 1353 2019 2384 2073; baseline 0.002 -14"><span class='ocrx_word' id='word_1_542' title='bbox 1353 2021 1495 2072; x_wconf 86' lang='lat' dir='ltr'>jorem</span> <span class='ocrx_word' id='word_1_543' title='bbox 1524 2019 1746 2072; x_wconf 79' lang='lat' dir='ltr'>Evangelii</span> <span class='ocrx_word' id='word_1_544' title='bbox 1775 2021 2071 2073; x_wconf 86' lang='lat' dir='ltr'>perfectionem</span> <span class='ocrx_word' id='word_1_545' title='bbox 2098 2024 2138 2060; x_wconf 85' lang='lat' dir='ltr'>et</span> <span class='ocrx_word' id='word_1_546' title='bbox 2167 2021 2384 2062; x_wconf 87' lang='lat' dir='ltr'>abundan-</span> 
     </span>
     <span class='ocr_line' id='line_1_76' title="bbox 1358 2089 2387 2140; baseline 0.003 -11"><span class='ocrx_word' id='word_1_547' title='bbox 1358 2089 1526 2140; x_wconf 89' lang='lat' dir='ltr'>tiorem,</span> <span class='ocrx_word' id='word_1_548' title='bbox 1558 2091 1790 2131; x_wconf 88' lang='lat' dir='ltr'>secundum</span> <span class='ocrx_word' id='word_1_549' title='bbox 1820 2091 1925 2131; x_wconf 87' lang='lat' dir='ltr'>illud</span> <span class='ocrx_word' id='word_1_550' title='bbox 1951 2092 1977 2115; x_wconf 75' lang='lat'>¹⁸</span> <span class='ocrx_word' id='word_1_551' title='bbox 2006 2105 2014 2132; x_wconf 78' lang='lat' dir='ltr'><strong><em>z</em></strong></span> <span class='ocrx_word' id='word_1_552' title='bbox 2043 2090 2169 2132; x_wconf 86' lang='lat' dir='ltr'>«Nisi</span> <span class='ocrx_word' id='word_1_553' title='bbox 2197 2091 2387 2132; x_wconf 84' lang='lat' dir='ltr'>abunda-</span> 
     </span>
     <span class='ocr_line' id='line_1_77' title="bbox 1359 2161 2387 2214; baseline 0.001 -13"><span class='ocrx_word' id='word_1_554' title='bbox 1359 2161 1467 2201; x_wconf 86' lang='lat' dir='ltr'>verit</span> <span class='ocrx_word' id='word_1_555' title='bbox 1482 2161 1646 2213; x_wconf 88' lang='lat' dir='ltr'>justitia</span> <span class='ocrx_word' id='word_1_556' title='bbox 1673 2165 1814 2203; x_wconf 88' lang='lat' dir='ltr'>vestra</span> <span class='ocrx_word' id='word_1_557' title='bbox 1834 2162 2061 2214; x_wconf 85' lang='lat' dir='ltr'>plusquam</span> <span class='ocrx_word' id='word_1_558' title='bbox 2084 2162 2327 2203; x_wconf 87' lang='lat' dir='ltr'>Scribarum</span> <span class='ocrx_word' id='word_1_559' title='bbox 2347 2164 2387 2203; x_wconf 89' lang='lat' dir='ltr'>et</span> 
     </span>
     <span class='ocr_line' id='line_1_78' title="bbox 1360 2230 2386 2285; baseline 0.002 -13"><span class='ocrx_word' id='word_1_560' title='bbox 1360 2230 1691 2282; x_wconf 81' lang='lat' dir='ltr'>Pharisaeorum,</span> <span class='ocrx_word' id='word_1_561' title='bbox 1709 2244 1795 2272; x_wconf 90' lang='lat' dir='ltr'>non</span> <span class='ocrx_word' id='word_1_562' title='bbox 1814 2232 2022 2273; x_wconf 86' lang='lat' dir='ltr'>intrabitis</span> <span class='ocrx_word' id='word_1_563' title='bbox 2041 2232 2084 2272; x_wconf 88' lang='lat' dir='ltr'>in</span> <span class='ocrx_word' id='word_1_564' title='bbox 2103 2245 2287 2285; x_wconf 83' lang='lat' dir='ltr'>regnum</span> <span class='ocrx_word' id='word_1_565' title='bbox 2307 2244 2386 2275; x_wconf 80' lang='lat' dir='ltr'>cce-</span> 
     </span>
     <span class='ocr_line' id='line_1_79' title="bbox 1358 2301 2382 2355; baseline 0.004 -15"><span class='ocrx_word' id='word_1_566' title='bbox 1358 2301 1513 2341; x_wconf 88' lang='lat' dir='ltr'>lorum.</span> <span class='ocrx_word' id='word_1_567' title='bbox 1542 2315 1561 2338; x_wconf 86' lang='lat'>»</span> <span class='ocrx_word' id='word_1_568' title='bbox 1587 2301 1660 2343; x_wconf 88' lang='lat' dir='ltr'>Vel</span> <span class='ocrx_word' id='word_1_569' title='bbox 1685 2306 1854 2355; x_wconf 86' lang='lat' dir='ltr'>propter</span> <span class='ocrx_word' id='word_1_570' title='bbox 1874 2303 2125 2355; x_wconf 80' lang='lat' dir='ltr'>mysterium</span> <span class='ocrx_word' id='word_1_571' title='bbox 2150 2317 2159 2344; x_wconf 87' lang='lat'>:</span> <span class='ocrx_word' id='word_1_572' title='bbox 2183 2304 2251 2344; x_wconf 91' lang='lat' dir='ltr'>isti</span> <span class='ocrx_word' id='word_1_573' title='bbox 2271 2303 2382 2344; x_wconf 89' lang='lat' dir='ltr'>enim</span> 
     </span>
     <span class='ocr_line' id='line_1_80' title="bbox 1359 2371 2386 2427; baseline 0.004 -16"><span class='ocrx_word' id='word_1_574' title='bbox 1359 2371 1578 2412; x_wconf 88' lang='lat' dir='ltr'>duodecim</span> <span class='ocrx_word' id='word_1_575' title='bbox 1607 2372 1777 2424; x_wconf 89' lang='lat' dir='ltr'>cophini</span> <span class='ocrx_word' id='word_1_576' title='bbox 1805 2373 1979 2424; x_wconf 80' lang='lat' dir='ltr'>signant</span> <span class='ocrx_word' id='word_1_577' title='bbox 1999 2373 2217 2414; x_wconf 85' lang='lat' dir='ltr'>duodecim</span> <span class='ocrx_word' id='word_1_578' title='bbox 2249 2374 2386 2427; x_wconf 88' lang='lat' dir='ltr'>Apos-</span> 
     </span>
     <span class='ocr_line' id='line_1_81' title="bbox 1357 2441 2382 2494; baseline 0.004 -13"><span class='ocrx_word' id='word_1_579' title='bbox 1357 2441 1477 2482; x_wconf 88' lang='lat' dir='ltr'>tolos.</span> <span class='ocrx_word' id='word_1_580' title='bbox 1498 2442 1673 2494; x_wconf 88' lang='lat' dir='ltr'>Cophini</span> <span class='ocrx_word' id='word_1_581' title='bbox 1704 2445 1802 2483; x_wconf 88' lang='lat' dir='ltr'>sunt</span> <span class='ocrx_word' id='word_1_582' title='bbox 1834 2455 1933 2483; x_wconf 85' lang='lat' dir='ltr'>vasa</span> <span class='ocrx_word' id='word_1_583' title='bbox 1956 2443 2135 2484; x_wconf 88' lang='lat' dir='ltr'>humilia</span> <span class='ocrx_word' id='word_1_584' title='bbox 2145 2458 2155 2494; x_wconf 89' lang='lat'>;</span> <span class='ocrx_word' id='word_1_585' title='bbox 2179 2447 2220 2485; x_wconf 90' lang='lat' dir='ltr'>et</span> <span class='ocrx_word' id='word_1_586' title='bbox 2247 2444 2291 2484; x_wconf 91' lang='lat' dir='ltr'>hi</span> <span class='ocrx_word' id='word_1_587' title='bbox 2316 2457 2382 2485; x_wconf 90' lang='lat' dir='ltr'>re-</span> 
     </span>
     <span class='ocr_line' id='line_1_82' title="bbox 1357 2512 2383 2567; baseline 0.005 -16"><span class='ocrx_word' id='word_1_588' title='bbox 1357 2512 1457 2564; x_wconf 89' lang='lat' dir='ltr'>pleti</span> <span class='ocrx_word' id='word_1_589' title='bbox 1483 2515 1582 2553; x_wconf 89' lang='lat' dir='ltr'>sunt</span> <span class='ocrx_word' id='word_1_590' title='bbox 1613 2513 1860 2564; x_wconf 82' lang='lat' dir='ltr'>fragmentis</span> <span class='ocrx_word' id='word_1_591' title='bbox 1886 2513 2074 2566; x_wconf 86' lang='lat' dir='ltr'>quinque</span> <span class='ocrx_word' id='word_1_592' title='bbox 2105 2526 2264 2567; x_wconf 88' lang='lat' dir='ltr'>panum</span> <span class='ocrx_word' id='word_1_593' title='bbox 2283 2515 2383 2556; x_wconf 89' lang='lat' dir='ltr'>hor-</span> 
     </span>
     <span class='ocr_line' id='line_1_83' title="bbox 1358 2582 2384 2638; baseline 0.004 -16"><span class='ocrx_word' id='word_1_594' title='bbox 1358 2582 1623 2632; x_wconf 85' lang='lat' dir='ltr'>deaceorum,</span> <span class='ocrx_word' id='word_1_595' title='bbox 1648 2583 1691 2624; x_wconf 85' lang='lat' dir='ltr'>id</span> <span class='ocrx_word' id='word_1_596' title='bbox 1715 2586 1790 2634; x_wconf 86' lang='lat' dir='ltr'>est,</span> <span class='ocrx_word' id='word_1_597' title='bbox 1814 2584 2002 2625; x_wconf 86' lang='lat' dir='ltr'>doctrina</span> <span class='ocrx_word' id='word_1_598' title='bbox 2032 2585 2220 2638; x_wconf 83' lang='lat' dir='ltr'>quinque</span> <span class='ocrx_word' id='word_1_599' title='bbox 2252 2585 2384 2627; x_wconf 88' lang='lat' dir='ltr'>libro-</span> 
     </span>
     <span class='ocr_line' id='line_1_84' title="bbox 1358 2653 2383 2707; baseline 0.004 -15"><span class='ocrx_word' id='word_1_600' title='bbox 1358 2665 1456 2693; x_wconf 88' lang='lat' dir='ltr'>rum</span> <span class='ocrx_word' id='word_1_601' title='bbox 1479 2653 1627 2706; x_wconf 76' lang='lat' dir='ltr'>Moysi,</span> <span class='ocrx_word' id='word_1_602' title='bbox 1650 2654 1700 2695; x_wconf 90' lang='lat' dir='ltr'>de</span> <span class='ocrx_word' id='word_1_603' title='bbox 1725 2655 1879 2707; x_wconf 88' lang='lat' dir='ltr'>quibus</span> <span class='ocrx_word' id='word_1_604' title='bbox 1900 2655 1927 2676; x_wconf 73' lang='lat'>¹⁶</span> <span class='ocrx_word' id='word_1_605' title='bbox 1950 2668 1960 2696; x_wconf 72' lang='grc' dir='ltr'>ε</span> <span class='ocrx_word' id='word_1_606' title='bbox 1989 2671 2007 2693; x_wconf 77' lang='grc' dir='ltr'>α</span> <span class='ocrx_word' id='word_1_607' title='bbox 2028 2655 2076 2695; x_wconf 89' lang='lat' dir='ltr'>In</span> <span class='ocrx_word' id='word_1_608' title='bbox 2096 2656 2267 2696; x_wconf 88' lang='lat' dir='ltr'>ecclesia</span> <span class='ocrx_word' id='word_1_609' title='bbox 2287 2657 2383 2697; x_wconf 92' lang='lat' dir='ltr'>volo</span> 
     </span>
    </p>
   </div>
   <div class='ocr_carea' id='block_1_6' title="bbox 2405 1320 2546 1591">
    <p class='ocr_par' dir='ltr' id='par_1_10' title="bbox 2405 1320 2546 1591">
     <span class='ocr_line' id='line_1_85' title="bbox 2433 1320 2546 1346; baseline 0.009 -1"><span class='ocrx_word' id='word_1_610' title='bbox 2433 1320 2546 1346; x_wconf 85' lang='lat' dir='ltr'>Duode-</span> 
     </span>
     <span class='ocr_line' id='line_1_86' title="bbox 2424 1360 2522 1386; baseline 0.01 -1"><span class='ocrx_word' id='word_1_611' title='bbox 2424 1360 2522 1386; x_wconf 89' lang='lat' dir='ltr'>narius</span> 
     </span>
     <span class='ocr_line' id='line_1_87' title="bbox 2406 1402 2544 1436; baseline 0 -9"><span class='ocrx_word' id='word_1_612' title='bbox 2406 1403 2449 1428; x_wconf 86' lang='lat' dir='ltr'>est</span> <span class='ocrx_word' id='word_1_613' title='bbox 2483 1402 2544 1436; x_wconf 82' lang='lat' dir='ltr'>pri-</span> 
     </span>
     <span class='ocr_line' id='line_1_88' title="bbox 2405 1449 2543 1469; baseline 0.007 -1"><span class='ocrx_word' id='word_1_614' title='bbox 2405 1449 2470 1468; x_wconf 88' lang='lat' dir='ltr'>mus</span> <span class='ocrx_word' id='word_1_615' title='bbox 2490 1450 2543 1469; x_wconf 83' lang='lat' dir='ltr'>nu-</span> 
     </span>
     <span class='ocr_line' id='line_1_89' title="bbox 2423 1491 2522 1509; baseline 0.01 -1"><span class='ocrx_word' id='word_1_616' title='bbox 2423 1491 2522 1509; x_wconf 83' lang='lat' dir='ltr'>merus</span> 
     </span>
     <span class='ocr_line' id='line_1_90' title="bbox 2428 1524 2522 1550; baseline 0.011 -1"><span class='ocrx_word' id='word_1_617' title='bbox 2428 1524 2522 1550; x_wconf 86' lang='lat' dir='ltr'>abun-</span> 
     </span>
     <span class='ocr_line' id='line_1_91' title="bbox 2431 1564 2514 1591; baseline 0.012 -1"><span class='ocrx_word' id='word_1_618' title='bbox 2431 1564 2514 1591; x_wconf 82' lang='lat' dir='ltr'>dans.</span> 
     </span>
    </p>
   </div>
   <div class='ocr_carea' id='block_1_7' title="bbox 1358 2723 2433 2778">
    <p class='ocr_par' dir='ltr' id='par_1_11' title="bbox 1358 2723 2433 2778">
     <span class='ocr_line' id='line_1_92' title="bbox 1358 2723 2433 2778; baseline 0.001 -15"><span class='ocrx_word' id='word_1_619' title='bbox 1358 2723 1545 2776; x_wconf 87' lang='lat' dir='ltr'>quinque</span> <span class='ocrx_word' id='word_1_620' title='bbox 1571 2725 1701 2765; x_wconf 87' lang='lat' dir='ltr'>verba</span> <span class='ocrx_word' id='word_1_621' title='bbox 1726 2737 1850 2765; x_wconf 90' lang='lat' dir='ltr'>sensu</span> <span class='ocrx_word' id='word_1_622' title='bbox 1874 2737 1967 2766; x_wconf 84' lang='lat' dir='ltr'>meo</span> <span class='ocrx_word' id='word_1_623' title='bbox 1990 2726 2123 2778; x_wconf 87' lang='lat' dir='ltr'>loqui,</span> <span class='ocrx_word' id='word_1_624' title='bbox 2144 2728 2192 2766; x_wconf 90' lang='lat' dir='ltr'>ut</span> <span class='ocrx_word' id='word_1_625' title='bbox 2217 2729 2257 2766; x_wconf 88' lang='lat' dir='ltr'>et</span> <span class='ocrx_word' id='word_1_626' title='bbox 2282 2727 2385 2767; x_wconf 88' lang='lat' dir='ltr'>alios</span> <span class='ocrx_word' id='word_1_627' title='bbox 2429 2761 2433 2764; x_wconf 87' lang='lat'>.</span> 
     </span>
    </p>
   </div>
   <div class='ocr_carea' id='block_1_8' title="bbox 1353 2793 2385 3260">
    <p class='ocr_par' dir='ltr' id='par_1_12' title="bbox 1353 2793 2385 3260">
     <span class='ocr_line' id='line_1_93' title="bbox 1357 2793 2385 2850; baseline 0.004 -17"><span class='ocrx_word' id='word_1_628' title='bbox 1357 2793 1581 2846; x_wconf 87' lang='lat' dir='ltr'>instruam,</span> <span class='ocrx_word' id='word_1_629' title='bbox 1609 2810 1628 2832; x_wconf 85' lang='lat'>»</span> <span class='ocrx_word' id='word_1_630' title='bbox 1663 2797 1739 2836; x_wconf 89' lang='lat' dir='ltr'>etc.</span> <span class='ocrx_word' id='word_1_631' title='bbox 1770 2796 1831 2835; x_wconf 84' lang='lat' dir='ltr'>Ex</span> <span class='ocrx_word' id='word_1_632' title='bbox 1851 2808 1935 2848; x_wconf 86' lang='lat' dir='ltr'>quo</span> <span class='ocrx_word' id='word_1_633' title='bbox 1965 2796 2091 2836; x_wconf 87' lang='lat' dir='ltr'>datur</span> <span class='ocrx_word' id='word_1_634' title='bbox 2120 2797 2256 2837; x_wconf 89' lang='lat' dir='ltr'>forma</span> <span class='ocrx_word' id='word_1_635' title='bbox 2280 2809 2385 2850; x_wconf 84' lang='lat' dir='ltr'>prae-</span> 
     </span>
     <span class='ocr_line' id='line_1_94' title="bbox 1357 2863 2383 2916; baseline 0.005 -13"><span class='ocrx_word' id='word_1_636' title='bbox 1357 2863 1606 2916; x_wconf 79' lang='lat' dir='ltr'>dicantibus,</span> <span class='ocrx_word' id='word_1_637' title='bbox 1629 2868 1780 2906; x_wconf 88' lang='lat' dir='ltr'>utnon</span> <span class='ocrx_word' id='word_1_638' title='bbox 1797 2878 1906 2907; x_wconf 89' lang='lat' dir='ltr'>nova</span> <span class='ocrx_word' id='word_1_639' title='bbox 1925 2870 1966 2906; x_wconf 87' lang='lat' dir='ltr'>et</span> <span class='ocrx_word' id='word_1_640' title='bbox 1991 2867 2042 2907; x_wconf 92' lang='lat' dir='ltr'>de</span> <span class='ocrx_word' id='word_1_641' title='bbox 2068 2867 2264 2908; x_wconf 91' lang='lat' dir='ltr'>cordibus</span> <span class='ocrx_word' id='word_1_642' title='bbox 2296 2868 2383 2909; x_wconf 88' lang='lat' dir='ltr'>suis</span> 
     </span>
     <span class='ocr_line' id='line_1_95' title="bbox 1356 2935 2381 2988; baseline 0.004 -13"><span class='ocrx_word' id='word_1_643' title='bbox 1356 2935 1644 2986; x_wconf 84' lang='lat' dir='ltr'>adinveniant,</span> <span class='ocrx_word' id='word_1_644' title='bbox 1667 2937 1768 2988; x_wconf 90' lang='lat' dir='ltr'>quia</span> <span class='ocrx_word' id='word_1_645' title='bbox 1786 2936 1988 2977; x_wconf 91' lang='lat' dir='ltr'>Dominus</span> <span class='ocrx_word' id='word_1_646' title='bbox 2019 2949 2104 2978; x_wconf 91' lang='lat' dir='ltr'>non</span> <span class='ocrx_word' id='word_1_647' title='bbox 2130 2939 2287 2980; x_wconf 88' lang='lat' dir='ltr'>creavit</span> <span class='ocrx_word' id='word_1_648' title='bbox 2305 2951 2381 2979; x_wconf 91' lang='lat' dir='ltr'>no-</span> 
     </span>
     <span class='ocr_line' id='line_1_96' title="bbox 1356 3007 2382 3059; baseline 0.004 -14"><span class='ocrx_word' id='word_1_649' title='bbox 1356 3016 1432 3045; x_wconf 88' lang='lat' dir='ltr'>vos</span> <span class='ocrx_word' id='word_1_650' title='bbox 1452 3018 1580 3058; x_wconf 87' lang='lat' dir='ltr'>panes</span> <span class='ocrx_word' id='word_1_651' title='bbox 1602 3007 1653 3047; x_wconf 89' lang='lat' dir='ltr'>ad</span> <span class='ocrx_word' id='word_1_652' title='bbox 1678 3007 1945 3047; x_wconf 86' lang='lat' dir='ltr'>reficiendam</span> <span class='ocrx_word' id='word_1_653' title='bbox 1966 3009 2156 3059; x_wconf 89' lang='lat' dir='ltr'>turbam;</span> <span class='ocrx_word' id='word_1_654' title='bbox 2179 3009 2251 3049; x_wconf 88' lang='lat' dir='ltr'>sed</span> <span class='ocrx_word' id='word_1_655' title='bbox 2275 3009 2382 3049; x_wconf 91' lang='lat' dir='ltr'>sicut</span> 
     </span>
     <span class='ocr_line' id='line_1_97' title="bbox 1355 3075 2382 3130; baseline 0.003 -14"><span class='ocrx_word' id='word_1_656' title='bbox 1355 3075 1558 3117; x_wconf 89' lang='lat' dir='ltr'>Dominus</span> <span class='ocrx_word' id='word_1_657' title='bbox 1592 3077 1884 3130; x_wconf 88' lang='lat' dir='ltr'>multiplicavit</span> <span class='ocrx_word' id='word_1_658' title='bbox 1920 3078 2062 3119; x_wconf 90' lang='lat' dir='ltr'>divina</span> <span class='ocrx_word' id='word_1_659' title='bbox 2096 3079 2382 3120; x_wconf 87' lang='lat' dir='ltr'>benedictione</span> 
     </span>
     <span class='ocr_line' id='line_1_98' title="bbox 1354 3147 2380 3200; baseline 0.002 -13"><span class='ocrx_word' id='word_1_660' title='bbox 1354 3147 1544 3200; x_wconf 88' lang='lat' dir='ltr'>quinque</span> <span class='ocrx_word' id='word_1_661' title='bbox 1561 3160 1690 3200; x_wconf 88' lang='lat' dir='ltr'>panes</span> <span class='ocrx_word' id='word_1_662' title='bbox 1709 3148 1977 3198; x_wconf 84' lang='lat' dir='ltr'>hordeaceos,</span> <span class='ocrx_word' id='word_1_663' title='bbox 1999 3149 2059 3189; x_wconf 92' lang='lat' dir='ltr'>sic</span> <span class='ocrx_word' id='word_1_664' title='bbox 2078 3150 2217 3189; x_wconf 89' lang='lat' dir='ltr'>omnis</span> <span class='ocrx_word' id='word_1_665' title='bbox 2243 3150 2380 3190; x_wconf 90' lang='lat' dir='ltr'>abun-</span> 
     </span>
     <span class='ocr_line' id='line_1_99' title="bbox 1353 3217 2378 3260; baseline 0.001 -2"><span class='ocrx_word' id='word_1_666' title='bbox 1353 3217 1496 3258; x_wconf 88' lang='lat' dir='ltr'>dantia</span> <span class='ocrx_word' id='word_1_667' title='bbox 1515 3230 1628 3260; x_wconf 84' lang='lat' dir='ltr'>verae</span> <span class='ocrx_word' id='word_1_668' title='bbox 1648 3218 1848 3259; x_wconf 71' lang='lat' dir='ltr'>doctrinae</span> <span class='ocrx_word' id='word_1_669' title='bbox 1875 3220 1986 3260; x_wconf 89' lang='lat' dir='ltr'>sumi</span> <span class='ocrx_word' id='word_1_670' title='bbox 2008 3220 2130 3260; x_wconf 89' lang='lat' dir='ltr'>debet</span> <span class='ocrx_word' id='word_1_671' title='bbox 2157 3232 2209 3259; x_wconf 88' lang='lat' dir='ltr'>ex</span> <span class='ocrx_word' id='word_1_672' title='bbox 2229 3219 2378 3260; x_wconf 89' lang='lat' dir='ltr'>funda-</span> 
     </span>
    </p>
   </div>
   <div class='ocr_carea' id='block_1_9' title="bbox 1352 3339 2378 3429">
    <p class='ocr_par' dir='ltr' id='par_1_13' title="bbox 1352 3339 2378 3429">
     <span class='ocr_line' id='line_1_100' title="bbox 1353 3339 2378 3381; baseline 0 -11"><span class='ocrx_word' id='word_1_673' title='bbox 1353 3339 1378 3361; x_wconf 73' lang='lat'>12</span> <span class='ocrx_word' id='word_1_674' title='bbox 1397 3339 1534 3378; x_wconf 68' lang='lat' dir='ltr'>Mami„</span> <span class='ocrx_word' id='word_1_675' title='bbox 1558 3347 1589 3379; x_wconf 85' lang='lat' dir='ltr'>V,</span> <span class='ocrx_word' id='word_1_676' title='bbox 1617 3341 1647 3371; x_wconf 85' lang='grc'>6.</span> <span class='ocrx_word' id='word_1_677' title='bbox 1667 3357 1707 3362; x_wconf 88' lang='grc'><strong>-</strong></span> <span class='ocrx_word' id='word_1_678' title='bbox 1728 3340 1752 3360; x_wconf 79' lang='lat'>¹³</span> <span class='ocrx_word' id='word_1_679' title='bbox 1772 3340 1893 3380; x_wconf 80' lang='lat' dir='ltr'>Eccle.‚</span> <span class='ocrx_word' id='word_1_680' title='bbox 1920 3349 1951 3380; x_wconf 85' lang='lat' dir='ltr'>v,</span> <span class='ocrx_word' id='word_1_681' title='bbox 1978 3343 2027 3373; x_wconf 77' lang='lat'>11.</span> <span class='ocrx_word' id='word_1_682' title='bbox 2048 3357 2086 3363; x_wconf 88' lang='lat'><em>-</em></span> <span class='ocrx_word' id='word_1_683' title='bbox 2106 3340 2133 3363; x_wconf 62' lang='lat'>1⁶</span> <span class='ocrx_word' id='word_1_684' title='bbox 2153 3340 2193 3372; x_wconf 81' lang='lat' dir='ltr'>lv</span> <span class='ocrx_word' id='word_1_685' title='bbox 2217 3341 2307 3380; x_wconf 66' lang='grc' dir='ltr'>Κεφ,</span> <span class='ocrx_word' id='word_1_686' title='bbox 2331 3348 2378 3381; x_wconf 88' lang='lat' dir='ltr'>1v,</span> 
     </span>
     <span class='ocr_line' id='line_1_101' title="bbox 1352 3386 2279 3429; baseline 0.002 -11"><span class='ocrx_word' id='word_1_687' title='bbox 1352 3387 1404 3427; x_wconf 79' lang='lat'>43,</span> <span class='ocrx_word' id='word_1_688' title='bbox 1424 3387 1475 3417; x_wconf 85' lang='lat'>44.</span> <span class='ocrx_word' id='word_1_689' title='bbox 1497 3404 1538 3410; x_wconf 93' lang='lat'><em>-</em></span> <span class='ocrx_word' id='word_1_690' title='bbox 1557 3386 1584 3409; x_wconf 78' lang='lat'>¹⁵</span> <span class='ocrx_word' id='word_1_691' title='bbox 1604 3387 1741 3426; x_wconf 66' lang='lat' dir='ltr'>Mami„</span> <span class='ocrx_word' id='word_1_692' title='bbox 1762 3395 1795 3427; x_wconf 93' lang='lat' dir='ltr'>v,</span> <span class='ocrx_word' id='word_1_693' title='bbox 1815 3390 1864 3420; x_wconf 77' lang='lat'>20.</span> <span class='ocrx_word' id='word_1_694' title='bbox 1888 3405 1928 3411; x_wconf 89' lang='lat'><em>-</em></span> <span class='ocrx_word' id='word_1_695' title='bbox 1949 3388 1974 3409; x_wconf 78' lang='lat'>¹⁶</span> <span class='ocrx_word' id='word_1_696' title='bbox 1994 3389 2004 3419; x_wconf 89' lang='lat' dir='ltr'>l</span> <span class='ocrx_word' id='word_1_697' title='bbox 2027 3387 2118 3429; x_wconf 62' lang='lat' dir='ltr'>Cor„</span> <span class='ocrx_word' id='word_1_698' title='bbox 2137 3395 2209 3427; x_wconf 78' lang='lat' dir='ltr'>xiv,</span> <span class='ocrx_word' id='word_1_699' title='bbox 2231 3389 2279 3421; x_wconf 81' lang='lat'>19.</span> 
     </span>
    </p>
   </div>
   <div class='ocr_carea' id='block_1_10' title="bbox 1393 3442 1828 3484">
    <p class='ocr_par' dir='ltr' id='par_1_14' title="bbox 1393 3442 1828 3484">
     <span class='ocr_line' id='line_1_102' title="bbox 1393 3442 1828 3484; baseline 0.005 -12"><span class='ocrx_word' id='word_1_700' title='bbox 1393 3442 1437 3482; x_wconf 76' lang='lat' dir='ltr'>(a)</span> <span class='ocrx_word' id='word_1_701' title='bbox 1459 3442 1540 3474; x_wconf 81' lang='lat' dir='ltr'>Caet.</span> <span class='ocrx_word' id='word_1_702' title='bbox 1566 3442 1645 3474; x_wconf 86' lang='lat' dir='ltr'>edit.</span> <span class='ocrx_word' id='word_1_703' title='bbox 1667 3444 1828 3484; x_wconf 62' lang='lat' dir='ltr'>suspexit.</span> 
     </span>
    </p>
   </div>
   <div class='ocr_carea' id='block_1_11' title="bbox 2421 2875 2542 2983">
    <p class='ocr_par' dir='ltr' id='par_1_15' title="bbox 2421 2875 2542 2983">
     <span class='ocr_line' id='line_1_103' title="bbox 2441 2875 2542 2901; baseline 0 -1"><span class='ocrx_word' id='word_1_704' title='bbox 2441 2875 2542 2901; x_wconf 51' lang='lat' dir='ltr'>Praedt</span> 
     </span>
     <span class='ocr_line' id='line_1_104' title="bbox 2430 2916 2514 2941; baseline 0.012 -1"><span class='ocrx_word' id='word_1_705' title='bbox 2430 2916 2514 2941; x_wconf 79' lang='lat' dir='ltr'>candi</span> 
     </span>
     <span class='ocr_line' id='line_1_105' title="bbox 2421 2957 2522 2983; baseline -0.01 0"><span class='ocrx_word' id='word_1_706' title='bbox 2421 2957 2522 2983; x_wconf 81' lang='lat' dir='ltr'>forma.</span> 
     </span>
    </p>
   </div>
  </div>
 </body>
</html>
