2634 3853
202 35 280 76 264

202 125 359 164 trantes
379 124 524 163 autem
548 121 591 162 in
614 122 811 173 domum,
840 123 1014 164 salutate
1040 135 1133 163 eam
1162 123 1228 162 di-

203 197 365 236 centes:
389 194 476 235 Pax
495 194 596 234 huic
616 194 773 234 domui.
799 208 818 231 ›>

257 270 322 308 15.
355 268 413 308 Ec
446 267 605 317 factum
636 269 717 315 est,
749 270 796 307 ut
831 265 1115 307 discesserunt
1149 277 1227 307 αη-

203 337 311 390 qeli,
334 340 412 378 ete.
438 336 666 388 Postquam
697 336 914 387 descripsit
941 335 1226 387 Evangelista,

204 408 383 461 qualiter
407 407 558 448 Christi
588 406 785 445 nativitas
812 405 892 445 fuit
917 409 1226 457 consummata,

203 481 243 520 et
266 478 444 531 qualiter
464 488 538 529 per
557 476 730 527 angelos
758 475 1030 526 denuntiata3
1052 477 1121 517 hic
1138 479 1229 530 jam

201 550 324 590 tertio
356 547 574 597 describit,
609 546 789 599 qualiter
821 559 896 599 per
932 550 1119 599 pastores
1153 550 1231 589 fuit

202 619 423 670 divulgata
454 632 462 657 ε
498 616 611 669 quod
643 616 815 669 quidem
850 618 1008 658 factum
1039 622 1102 659 est
1133 619 1229 659 dili-

203 690 349 742 gentia
371 688 582 742 pastorali.
609 687 660 728 Et
686 688 778 729 haec
804 692 1022 742 pastorum
1047 689 1230 742 diligen-

201 761 259 801 tia
277 760 330 800 ab
347 759 617 812 Evangelista
633 759 868 800 ostenditur
885 760 1230 800 commendabilis

201 832 246 872 in
264 831 400 872 tribus
422 845 430 872 z
460 831 599 884 primo
627 830 783 871 scilicet
808 843 833 871 a
857 831 1136 872 sollicitudine
1165 831 1231 871 in-

201 903 458 956 quisitionis;
481 903 679 953 secundo,
703 916 728 942 a
750 903 999 943 certitudine
1019 903 1229 944 inventio-

202 974 281 1024 nis,
304 974 362 1013 ibi
385 974 440 1025 (v.
463 974 525 1025 16)
550 973 628 1015 :Et
644 974 896 1015 invenerunt
910 974 1112 1024 Mariam,
1131 977 1228 1025 etc.;

201 1044 325 1085 tertio
351 1055 473 1094 vero,
506 1056 531 1084 a
557 1043 818 1096 gratitudine
847 1044 1102 1096 devotionis,
1132 1046 1189 1086 ibi
1220 1061 1228 1087 :

201 1116 263 1158 Et
281 1116 439 1157 reversi
462 1119 578 1157 sunt.
607 1114 852 1156 Sollicitudo
879 1118 1023 1156 autem
1051 1116 1229 1168 inquisi-

201 1185 327 1226 tionis
347 1185 391 1225 in
421 1185 659 1238 pastoribus
679 1186 999 1227 commendatur
1025 1199 1050 1227 a
1078 1187 1229 1239 tribus,

203 1257 357 1298 scilicet
376 1269 401 1297 a
420 1256 707 1297 vicissitudine
726 1256 1049 1308 exhortationis,
1071 1270 1095 1298 a
1114 1259 1234 1299 recti-

203 1327 351 1368 tudine
371 1327 678 1378 intentionis,et
695 1339 719 1367 a
735 1328 1066 1380 promptitudine
1083 1340 1232 1370 execu-

204 1398 345 1439 tionis.
379 1397 596 1447 Quantum
625 1398 678 1439 ad
705 1397 1039 1439 vicissitudinem
1071 1402 1233 1441 mutuae

205 1468 535 1518 exhortationis,
565 1468 717 1509 dicitur
748 1482 757 1509 :
788 1470 847 1510 Et
880 1470 1040 1520 factum
1071 1475 1151 1520 est,
1188 1475 1234 1513 ut

204 1540 492 1583 discesserunt
517 1539 567 1580 ab
588 1540 649 1580 eis
669 1539 812 1591 emach·
832 1540 881 1580 in
900 1540 1068 1592 coelmn,
1087 1546 1234 1593 pasto-

204 1622 268 1654 res
288 1611 566 1663 loquebamur
586 1610 643 1652 acl
666 1611 871 1661 invicem,
895 1611 1051 1652 scilicet
1079 1625 1122 1652 se
1142 1626 1236 1654 mu-

204 1685 280 1723 tuo
300 1681 574 1728 cohortando,
600 1682 833 1721 secundum
852 1681 955 1722 illud
970 1684 981 1704 1
1003 1695 1010 1721 :
1034 1698 1053 1720 (1
1072 1682 1230 1736 Videte,

204 1754 376 1804 fratres,
394 1752 620 1805 nequando
643 1751 695 1791 sit
719 1751 764 1791 in
790 1751 932 1804 aliquo
951 1755 1143 1793 vestrum
1164 1767 1236 1795 cor

205 1825 367 1865 malum
420 1823 724 1864 incredulitatis
740 1854 749 1872 ,
799 1823 1037 1864 discedendi
1081 1837 1106 1864 a
1153 1825 1235 1866 Deo

204 1895 328 1944 vivo;
353 1895 424 1935 sed
444 1894 727 1935 adhortamini
747 1894 1025 1947 vosmetipsos
1051 1907 1126 1947 per
1149 1896 1236 1935 sin-

205 1965 332 2018 gulos
351 1965 459 2015 dies,
482 1980 500 2003 ))
527 1968 604 2006 etc.
626 1964 676 2005 Et
695 1965 775 2005 1100
798 1967 933 2015 recte,
956 1965 1056 2018 quia
1073 1966 1087 1987 2
1112 1982 1131 2004 «
1149 1967 1235 2007 fer-

204 2047 304 2077 rum
329 2037 440 2076 ferro
473 2036 640 2076 acuitur
667 2036 735 2088 (a),
764 2038 806 2077 et
833 2036 964 2076 homo
989 2037 1156 2078 exacuit
1174 2038 1236 2078 fa-

206 2106 312 2147 ciem
333 2107 457 2147 amici
478 2107 558 2147 sui.
582 2121 602 2144 »

259 2176 474 2227 Quantum
503 2189 604 2219 vero
631 2178 684 2218 ad
708 2178 1004 2218 rectitudinem
1034 2179 1233 2221 intentio-

206 2249 295 2299 nis,
319 2248 458 2289 subdit
477 2249 660 2289 secundo
682 2261 692 2289 z
721 2249 1002 2291 Transeamus
1028 2261 1157 2303 usque
1188 2253 1236 2293 in

205 2319 456 2370 Bethlehem,
487 2323 524 2361 et
551 2319 776 2362 videamus
800 2321 872 2362 1100
901 2321 1091 2373 verbum,
1124 2324 1237 2375 quod

207 2390 367 2441 factum
386 2393 458 2432 est.
487 2390 584 2431 Ideo
603 2391 803 2432 volebant
823 2392 1001 2434 transire
1016 2425 1026 2442 ,
1051 2397 1099 2434 ut
1118 2395 1236 2435 vide-

187 2465 322 2512 'rent,
352 2462 461 2502 sicut
485 2462 648 2515 Moyses
667 2463 680 2484 ³
709 2477 717 2503 :
753 2478 771 2501 (1
799 2462 988 2514 Vadam,
1018 2467 1059 2505 et
1084 2466 1235 2507 videbo

207 2532 415 2572 visionem
432 2533 544 2573 hanc
564 2545 784 2584 magnam.
808 2548 826 2571 n
845 2534 902 2576 Ec
921 2535 1144 2578 videamus
1162 2536 1235 2579 hoc

207 2602 379 2645 verbum
397 2603 511 2656 quod
529 2605 696 2655 factum
715 2609 789 2655 esc,
807 2605 846 2645 id
860 2609 935 2656 est,
951 2618 1042 2646 rem
1058 2607 1234 2659 dignam

208 2671 362 2723 Verbo,
395 2674 462 2714 vel
496 2678 605 2715 certe
633 2674 1020 2730 Verbumcarnem
1053 2678 1234 2727 factum,

207 2744 441 2785 secundum
469 2744 573 2786 illud
599 2748 613 2770 ⁸
644 2760 653 2785 :
690 2761 709 2784 «
737 2745 925 2787 Verbum
957 2759 1054 2788 caro
1079 2748 1235 2789 factum

207 2816 293 2864 est,
316 2817 359 2856 et
383 2815 590 2857 habitavit
611 2816 655 2856 in
684 2817 832 2867 nobis;
862 2821 903 2858 et
931 2819 1119 2860 vidimus
1147 2820 1236 2872 glo—

206 2884 314 2925 riam
341 2887 447 2938 eJus.
476 2899 496 2922 n
521 2886 721 2937 Factum,
750 2888 947 2942 inquam,
970 2902 1055 2930 non
1076 2891 1128 2931 ab
1155 2891 1233 2932 ho-

205 2955 342 3005 mine,
370 2956 442 2996 sed
469 2968 495 2996 a
522 2956 620 2997 Deo.
651 2957 767 2999 Unde
798 2959 912 3000 addit
939 2972 949 3000 :
988 2961 1106 3007 Quod
1137 2962 1237 3013 fecit

205 3024 435 3077 Dominus,
464 3026 506 3067 id
525 3029 608 3077 est,
629 3030 717 3069 tota
743 3028 940 3070 Trinitas.
967 3035 980 3057 ὅ
1006 3046 1026 3070 a
1046 3031 1151 3072 Cum
1174 3033 1232 3073 fe-

205 3097 312 3138 ceris
338 3097 571 3149 mirabilia,
597 3110 684 3139 non
715 3100 1019 3143 sustinebimus
1034 3117 1044 3152 ;
1072 3103 1237 3145 descen-

245 3179 255 3199 ¹
280 3177 392 3217 Hebr.,
421 3186 479 3219 111,
501 3180 552 3211 12.
572 3196 612 3203 —
635 3179 646 3197 ²
667 3180 782 3221 Prov„
805 3188 920 3222 xxvu,
951 3185 999 3215 17.
1017 3200 1057 3207 —
1076 3184 1090 3206 3
1114 3185 1236 3227 Erod„

205 3234 265 3266 111,
291 3229 323 3259 3.
343 3245 384 3252 -
402 3229 414 3247 ⁴
432 3229 542 3268 Joan„
558 3236 588 3269 1,
612 3230 661 3260 14.
682 3246 722 3253 —
747 3230 760 3252 5
789 3231 869 3271 Isa„
895 3239 988 3266 lxiv,
1015 3234 1033 3263 3
1055 3234 1177 3274 etseq.
1196 3251 1236 3257 -

205 3273 219 3294 ⁶
238 3273 331 3306 Psal.
355 3282 497 3315 mxxxiv,
516 3276 548 3308 8.
561 3292 603 3300 —
623 3277 633 3295 ⁷
652 3276 743 3309 Psal.
767 3283 821 3316 xc,
843 3279 893 3310 16.
910 3295 952 3302 -
970 3279 981 3297 ⁸
1000 3279 1112 3320 Prov„
1138 3288 1184 3320 ix,
1204 3282 1233 3311 9.

206 3338 245 3344 —
267 3321 281 3343 ⁹
302 3321 400 3362 lbid.,
423 3330 518 3364 xxn,
537 3325 588 3356 29.
615 3340 655 3348 —
679 3324 705 3346 ¹⁶
731 3323 845 3363 Helm,
867 3333 912 3365 lv,
939 3328 987 3358 11.
1008 3343 1048 3350 -
1068 3327 1091 3348 ¹¹
1117 3327 1237 3366 Eccli.,

928 33 1211 76 EVANGELH
1242 34 1427 76 SANCTI
1454 36 1605 78 -LUCAE

1304 125 1422 176 disti,
1457 130 1497 166 et
1534 139 1559 166 a
1594 126 1696 166 facie
1732 129 1806 166 tua
1843 130 2006 169 montes
2043 129 2327 171 defluxerunt.

1304 194 1341 234 A
1356 195 1510 236 saeculo
1527 208 1612 237 non
1629 196 1869 247 audierunt,
1886 210 2023 251 neque
2043 200 2220 241 auribus
2239 211 2331 252 per-

1304 269 1527 317 ceperunt;
1561 266 1708 307 oculus
1740 278 1826 306 non
1856 267 1982 318 vidit,
2012 268 2142 319 Deus,
2171 270 2329 323 absque

1303 338 1363 385 te,
1391 347 1488 388 quae
1509 337 1756 389 praeparasti
1779 338 2096 390 expectantibus
2123 342 2177 379 te.
2199 354 2218 377 »
2244 339 2329 380 Nec

1303 408 1471 446 tantum
1506 407 1624 457 fecit,
1655 408 1727 448 sed
1763 410 1804 448 et
1841 407 2030 450 ostendit
2066 408 2200 450 nobis,
2243 408 2330 449 Hoc

1305 475 1451 516 orabat
1471 476 1598 517 David
1620 478 1760 518 dicens
1780 483 1792 503 ‘⁵
1816 492 1824 518 :
1856 492 1874 516 «
1895 478 2071 519 Ostende
2087 478 2232 528 nobiS,
2254 478 2332 518 Do-

1305 546 1439 596 mine,
1463 547 1794 588 misericordiam
1815 551 1956 598 tuam,
1979 562 1998 585 ›)
2024 551 2101 588 etc.
2127 547 2178 588 Et
2198 547 2335 588 Domi-

1305 629 1386 658 nus
1424 619 1631 670 promittit
1662 622 1708 658 ⁷:
1743 634 1762 656 «
1795 618 2019 660 Ostendam
2055 618 2116 658 illi
2153 618 2334 660 salutare

1305 699 1464 728 meum.
1486 702 1504 725 »

1359 758 1573 807 Quantum
1594 762 1735 800 autem
1757 761 1808 800 ad
1831 759 2208 813 promptitudinem
2235 772 2333 801 exe-

1306 829 1503 880 cutionis,
1535 830 1811 882 subJ'ungitur
1834 831 1894 883 (v.
1925 832 1992 879 16)
2020 845 2028 871 :
2052 831 2106 873 Ec
2130 836 2336 874 venerunt

1304 900 1575 951 festinantes.
1598 900 1650 940 Et
1668 901 1749 940 hoc
1767 904 1842 950 est,
1865 902 1976 954 quod
1997 902 2149 943 dicitur
2168 902 2182 923 ⁸
2203 917 2211 942 :
2240 918 2259 940 «
2277 903 2335 943 Da

1306 972 1485 1025 sapienti
1505 973 1784 1023 occasionem,
1806 976 1846 1013 et
1865 974 2042 1014 addetur
2059 975 2094 1014 ei
2114 975 2332 1027 sapientia.

1306 1043 1412 1084 Doce
1428 1045 1618 1096 ι1115111111,
1641 1046 1683 1083 et
1701 1043 1914 1085 festinabit
1934 1044 2136 1096 accipere.
2158 1058 2177 1082 »
2203 1045 2336 1086 Festi-

1305 1114 1452 1154 nantia
1476 1114 1653 1166 signum
1679 1117 1768 1154 erat
1794 1115 2140 1167 promptitudinis
2160 1116 2333 1157 interio-

1306 1185 1364 1226 ris
1384 1198 1469 1238 qua
1487 1185 1630 1226 divino
1656 1186 1899 1238 conspectui
1925 1186 2124 1227 volebant
2148 1198 2337 1239 praesen-

1306 1257 1386 1297 tari
1414 1260 1427 1281 ⁹
1462 1271 1470 1297 :
1508 1272 1526 1294 «
1562 1257 1707 1298 Vidisti
1738 1257 1882 1298 virum
1914 1257 2102 1298 velocem
2132 1257 2177 1298 in
2210 1270 2337 1310 opere

1308 1340 1404 1378 suo,
1429 1339 1570 1368 coram
1597 1328 1769 1379 regibus
1797 1328 1935 1369 stabit.
1957 1342 1976 1365 »
2005 1328 2120 1369 Unde
2144 1329 2338 1370 dicebant

1307 1399 1418 1439 intra
1444 1411 1487 1439 se
1508 1398 1612 1439 illud
1635 1398 1662 1420 111
1683 1413 1691 1438 :
1723 1414 1740 1437 ((
1754 1398 2018 1439 Festinemus
2038 1411 2143 1450 ergo
2168 1399 2339 1452 ingredi

1307 1470 1352 1509 in
1379 1469 1494 1509 illam
1519 1469 1727 1520 requiem,
1750 1483 1769 1505 »
1794 1471 1871 1510 etc.
1897 1469 2023 1519 Nota,
2048 1469 2161 1521 quod
2181 1470 2339 1510 volenti

1308 1538 1581 1591 spiritualiter
1618 1538 1829 1578 Christum
1868 1539 2064 1579 invenire
2081 1570 2090 1588 ,
2130 1539 2222 1579 haec
2258 1540 2339 1580 tria

1309 1612 1409 1649 sunt
1424 1610 1671 1659 necessaria,
1695 1609 1877 1650 scilicet:
1900 1613 1938 1650 1.
1959 1609 2146 1663 Colloqui
2165 1623 2240 1663 per
2256 1623 2340 1652 me-

1309 1680 1551 1721 ditationem
1567 1679 1882 1732 Scripturarum
1903 1681 1930 1702 11
1955 1695 1994 1720 ;((
2014 1681 2118 1721 Cum
2139 1681 2339 1734 sapienti—

1309 1751 1388 1792 bus
1408 1754 1449 1791 et
1466 1750 1746 1803 prudentibus
1766 1754 1918 1802 tracta,
1940 1754 1981 1792 et
2000 1752 2139 1792 omnis
2165 1765 2340 1793 enarra-

1308 1822 1368 1862 tio
1380 1824 1454 1862 tua
1469 1821 1521 1860 sit
1535 1821 1581 1861 in
1594 1821 1812 1874 praeceptis
1823 1821 2041 1863 Altissimi.
2055 1836 2073 1860 >³
2092 1825 2131 1863 2.
2146 1822 2341 1864 Transire

1308 1904 1384 1945 per
1403 1893 1800 1945 contemplationem
1821 1896 2112 1935 creaturarum
2137 1895 2165 1916 ¹2
2189 1897 2343 1936 :<‹Sur-

1311 1975 1429 2015 gam,
1445 1966 1487 2004 et
1504 1964 1688 2005 circuibo
1708 1964 1937 2016 civitatem,
1958 1978 2032 2018 per
2050 1965 2168 2007 vicos
2189 1969 2228 2007 et
2250 1967 2340 2019 pla-

1309 2038 1397 2075 teas
1418 2046 1625 2087 quaeram,
1647 2047 1774 2087 quem
1788 2035 1928 2087 diligit
1941 2037 2084 2077 anima
2103 2050 2212 2078 mea.
2232 2052 2252 2075 ›)
2272 2038 2343 2080 Se-

1310 2106 1459 2158 quitur
1470 2120 1478 2146 :
1489 2121 1508 2144 (1
1518 2105 1745 2146 Paululum
1760 2119 1858 2146 cum
1873 2108 2339 2161 pertransissem(b)eos,

1309 2176 1457 2216 inveni
1477 2188 1605 2229 quem
1625 2176 1764 2227 diligit
1784 2176 1927 2217 anima
1944 2189 2053 2217 mea.
2075 2192 2094 2215 1)
2112 2179 2141 2202 ¹³
2162 2193 2181 2216 «
2194 2178 2343 2220 Trans-

1310 2247 1367 2287 ite
1399 2247 1450 2287 ad
1483 2259 1551 2287 me
1571 2259 1741 2297 01111165,
1771 2247 1846 2299 qui
1879 2248 2172 2301 concupiscitis
2201 2262 2290 2301 me,
2318 2263 2343 2292 a

1312 2318 1662 2370 generationibus
1684 2318 1790 2358 meis
1809 2318 2112 2371 adimplemini.
2133 2334 2152 2357 »
2179 2323 2217 2361 3.
2242 2320 2343 2362 Fes-

1309 2390 1445 2431 tinare
1465 2402 1539 2443 per
1559 2390 1796 2442 gratiarum
1825 2390 2033 2431 actionem
2054 2390 2081 2412 1¹·
2103 2403 2113 2431 z
2140 2406 2158 2430 (1
2179 2391 2340 2444 Surge,

1311 2462 1447 2502 amica
1470 2474 1586 2512 mea,
1611 2463 1797 2515 speciosa
1820 2475 1928 2503 mea.
1957 2477 1976 2501 ›)
2002 2462 2053 2503 Et
2080 2466 2173 2516 post
2195 2478 2204 2504 z
2234 2479 2253 2502 «
2271 2464 2342 2506 Os-

1310 2533 1435 2573 tende
1460 2532 1744 2582 mihifaciem
1769 2536 1911 2584 tuam,
1942 2537 2062 2573 sonet
2091 2545 2176 2574 vox
2203 2537 2276 2574 tua
2298 2535 2340 2575 in

1311 2604 1485 2644 auribus
1506 2603 1611 2644 meis
1632 2618 1640 2644 :
1660 2615 1746 2643 vox
1761 2603 1873 2643 eni-m
1893 2605 1967 2644 tua
1987 2604 2134 2654 dulcis,
2157 2607 2197 2644 et
2216 2605 2342 2646 facies

1310 2677 1383 2715 tua
1415 2675 1578 2715 decora.
1607 2689 1627 2711 >›
1659 2673 1710 2714 Et
1736 2674 1762 2695 ¹⁵
1793 2687 1802 2713 t
1832 2688 1851 2712 ((
1882 2673 2102 2714 Pessulum
2131 2675 2226 2715 ostii
2259 2676 2341 2716 mei

1311 2746 1459 2799 aperui
1479 2745 1627 2786 dilecto
1648 2757 1758 2795 meo,
1777 2760 1795 2782 »
1812 2748 1891 2785 ete.
1914 2743 1964 2785 Et
1984 2745 2076 2785 ideo
2097 2756 2226 2798 supra
2247 2746 2274 2768 111
2291 2746 2342 2787 (16

1312 2817 1443 2858 Maria
1462 2816 1630 2867 dicitur,
1654 2816 1766 2868 quod
1793 2831 1811 2854 ((
1830 2815 1932 2855 abiit
1951 2815 1995 2855 in
2016 2817 2217 2856 montana
2243 2828 2341 2857 cum

1311 2887 1591 2929 festinatione.
1620 2901 1639 2925 »
1666 2887 1720 2928 Ec
1747 2888 2000 2928 invenerunt
2023 2886 2231 2937 Mariam,
2259 2890 2337 2927 etc.

1313 2959 1389 3000 Hic
1423 2959 1604 2999 secundo
1636 2958 1956 2998 commendatur
1994 2960 2213 3009 pastorum
2243 2957 2336 2998 dili-

1313 3030 1457 3083 gentia
1483 3042 1508 3069 a
1533 3028 1783 3070 certitudine
1802 3027 2079 3078 inventionis,
2103 3028 2225 3080 quus
2246 3028 2339 3069 laus

1312 3101 1519 3142 extribus
1543 3099 1776 3152 colligitur,
1801 3097 1955 3138 scilicet
1980 3097 2080 3150 quia
2109 3098 2186 3139 fuit
2211 3099 2340 3140 certi-

1311 3222 1362 3255 Jx,
1383 3216 1434 3246 21.
1454 3231 1493 3240 -
1513 3213 1540 3235 ¹²
1560 3213 1673 3253 Cant„
1694 3219 1746 3251 111,
1767 3213 1798 3251 2,
1817 3213 1848 3242 1.
1868 3228 1908 3233 -
1928 3211 1954 3233 ¹³
1972 3210 2091 3250 Ecoli„
2113 3219 2208 3250 xxiv,
2227 3213 2278 3244 26.
2299 3230 2339 3236 -

1311 3262 1338 3285 ¹⁸
1360 3262 1472 3302 Cant„
1491 3269 1530 3301 11,
1553 3262 1606 3299 13,
1626 3262 1654 3290 4.
1676 3276 1717 3283 ——
1740 3260 1765 3280 ¹⁵
1786 3259 1896 3296 Cant„
1917 3266 1950 3298 V,
1971 3260 2001 3290 6.
2021 3275 2062 3282 -
2082 3259 2107 3280 ¹⁶
2127 3259 2218 3297 Luc„
2238 3267 2263 3300 1,
2286 3261 2337 3292 39.

1327 3369 1332 3373 .
1354 3328 1397 3369 (a)
1420 3327 1512 3368 Vulq.
1531 3325 1716 3358 exacuitur.
1733 3343 1771 3349 -
1787 3324 1831 3365 (b)
1850 3325 1929 3356 Caet.
1946 3324 2024 3358 edit.
2042 3324 2291 3365 pertransisset.

2382 1479 2498 1506 Volenti

2379 1521 2479 1548 Chris-

2358 1563 2420 1588 tum
2457 1562 2499 1587 in-

2372 1603 2484 1636 venire,

2358 1644 2415 1670 tria
2431 1646 2498 1671 sunt

2358 1693 2491 1712 necessa-

2359 1727 2414 1753 ria.
