2634 3853
142 1275 253 1302 Sensus

113 1314 251 1349 spiritua-

111 1355 159 1383 lis.

1041 182 1319 227 EXPOSITIO
1349 186 1403 227 IN
1434 188 1545 230 CAP.
1577 190 1665 231 Xll.

284 276 403 316 niam
426 273 467 314 εἰ
494 272 622 314 sciret
646 273 982 325 paterfamilias,
1004 283 1087 325 qua
1110 273 1213 315 hora
1239 274 1312 325 fur

283 346 458 394 veniret,
488 344 690 396 vigilaret
714 346 873 397 uticae,
902 344 1055 384 scilicet
1086 344 1137 384 ad
1169 347 1308 385 custo-

281 416 394 456 diam
425 415 592 466 domus,
615 427 668 456 ne
705 416 772 455 fur
803 415 949 455 furtim
980 415 1137 467 aliquid
1162 428 1307 468 aspor-

279 488 400 527 taret.
424 485 519 526 Ideo
543 486 641 526 dicit
669 498 679 526 :
700 487 756 528 Et
773 496 857 527 non
876 487 1033 527 sineret
1050 487 1220 537 perfodi
1240 487 1308 529 clo-

279 568 394 598 mum
433 567 569 598 suam.
603 556 654 596 Et
690 557 724 596 si
754 567 918 608 semper
952 556 1124 596 haberet
1156 558 1307 598 horam

279 630 514 681 suspectam
530 660 541 678 ,
585 627 794 680 numquid
839 627 1094 679 relinqueret
1132 628 1306 669 domum

278 708 399 738 suam
419 696 508 737 sine
525 695 742 736 custodia?
757 695 957 747 Alioquin
974 707 1060 735 non
1080 696 1303 748 sapienter,

277 767 349 808 sed
367 767 493 808 stulte
515 778 663 806 curam
684 765 854 806 familiae
875 769 1133 818 procuraret.
1154 766 1307 808 Exem-

276 837 394 890 plum
433 837 484 878 de
522 836 734 886 Isboseth,
767 836 817 877 de
845 849 928 889 quo
962 837 1122 888 legitur
1149 838 1160 860 ¹
1193 839 1304 891 quod

281 923 300 946 (ι
327 907 516 948 lsboseth
548 907 783 947 dormiebat
812 919 938 959 super
969 911 1145 948 stratum
1178 922 1304 950 suum

274 978 463 1028 meridie,
486 980 525 1018 et
545 978 716 1018 ostiaria
736 978 888 1018 domus
907 990 1096 1030 purgans
1116 979 1302 1020 triticum

272 1048 545 1090 obdormivit.
568 1049 755 1100 Ingressi
780 1052 876 1088 sunt
895 1052 1036 1089 autem
1056 1049 1230 1089 domum
1248 1050 1304 1090 la-

272 1121 477 1169 tenter...;
499 1133 518 1156 ))
541 1120 821 1171 subjungitur
845 1132 853 1159 :
882 1135 901 1157 «
929 1120 978 1160 Et
1006 1124 1302 1172 percusserunt

272 1202 371 1231 eum
385 1190 428 1230 in
446 1190 624 1242 inguine
648 1190 814 1230 Rechab
829 1193 868 1230 et
885 1190 1025 1230 Banaa
1044 1191 1172 1231 frater
1191 1194 1226 1244 ej
1235 1205 1298 1242 us,

273 1264 313 1303 et
330 1263 554 1314 fugerunt.
577 1276 596 1298 ›)
622 1261 689 1310 Sic
708 1261 978 1314 spiritualiter
994 1262 1042 1301 fit
1063 1262 1101 1302 ei
1130 1263 1205 1315 qui
1224 1275 1297 1303 ne-

271 1332 400 1384 gligit
438 1333 613 1373 domum
645 1345 766 1372 suam
807 1332 1036 1384 vigilanter
1074 1334 1296 1375 custodire.

275 1402 387 1444 Unde
408 1402 642 1455 Gregorius
664 1405 678 1424 ²
701 1417 709 1442 :
741 1418 759 1440 «
780 1403 957 1444 Ostiaria
984 1404 1218 1445 dormiente
1239 1405 1297 1445 Is-

270 1474 420 1514 hoseth
457 1473 723 1524 interficitur,
759 1474 873 1526 quia,
904 1473 1005 1514 dum
1038 1475 1298 1515 discretionis

270 1544 505 1585 sollicitudo
521 1545 759 1595 cessaverit,
781 1545 830 1585 ad
846 1545 1184 1586 interficiendum
1204 1547 1295 1586 ani-

270 1627 391 1656 mum
423 1615 626 1667 malignis
657 1615 873 1668 spiritibus
903 1617 982 1656 iter
1016 1617 1214 1669 pandit.»
1248 1618 1298 1658 Et

268 1687 361 1728 ideo
396 1687 463 1728 vir
497 1686 723 1740 spiritualis
755 1699 777 1726 e
814 1687 1022 1727 contrario
1060 1688 1158 1728 dicit
1191 1688 1294 1728 illud

267 1759 398 1800 Isaioe
430 1762 444 1783 ³
477 1772 485 1799 ι
521 1774 540 1796 «
574 1757 710 1811 Super
749 1758 961 1810 speculam
1006 1758 1172 1799 Domini
1212 1772 1295 1811 ego

268 1842 378 1879 sum,
395 1832 509 1870 stans
525 1830 692 1882 jugiter
710 1841 784 1882 per
799 1829 908 1869 diem
925 1845 933 1879 ;
958 1833 997 1869 et
1014 1843 1140 1883 super
1160 1833 1295 1871 custo-

267 1900 380 1941 diam
400 1912 539 1941 meam
561 1912 644 1952 ego
664 1912 774 1950 sum,
797 1903 909 1940 stans
928 1900 1023 1940 totis
1042 1902 1249 1942 noctibus.
1269 1917 1288 1939 »

266 1971 318 2012 Et
355 1971 449 2012 ideo
479 1971 578 2012 dicit
613 1972 762 2013 Petrus
783 1972 826 2012 ³¹:
864 1987 882 2009 «
914 1973 1052 2013 Sobrii
1084 1976 1216 2014 estote
1255 1977 1296 2014 et

266 2042 459 2094 vigilate,
498 2043 598 2095 quia
645 2042 913 2084 adversarius
962 2047 1100 2085 vester
1145 2045 1295 2086 diabo-

264 2113 346 2164 lus,
372 2128 392 2151 ›)
417 2115 494 2154 etc.

317 2184 471 2225 Deinde
525 2184 735 2225 concludit
792 2185 1021 2238 principale
1081 2186 1293 2228 intentum

265 2259 322 2306 (v.
344 2256 407 2309 40)
434 2271 443 2296 :
465 2256 526 2298 Et
543 2265 615 2297 vos
636 2259 757 2297 estote
774 2258 936 2307 parati,
960 2258 1064 2309 quta
1087 2258 1294 2310 questore

263 2337 350 2369 non
361 2328 542 2379 putatis,
556 2325 696 2367 Filius
714 2326 901 2368 hominis
922 2329 1073 2370 reniet.
1097 2329 1289 2370 Glossa⁵:

271 2412 289 2436 α
321 2397 523 2438 Ultimam
556 2397 708 2436 horam
742 2408 907 2449 semper
938 2397 1129 2449 ignorari
1159 2400 1293 2440 voluit

263 2468 482 2520 Dominus,
505 2469 555 2508 ut
583 2480 747 2520 semper
767 2468 819 2507 sit
837 2471 1040 2520 suspecta,
1064 2472 1104 2509 et
1130 2471 1182 2510 ad
1200 2483 1292 2511 eam

263 2551 430 2593 semper
457 2551 762 2592 praeparemur.
797 2553 816 2577 ))
854 2538 969 2580 Unde
996 2540 1148 2580 dicitur
1169 2541 1219 2593 (ct)
1245 2542 1257 2563 ⁵
1281 2557 1288 2583 :

269 2625 289 2649 «
307 2610 363 2650 De
390 2610 456 2651 die
480 2609 552 2650 illa
583 2611 622 2650 et
640 2609 744 2649 hora
775 2621 900 2649 nemo
929 2609 1017 2660 scit,
1048 2622 1185 2662 neque
1216 2623 1291 2651 an-

262 2681 350 2733 geli
383 2680 587 2722 eoelorum
609 2712 620 2731 ,
651 2680 734 2720 nisi
769 2680 883 2721 solus
922 2680 1058 2721 Pater.
1092 2696 1111 2718 n
1149 2681 1200 2722 Et
1232 2687 1244 2708 ⁷
1282 2696 1289 2721 :

268 2766 288 2791 α
307 2751 400 2792 Dies
415 2750 580 2792 Domini
599 2750 706 2791 sicut
724 2751 791 2791 fur
807 2751 850 2791 in
867 2754 1001 2800 nocte,
1024 2752 1081 2792 ita
1097 2753 1250 2794 veniet.
1267 2767 1286 2791 »

261 2822 312 2864 Et
333 2824 428 2876 post
459 2837 468 2861 :
496 2837 516 2861 <t
536 2821 620 2864 Vos
645 2825 801 2871 autem,
827 2822 990 2872 fratres,
1014 2834 1101 2862 non
1122 2824 1221 2864 estis
1247 2824 1291 2864 in

260 2894 457 2945 tenebris,
476 2895 524 2934 ut
550 2905 626 2934 vos
645 2893 733 2933 dies
758 2893 829 2933 illa
855 2895 1057 2946 tanquam
1085 2894 1154 2934 fur
1174 2906 1288 2935 com-

261 2965 506 3016 prehendat.
525 2978 544 3003 »
564 2964 614 3005 Et
633 2964 677 3003 in
696 2963 950 3007 Ecclesiaste
972 2964 1019 3016 (b)
1043 2968 1056 2989 ⁸
1080 2979 1088 3004 :
1116 2979 1134 3003 «
1154 2965 1291 3007 Nescit

261 3034 390 3074 homo
409 3035 538 3075 finem
561 3047 708 3085 suum;
737 3035 807 3075 sed
828 3035 934 3075 sicut
960 3035 1093 3088 pisces
1114 3037 1288 3090 capiun-

261 3106 332 3145 tur
350 3104 494 3156 hamo,
515 3107 557 3146 et
576 3105 682 3146 sicut
706 3117 804 3146 aves
832 3105 981 3158 laqueo
1007 3108 1289 3160 comprehen-

262 3174 436 3226 duntur,
481 3176 540 3216 sic
587 3176 812 3229 capiuntur
862 3176 1058 3218 homines
1100 3182 1289 3232 tempore

262 3245 390 3286 malo.
426 3259 446 3283 »
479 3245 546 3286 Sic
573 3249 614 3286 et
639 3246 700 3286 illi
732 3247 806 3299 qui
835 3259 921 3287 non
953 3260 997 3288 se
1026 3253 1264 3301 praeparant
1274 3265 1284 3300 ;

304 3329 311 3346 ¹
332 3328 359 3358 ll
380 3328 471 3368 Κεφ,
487 3334 533 3368 IV,
550 3329 581 3367 5,
601 3329 674 3360 6.-
692 3330 706 3350 ²
725 3330 839 3370 Greg.,
858 3329 992 3370 Moral„
1013 3330 1070 3362 lib.
1096 3331 1118 3370 l,
1140 3340 1168 3361 6.
1187 3339 1285 3373 xv1u,

261 3374 306 3405 al.
326 3381 431 3415 xxxv,
458 3383 493 3405 n.
516 3376 566 3406 49.
589 3393 625 3398 —-
649 3375 661 3394 ³
677 3375 760 3416 Jsa„
782 3384 861 3417 xm,
881 3378 911 3408 8.
932 3393 968 3399 -
996 3377 1006 3395 ³
1037 3378 1044 3408 Ι
1072 3378 1175 3417 Ρείν.,
1202 3386 1234 3417 v,
1255 3381 1285 3410 8.

262 3437 301 3443 —
321 3421 332 3439 ⁵
350 3420 448 3461 Bed„
467 3421 502 3452 in
523 3421 610 3461 Luc„
630 3421 687 3454 lib.
714 3423 772 3463 lv,
792 3433 822 3455 6.
849 3432 917 3456 mv,
937 3442 978 3447 —
1003 3425 1013 3443 θ
1032 3424 1167 3463 Mami„
1191 3433 1286 3467 xmv,

262 3467 312 3499 36.
341 3485 377 3490 —
405 3469 414 3487 ⁷
445 3469 456 3499 l
484 3467 606 3510 Thess„
633 3476 665 3510 ν,
697 3471 734 3511 2,
763 3471 793 3503 4.
822 3489 856 3494 —
887 3489 928 3495 —
955 3472 969 3494 8
997 3472 1118 3512 Εσςί6.,
1148 3481 1202 3514 ix,
1234 3476 1284 3505 12.

2338 202 2414 240 567

1387 276 1479 318 ideo
1500 278 1653 320 dicitur
1672 284 1686 305 ⁹
1709 295 1718 321 ε
1748 296 1767 319 «
1784 281 1876 322 Non
1894 283 2034 323 tardes
2054 286 2240 326 converti
2260 286 2312 327 ad
2333 286 2413 328 Do-

1387 348 1568 401 minum,
1588 353 1629 391 et
1646 363 1699 392 ne
1719 352 1888 393 differas
1904 353 1955 393 de
1974 353 2041 394 die
2058 355 2101 394 in
2119 356 2250 406 diem;
2274 358 2412 399 subito

1385 419 1500 460 enim
1531 422 1670 462 veniet
1703 423 1764 464 ira
1795 424 1920 473 illius,
1952 427 1993 465 et
2025 425 2068 465 in
2099 428 2287 479 tempore
2314 429 2409 469 vin-

1384 489 1504 531 dictae
1525 491 1734 545 disperdet
1752 497 1808 535 te.
1830 510 1848 532 >³
1874 495 1991 536 Unde
2014 495 2218 536 Alcuinus
2240 511 2248 537 :
2282 513 2300 536 «
2320 498 2409 539 Dis-

1383 559 1516 601 soluta
1537 566 1598 602 est
1623 565 1838 616 cogitatio,
1861 566 1912 606 de
1931 567 2114 606 crastina
2133 568 2410 610 conversione

1383 632 1582 683 cogitare,
1606 636 1645 673 et
1675 635 1921 677 hodiernam
1950 637 2188 689 negligere.
2213 652 2232 675 ι)
2257 638 2310 678 Et
2336 639 2409 680 Se-

1381 712 1484 741 neca
1506 714 1516 741 :
1544 719 1562 741 «
1584 703 1766 752 Quilibet
1786 707 1872 747 dies
1892 708 1992 748 vitae
2013 710 2170 749 nostrae
2193 709 2411 751 ordinatus

1381 774 1442 812 est
1460 772 1649 815 ultimus.
1670 790 1688 813 >³
1728 776 1903 828 Propter
1931 778 2011 818 hoc
2039 790 2145 830 ergo
2172 782 2220 819 ut
2246 792 2412 834 semper

1382 842 1514 883 simus
1543 847 1694 897 parati,
1718 847 1852 888 voluit
1881 848 2086 889 Dominus
2114 862 2192 890 nos
2212 851 2411 904 ignorare

1380 914 1529 955 horam
1545 918 1691 957 mortis
1713 922 1751 958 et
1770 919 1879 959 diem
1896 920 2063 971 judicii.
2088 919 2200 961 Nihil
2217 923 2331 963 enim
2350 927 2411 965 est

1380 986 1533 1026 certius
1554 991 1705 1037 morte,
1721 991 1761 1029 et
1779 989 1885 1029 nihil
1904 990 2107 1030 incertius
2126 991 2232 1032 hora
2248 995 2407 1036 mortis.

1379 1057 1474 1097 Ideo
1496 1058 1539 1098 in
1563 1060 1858 1104 Ecclesiastico
1880 1064 1908 1087 ¹⁰
1928 1077 1966 1104 z«
1981 1064 2140 1104 Memor
2161 1068 2247 1106 esto
2261 1066 2411 1118 Judicii

1378 1129 1483 1178 mei;
1506 1130 1564 1169 sic
1587 1131 1701 1170 enim
1721 1132 1800 1172 erit
1819 1136 1941 1173 tuum
1967 1147 1974 1173 :
2004 1135 2109 1174 mihi
2135 1136 2242 1185 lieri,
2265 1140 2304 1177 et
2332 1138 2410 1178 tihi

1375 1197 1514 1239 hodie.
1542 1214 1560 1236 >³
1600 1200 1649 1241 Et
1669 1202 1718 1241 de
1747 1202 1850 1242 hora
1869 1204 2018 1255 judicii
2049 1205 2201 1246 dicitur
2229 1206 2274 1247 in
2293 1208 2406 1250 Mat-

1376 1267 1480 1310 lliseo
1508 1269 1558 1320 (al
1577 1271 1602 1292 ¹¹
1623 1284 1631 1311 :
1662 1286 1679 1309 a
1701 1271 1836 1312 Media
1860 1276 1980 1314 nocte
1997 1274 2155 1316 clamor
2173 1277 2306 1318 factus
2317 1281 2405 1319 est:

1375 1338 1478 1380 Ecce
1506 1353 1683 1393 sponsus
1710 1344 1848 1395 venit,
1881 1346 1992 1386 exite
2018 1347 2186 1388 obviam
2211 1348 2286 1390 1111.
2309 1364 2328 1387 1)
2358 1350 2409 1391 Et

1374 1417 1465 1462 post
1489 1424 1498 1451 ε
1525 1428 1544 1451 «
1565 1412 1666 1461 Quae
1686 1418 1843 1467 paratae
1869 1420 2003 1467 erant,
2025 1418 2292 1462 intraverunt
2310 1434 2408 1463 cum

1374 1492 1422 1521 eo
1443 1482 1495 1521 ad
1515 1484 1698 1535 nuptias,
1723 1488 1763 1525 et
1788 1485 1930 1527 clausa
1952 1491 2013 1528 est
2029 1490 2178 1540 janua.
2202 1504 2222 1528 ›>
2245 1491 2406 1544 Grego-

1373 1551 1463 1591 rius
1484 1553 1510 1574 ¹²
1528 1567 1567 1592 z«
1580 1552 1610 1593 O
1626 1554 1660 1593 si
1673 1566 1819 1607 sapere
1831 1557 1969 1608 palato
1991 1559 2127 1599 cordis
2145 1561 2287 1612 possit,
2305 1562 2410 1615 quid

1372 1622 1662 1664 admirationis
1697 1625 1849 1676 habet,
1899 1628 2023 1671 Venit
2059 1640 2273 1681 sponsus:
2307 1633 2409 1685 quid

1372 1692 1603 1734 dulcedinis
1625 1710 1634 1745 ;
1671 1698 1945 1740 Intraverunt
1991 1710 2084 1740 cum
2121 1711 2163 1742 eo
2211 1701 2270 1742 ad
2295 1713 2406 1755 nup-

1372 1765 1481 1814 tias,
1531 1766 1631 1817 quid
1679 1768 1992 1820 amaritudinis3
2038 1770 2191 1813 clausa
2230 1776 2291 1815 est
2332 1773 2409 1825 ,ja-

1369 1836 1490 1877 nua!
1509 1838 1586 1877 etc.

1425 1910 1490 1947 41.
1525 1908 1602 1950 Az't
1623 1912 1767 1951 autem
1795 1911 1835 1951 ez·
1864 1910 2035 1962 Petrus,
2059 1914 2137 1954 etc.
2179 1914 2405 1968 Postquam

1370 1977 1565 2019 invitavit
1587 1980 1638 2019 ad
1668 1980 1935 2032 vigilantiam
1963 1994 2108 2024 omnes
2133 1987 2402 2039 generaliter,

1373 2048 1441 2089 1116
1459 2049 1610 2090 invitat
1628 2052 1822 2102 praelatos
1835 2052 2081 2105 specialiter.
2100 2054 2218 2104 Quod
2231 2057 2405 2109 quidem

1372 2121 1469 2161 facit
1492 2122 1573 2162 hoc
1593 2123 1738 2164 ordine
1759 2136 1768 2164 ε
1785 2125 1924 2177 primo
1941 2138 2126 2179 namque
2141 2130 2405 2171 commendat

1371 2193 1647 2244 praelatorum
1668 2194 1958 2246 vigilant.iam;
1982 2198 2165 2239 secundo
2185 2201 2327 2252 arguit
2344 2202 2404 2243 in-

1371 2264 1605 2315 solentiam,
1623 2265 1680 2305 ihi
1697 2266 1750 2317 (v.
1773 2266 1861 2318 45):
1886 2267 2003 2316 Quod
2019 2270 2060 2309 sz'
2072 2268 2240 2312 dixerit
2257 2281 2405 2315 servus

1368 2333 1456 2382 me,
1480 2338 1575 2384 etc.;
1608 2335 1728 2375 tertio
1755 2340 1963 2387 aggravat
1991 2338 2317 2392 negligentiam,
2344 2343 2404 2383 ibi

1373 2403 1436 2454 (v.
1455 2405 1528 2452 47)
1549 2419 1557 2445 ε
1578 2405 1651 2447 Ille
1671 2410 1809 2448 autem
1827 2417 1973 2449 servus
1992 2411 2069 2461 qui
2082 2413 2296 2463 coynovz't,
2322 2416 2400 2454 etc.

1370 2473 1677 2516 Commendans
1713 2479 1855 2516 autem
1892 2477 2159 2529 vigilantiam
2205 2482 2401 2534 praelato-

1367 2555 1488 2594 rum,
1527 2544 1663 2596 primo
1695 2545 1962 2586 commendat
1992 2559 2087 2587 eam
2115 2555 2322 2601 quantum
2348 2553 2401 2593 ad

1368 2615 1700 2666 praerogativam
1718 2616 1877 2667 meriti;
1898 2618 2097 2669 secundo,
2120 2623 2329 2672 quantum
2347 2623 2400 2664 ad

1366 2684 1693 2737 praecellentiam
1715 2687 1894 2738 praemii.

1420 2753 1563 2795 Primo
1584 2755 1740 2807 igitur,
1763 2760 1971 2809 quantum
1994 2759 2046 2800 ad
2071 2763 2399 2814 praerogativam

1367 2825 1527 2875 meriti,
1565 2838 1694 2878 quam
1726 2828 1909 2868 ostendit
1942 2829 1986 2869 in
2018 2833 2308 2883 respondendo
2346 2836 2395 2876 ad

1368 2896 1646 2948 quaestionem
1683 2896 1795 2937 Petri
1823 2897 1886 2950 (c),
1921 2899 2020 2940 dicit
2047 2915 2055 2941 ε
2085 2902 2162 2946 Ait
2190 2908 2328 2946 autem
2359 2907 2399 2947 εἰ

1363 2966 1548 3008 Petrus:
1564 2968 1765 3019 Domine,
1787 2969 1845 3010 act
1864 2980 1940 3012 nos
1962 2971 2074 3014 dicis
2094 2974 2203 3016 hanc
2216 2975 2395 3027 parabo-

1365 3036 1463 3088 lam,
1487 3049 1544 3080 αη
1565 3038 1623 3080 act
1649 3041 1820 3081 omnes?
1841 3039 1953 3082 Bene
1982 3045 2136 3095 quaerit
2161 3047 2202 3085 et
2221 3046 2392 3097 utiliter,

1362 3110 1410 3148 ut
1439 3108 1543 3148 sciat
1572 3110 1623 3149 ad
1654 3110 1756 3162 quid
1791 3111 1940 3152 debeat
1975 3113 2170 3166 obligari.
2205 3115 2320 3156 Unde
2351 3117 2396 3156 in

1362 3179 1656 3222 Ecclesiastico
1677 3181 1731 3220 ¹³:
1761 3196 1779 3219 (ι
1803 3181 1906 3230 Quae
1927 3185 2127 3237 praecepit
2154 3185 2228 3226 tibi
2261 3186 2390 3238 Deus,

1363 3273 1374 3291 ⁹
1395 3273 1512 3315 Eccli„
1534 3283 1565 3314 v,
1592 3276 1623 3306 8.
1643 3293 1684 3298 —
1709 3276 1734 3297 ¹⁰
1756 3275 1874 3316 Ecclt„
1895 3285 2052 3318 xxxvm,
2073 3280 2126 3310 23.
2146 3296 2186 3301 —
2211 3279 2236 3300 1¹
2257 3280 2392 3321 Maltlz.,

1363 3327 1442 3360 XXV,
1468 3323 1500 3361 6,
1529 3324 1576 3353 10.
1600 3340 1635 3344 —
1666 3323 1692 3343 1²
1715 3323 1829 3363 Greg„
1856 3325 1891 3354 in
1921 3325 2061 3366 lit-any„
2088 3325 2181 3357 hom.
2209 3334 2281 3366 111,
2299 3335 2336 3358 11.
2360 3329 2390 3360 4.

1363 3385 1403 3390 —
1422 3367 1448 3388 ¹³
1467 3368 1588 3408 Eccli„
1607 3377 1661 3409 111,
1680 3371 1731 3401 22.

1405 3426 1452 3467 (cz)
1471 3426 1551 3460 Caet.
1575 3427 1654 3458 edit.
1670 3427 1752 3459 dicit
1768 3428 1963 3460 Matthaeus.
1978 3445 2018 3452 —
2035 3429 2078 3470 (b)
2097 3430 2181 3463 Item
2203 3431 2394 3464 Ecclesias-

1360 3474 1434 3506 tico.
1451 3492 1490 3498 —
1514 3475 1557 3517 (c)
1580 3476 1697 3517 Suppl.
1719 3476 1943 3517 Evangelista.
