2634 3853
940 211 1213 254 EXPOSITIO
1244 212 1297 254 IN
1328 213 1443 255 CAP.
1472 212 1541 255 Vl.
2224 218 2301 257 387

183 305 357 348 ,Iacobus
375 304 387 326 ¹
403 315 418 344 .·
442 318 461 342 a
483 302 545 344 Sit
572 303 711 343 omnis
738 303 867 344 homo
895 302 1021 343 velox
1048 301 1100 342 ad
1125 313 1202 342 au-

184 375 395 417 diendum.
425 388 443 411 n
467 374 606 415 Tertio
636 386 738 415 vere
769 373 999 415 obedientis
1031 375 1093 413 est
1124 372 1204 412 im-

183 446 294 499 plere
312 445 552 495 efficaciter3
569 445 681 486 unde
695 448 708 470 ²
728 460 736 486 z
757 460 775 483 (ι
793 444 920 486 Juxta
939 447 979 484 te
994 446 1055 484 est
1069 455 1207 484 sermo

182 516 303 556 valde
329 516 373 556 in
393 528 465 557 ore
485 519 580 568 tuo,
605 519 646 557 et
671 517 716 556 in
744 516 866 557 corde
891 518 986 566 tuo,
1013 517 1059 555 ut
1083 515 1208 556 facias

182 586 317 626 illum.
350 601 370 624 >³
407 587 606 641 Alioquin
638 600 722 628 non
759 586 1058 640 justificaberis
1097 586 1210 639 apud

183 657 426 708 Dominum,
451 659 571 711 quia,
599 662 647 699 ut
673 658 826 699 dicitur
853 658 903 698 ad
934 660 1146 700 Romanos
1165 657 1206 698 ³:

185 742 204 766 a
226 727 419 770 Factores
437 729 474 770 le
481 729 549 781 gis
562 730 924 782 justificabuntur.
946 744 964 766 n

237 799 449 848 Quantum
469 801 520 842 ad
547 813 649 843 vere
674 800 897 842 obediendi
920 799 1112 850 modum,
1136 799 1208 839 ad-

177 870 329 922 jungit
375 871 674 912 documentum
722 870 1116 911 similitudinarium
1161 869 1211 910 de

183 941 415 983 aedificante
435 943 609 984 domum
624 975 634 993 ,
658 954 754 983 cum
774 941 915 982 subdit
941 941 1003 983 tv.
1026 941 1101 994 48)
1120 954 1129 981 :
1153 941 1213 980 Si·

183 1013 300 1055 milis
339 1017 401 1056 est
432 1013 595 1055 homini
631 1013 874 1065 aedificanti
909 1011 1102 1062 domum,
1139 1022 1214 1063 per

184 1085 419 1136 profectum
450 1086 658 1126 virtutum
679 1086 720 1124 ⁸:
755 1100 773 1123 «
802 1084 1034 1136 Diligenter
1067 1095 1214 1124 exerce

186 1168 345 1208 agrum
365 1159 507 1206 tuum,
527 1160 575 1196 ut
599 1157 651 1209 (a)
672 1158 814 1209 postea
835 1155 1016 1195 aedifices
1041 1154 1214 1195 domum

187 1229 319 1267 tuam.
344 1241 363 1264 »
390 1226 489 1268 Haec
516 1227 686 1280 quidem
711 1227 862 1267 domus
891 1228 954 1266 est
982 1225 1093 1266 bona
1113 1237 1216 1265 con-

188 1297 360 1337 scientia
379 1301 393 1322 ⁵
416 1312 424 1338 ε
448 1313 466 1336 α
486 1298 650 1338 Intrans
671 1297 715 1336 in
734 1297 909 1337 domum
931 1309 1069 1337 meam
1084 1328 1094 1347 ,
1117 1308 1215 1336 con-

187 1367 400 1419 quiescam
420 1379 518 1407 cum
534 1367 619 1406 illa.
643 1367 710 1405 »θα
732 1366 909 1419 Sapiens
931 1366 1084 1406 mulier
1109 1366 1217 1406 aedi-

187 1437 284 1477 sicat
300 1437 475 1478 domum
492 1449 634 1487 suam;
650 1437 852 1489 insipiens
866 1439 1100 1477 extructam
1118 1448 1218 1488 quo-

188 1518 272 1559 que
298 1507 494 1547 manibus
524 1507 714 1548 destruit.
739 1522 757 1545 »
786 1507 864 1556 Qui
889 1507 994 1547 fodit
1021 1507 1065 1546 in
1084 1506 1218 1546 altum

189 1589 264 1629 per
290 1577 536 1618 descensum
563 1578 836 1628 humilitatis,
863 1578 960 1618 facit
983 1577 1218 1618 secundum

190 1650 448 1700 praeceptum
469 1647 608 1688 Elisaei
621 1652 634 1673 ⁷
654 1662 669 1689 .·
688 1663 706 1685 (ι
725 1647 862 1689 Facite
882 1648 1002 1688 alveo
1021 1647 1220 1688 torrentis

190 1716 321 1769 hujus
340 1717 494 1768 fossas,
518 1721 559 1758 et
584 1718 714 1758 fossas
728 1733 737 1768 ;
758 1732 776 1755 n
802 1718 956 1758 scilicet
976 1730 1051 1770 per
1075 1718 1221 1758 humi-

190 1787 350 1828 litatem
378 1788 422 1828 in
453 1788 667 1829 intellectu
698 1789 850 1841 pariter
878 1792 918 1828 et
948 1789 1115 1829 affectu.
1140 1788 1221 1830 Sed

190 1858 292 1899 huic
311 1860 533 1912 respondet
553 1860 751 1912 superbia
770 1860 883 1901 illius
905 1859 1004 1900 mali
1026 1860 1156 1900 villici
1176 1860 1189 1881 ³
1208 1875 1216 1900 :

199 1946 217 1968 (ι
233 1929 391 1971 Fodere
416 1943 500 1972 non
529 1931 669 1982 valeo,
698 1931 937 1972 mendicare
959 1932 1173 1972 erubesco.
1196 1947 1215 1970 »

194 1999 321 2054 CujUs
350 2014 498 2043 rursus
526 2003 789 2044 contrarium
819 2003 1008 2043 redditur
1031 2003 1043 2024 ⁹
1069 2017 1077 2043 :
1109 2018 1127 2039 a
1154 2003 1222 2043 In-

192 2072 369 2124 gredere
396 2074 442 2113 in
470 2077 657 2126 petram,
686 2077 726 2115 et
756 2074 1008 2115 abscondere
1035 2074 1079 2114 in
1111 2075 1222 2115 fossa

191 2142 358 2185 humoa
370 2144 473 2185 facie
483 2145 647 2186 timoris
659 2145 870 2186 Domini.»
889 2145 961 2185 Ille
973 2145 1084 2185 enim
1098 2145 1222 2186 altius

191 2213 307 2265 fodit,
324 2216 397 2267 qui
420 2227 495 2269 per
514 2216 798 2257 humilitatem
818 2216 959 2268 magis
982 2216 1028 2269 (b)
1051 2216 1222 2257 descen-

192 2284 273 2335 dit,
297 2288 338 2327 et
365 2287 496 2340 hujus
522 2287 746 2329 aedificium
779 2288 904 2328 altius
938 2288 1123 2329 ascendit
1154 2290 1182 2313 ¹⁰
1210 2303 1218 2330 :

199 2369 218 2393 ε(
238 2353 320 2403 Qui
339 2367 382 2396 se
398 2356 569 2408 exaltat,
586 2357 903 2406 humiliabitur3
925 2360 965 2396 et
983 2357 1057 2409 qui
1080 2369 1123 2397 se
1142 2357 1223 2398 hu-

195 2425 344 2475 miliat,
361 2426 628 2467 exaltabitur.
645 2428 726 2468 »Et
737 2429 881 2480 posuit
897 2427 1223 2478 fundamentum

194 2506 327 2548 supra
342 2499 523 2549 petram,
543 2510 617 2551 per
637 2498 973 2539 stabilimentum
991 2498 1219 2550 charitatis,

194 2567 426 2608 secundum
446 2568 550 2610 illud
570 2570 596 2591 ¹¹
614 2584 623 2610 ε
654 2585 674 2609 α
699 2570 747 2611 In
770 2570 970 2611 charitate
991 2571 1162 2612 radicati
1183 2574 1223 2612 et

193 2637 372 2679 fundati.
387 2638 516 2680 »Haec
529 2640 710 2682 charitas
725 2641 928 2682 fundatur
945 2654 1072 2694 super
1089 2642 1224 2683 Chris-

193 2710 301 2760 tum,
320 2710 391 2762 qui
411 2714 473 2751 est
488 2714 607 2764 petra
621 2712 766 2764 solida,
784 2713 1018 2753 secundum
1039 2713 1141 2754 illud
1164 2715 1190 2736 ¹²
1210 2729 1218 2755 :

200 2794 219 2818 ε(
238 2779 342 2822 Ecce
360 2793 441 2833 ego
461 2782 627 2824 mittam
650 2783 695 2824 in
719 2783 1005 2825 fundamentis
1031 2784 1133 2825 Sion
1159 2785 1220 2825 la-

193 2850 353 2903 pidem,
371 2852 554 2906 lapidem
574 2854 820 2907 probatum,
844 2855 1111 2907 angularem,
1133 2868 1224 2908 pre-

194 2921 369 2974 tiosum,
396 2925 440 2965 in
466 2925 741 2968 fundamento
773 2926 1015 2967 fundatum,
1041 2941 1059 2964 ›)
1085 2926 1223 2980 Super

196 2992 313 3034 hunc
331 2995 476 3038 fundat
488 2998 684 3050 charitas,
703 2999 806 3040 dum
824 2999 921 3040 facit
939 2998 1116 3052 implere
1130 3001 1166 3053 ej
1174 3013 1223 3041 us

197 3064 413 3118 mandata,
446 3069 681 3110 secundum
716 3069 821 3111 illud
849 3070 877 3092 ¹³
910 3084 918 3110 :
948 3068 1066 3119 «Qui
1096 3070 1224 3113 habet

197 3135 395 3176 mandata
419 3150 536 3191 mea,
561 3143 603 3181 et
627 3143 768 3182 servat
787 3153 858 3191 ea,
880 3141 948 3182 ille
972 3144 1036 3182 est
1063 3143 1136 3195 qui
1156 3143 1223 3183 di-

197 3204 224 3246 li
232 3205 296 3257 git
315 3219 398 3248 me.
419 3223 438 3247 »
462 3209 514 3252 Et
531 3211 601 3252 hic
622 3214 684 3253 est
701 3213 746 3253 in
765 3212 927 3254 Christo
949 3213 1148 3255 fundatus
1168 3215 1220 3256 ¹¹:

241 3314 251 3334 1
274 3314 535 3355 Jac.,1,19.-
553 3318 564 3337 ²
582 3319 695 3358 Dent„
713 3330 803 3359 xxx,
826 3322 876 3352 14.
897 3339 938 3344 -
954 3320 967 3343 3
984 3321 1150 3361 R0m.,11‚
1173 3323 1221 3355 13.

198 3377 239 3385 ·-
259 3361 271 3382 δ
290 3362 400 3402 Ρνου.,
424 3371 518 3404 ΠΝ,
546 3365 597 3396 27.
620 3384 655 3389 —
678 3367 691 3389 ⁵
709 3368 801 3408 Sap„
832 3376 913 3408 vin,
938 3371 989 3400 16.
1010 3386 1052 3391 -
1079 3369 1091 3390 6
1112 3370 1222 3406 Ρνου.,

197 3416 269 3448 x1v,
299 3410 329 3439 1.
354 3426 394 3432 —
423 3410 433 3428 ⁷
464 3411 505 3442 lv
533 3412 624 3452 Κεφ,
653 3421 712 3454 111,
742 3416 792 3447 16.
821 3433 857 3438 -
886 3415 900 3437 Β
930 3416 1006 3456 lnf.,
1030 3423 1107 3456 xvr,
1133 3418 1164 3447 3.
1186 3435 1222 3440 —-

197 3456 211 3477 ⁹
231 3457 311 3496 Im„
340 3464 384 3496 11,
411 3459 461 3489 10.
484 3475 519 3480 —-
546 3459 574 3481 1⁰
596 3459 668 3501 tnf„
693 3469 798 3503 xviii,
827 3465 876 3495 14.
902 3481 941 3487 -
963 3465 984 3485 ¹¹
1011 3463 1145 3504 Eplzes.‚
1167 3472 1222 3502 111,

197 3504 249 3541 17.
274 3521 315 3527 —
345 3504 366 3523 ¹²
393 3505 472 3545 Isa„
505 3513 634 3547 xxvut,
663 3510 712 3539 16.
744 3526 783 3532 -
808 3510 836 3531 13
865 3511 971 3548 Ιο(ιη.,
1003 3519 1075 3551 xiv,
1106 3513 1157 3543 21.
1185 3529 1225 3534 —

1285 318 1303 341 (ι
1333 303 1626 344 Fundamenta
1656 303 1815 342 aeterna
1848 314 1978 356 super
2012 307 2175 356 petram
2204 305 2300 344 soli-

1279 372 1399 424 dam,
1434 374 1493 414 sic
1530 372 1729 414 mandata
1764 372 1836 414 Dei
1871 373 1918 414 in
1955 373 2078 414 corde
2113 373 2305 414 mulieris

1282 447 1449 485 sanctae.
1472 444 1756 486 »Ambrosius
1777 445 1830 485 ¹⁵:
1853 444 2081 486 «Omnium
2096 445 2306 486 virtutum

1280 516 1605 556 fundamentum
1618 518 1678 556 est
1693 516 1927 557 coelestium
1940 515 2177 556 obedientia
2191 527 2308 555 man-

1281 587 1493 628 datorum.
1525 602 1543 624 ›)
1570 587 1646 627 Hic
1673 590 1735 628 est
1760 600 1866 640 ergo
1899 588 2048 629 modus
2079 599 2177 628 vere
2209 588 2307 628 obe-

1281 656 1423 697 diendi
1447 657 1601 698 divinis
1620 659 1841 711 praeceptis
1862 671 1872 699 :
1901 661 1948 700 ut
1975 659 2028 698 sit
2049 658 2247 699 sedulitas
2266 659 2309 698 in

1282 727 1469 780 profectu
1487 728 1655 768 virtutis
1669 742 1679 778 3
1702 728 1754 769 sit
1770 729 2031 781 profunditas
2049 730 2090 769 in
2106 729 2312 770 descensu

1282 799 1555 850 humilitatis3
1576 800 1630 839 sit
1649 800 1828 840 firmitas
1848 801 1893 840 in
1907 801 2061 841 affectu
2081 801 2310 841 charitatiS.

1343 870 1557 919 Quantum
1593 870 1645 910 ad
1670 882 1783 911 verae
1821 871 2069 911 obedientiae
2104 872 2286 912 fructum
2300 904 2311 923 ,

1284 942 1528 995 subjungit:
1545 942 1836 985 mundatione
1852 946 1991 984 autem
2007 944 2136 993 sacta,
2153 943 2315 985 illisum

1286 1017 1348 1056 est
1364 1014 1523 1065 flumen
1543 1013 1691 1056 domui
1707 1013 1796 1063 illi,
1820 1016 1898 1054 etc.
1922 1013 2166 1055 observatio
2187 1026 2313 1054 nam-

1286 1098 1368 1138 que
1392 1086 1637 1126 divinorum
1666 1085 1964 1126 mandatorum
1995 1086 2138 1125 firmat
2170 1089 2315 1127 contra

1286 1156 1521 1209 impulsum
1533 1156 1827 1207 tentationum,
1838 1167 1964 1209 quem
1980 1156 2025 1209 (c)
2039 1157 2121 1196 desi
2129 1160 2234 1208 gnat
2246 1168 2318 1205 per

1288 1226 1607 1268 inundationem
1633 1230 1844 1280 quantum
1870 1226 1922 1267 ad
1947 1226 2222 1267 tentationem
2242 1240 2318 1268 ex-

1289 1299 1487 1339 teriorem
1518 1311 1541 1338 a
1560 1299 1850 1349 daemonibus,
1872 1297 2102 1338 secundum
2130 1298 2235 1339 illud
2260 1298 2315 1340 ¹⁸:

1296 1368 1524 1409 «Adducet
1555 1381 1681 1421 super
1710 1380 1780 1409 eos
1812 1380 1942 1421 aquas
1975 1368 2167 1409 fluminis
2194 1370 2321 1410 fortes

1290 1442 1331 1479 et
1360 1439 1538 1490 multas,
1566 1451 1716 1491 regem
1744 1438 2040 1492 Assyriorum,
2075 1441 2117 1479 et
2149 1451 2321 1480 omnem

1292 1510 1474 1562 gloriam
1492 1511 1597 1562 eJus.
1619 1509 1669 1551 Et
1687 1509 1882 1550 ascendet
1895 1521 2022 1562 super
2040 1521 2187 1551 omnes
2207 1512 2322 1552 rivos

1291 1584 1404 1635 ejus,
1427 1584 1468 1622 et
1486 1582 1588 1622 fluet
1607 1594 1733 1634 super
1753 1581 1976 1622 universas
2005 1581 2117 1634 ripas
2142 1584 2258 1634 ejus,
2283 1585 2325 1623 et

1290 1654 1367 1694 ibit
1390 1665 1464 1706 per
1480 1653 1499 1694 J
1505 1653 1632 1694 udam
1652 1653 1878 1703 inundans,
1896 1655 1937 1693 et
1957 1653 2168 1694 transiens
2188 1666 2323 1707 usque

1293 1725 1344 1766 ad
1366 1724 1523 1765 collum
1543 1724 1698 1766 veniet.
1719 1739 1738 1762 ))
1763 1723 1840 1764 Hic
1858 1727 2001 1776 aperte
2020 1724 2216 1777 designat
2235 1725 2323 1766 dia-

1293 1795 1440 1836 bolum
1460 1795 1486 1816 ¹“¹
1505 1810 1543 1836 :a
1564 1795 1732 1844 Quoties
1751 1795 1925 1836 lucerna
1944 1796 2174 1849 impiorum
2191 1797 2325 1838 extin-

1296 1869 1454 1917 guetur
1477 1868 1518 1906 et
1542 1866 1813 1918 superveniet
1842 1867 1902 1907 eis
1928 1862 2181 1909 inundatio?
2201 1883 2220 1907 n
2246 1868 2324 1910 De-

1294 1936 1434 1988 signat
1453 1936 1580 1977 etiam
1604 1937 1878 1978 tentationem
1898 1950 1973 1990 per
1996 1938 2220 1981 illisionem
2240 1941 2327 1981 flu·-

1296 2008 1437 2059 minis,
1455 2021 1553 2049 cum
1568 2008 1703 2049 addit:
1726 2009 1897 2052 Illc'szcm
1918 2014 1979 2053 est
1999 2011 2159 2062 flamen
2180 2012 2327 2055 domui

1295 2077 1385 2129 illi,
1415 2081 1623 2131 quantum
1658 2080 1814 2121 scilicet
1846 2081 1898 2122 ad
1923 2082 2196 2123 tentationem
2219 2083 2327 2124 inte-

1296 2150 1467 2200 riorem,
1489 2150 1644 2190 scilicet
1665 2150 1828 2191 timoris
1843 2183 1853 2203 ,
1874 2152 1943 2194 vel
1963 2152 2140 2205 doloris,
2167 2154 2237 2195 vel
2255 2155 2326 2196 lae-

1293 2221 1412 2272 tinae,
1428 2220 1497 2261 vel
1512 2221 1746 2262 amoris.¹³(‹
1762 2221 1900 2263 Portae
1914 2223 2150 2265 fluviorum
2166 2229 2323 2278 apertae

1296 2294 1421 2332 sunt:
1444 2306 1462 2329 n
1472 2292 1585 2344 quod
1609 2292 1779 2344 quidem
1800 2294 1869 2344 fit,
1895 2295 2066 2347 quando
2083 2297 2326 2347 ingrediun-

1296 2365 1364 2402 tur
1390 2362 1640 2403 tentationes
1673 2364 1875 2415 interius,
1907 2368 1956 2406 ut
1986 2367 2117 2418 possit
2143 2368 2325 2410 clamare

1297 2445 1394 2473 cum
1416 2432 1626 2486 Propheta
1648 2435 1702 2476 ¹⁹:
1732 2450 1751 2473 <‹
1776 2435 1954 2478 Salvum
1981 2449 2049 2478 me
2075 2438 2160 2490 fac,
2190 2440 2322 2492 Deus,

1297 2504 1498 2555 quoniam
1509 2505 1775 2547 intraverunt
1787 2519 1910 2560 aquae
1923 2519 2059 2562 usque
2073 2510 2126 2552 ad
2138 2511 2325 2552 animam

1296 2586 1450 2615 meam.
1473 2590 1492 2613 ›)
1520 2575 1599 2617 Sed
1618 2576 1687 2617 hae
1708 2579 1958 2620 tentationes
1983 2592 2070 2622 non
2094 2583 2327 2635 praevalent

1297 2649 1443 2686 contra
1473 2647 1716 2689 divinorum
1753 2651 2051 2692 mandatorum
2081 2654 2322 2696 observato-

1297 2731 1386 2769 res3
1418 2723 1639 2772 propterea
1672 2722 1842 2764 subdit:
1874 2725 1934 2766 Ec
1960 2735 2046 2767 non
2065 2727 2207 2777 potuit
2234 2738 2326 2770 eum

1298 2799 1474 2832 movere.
1495 2792 1524 2816 ²⁰
1545 2807 1564 2830 α
1584 2792 1709 2842 Quasi
1734 2796 1960 2848 tempestas
1989 2798 2218 2850 transiens,
2240 2812 2327 2841 non

1298 2862 1377 2902 erit
1393 2862 1573 2916 impius;
1600 2866 1744 2917 justus
1763 2869 1906 2908 autem
1928 2869 2048 2921 quasi
2074 2870 2326 2913 fundamen-

1297 2935 1390 2974 tum
1422 2936 1740 2989 sempiternum.
1764 2953 1783 2976 ›)
1811 2939 1857 2979 In
1877 2939 2111 2984 Psalmo²¹:
2134 2958 2153 2982 α
2170 2943 2327 2985 Perfice

1298 3016 1470 3057 gressus
1497 3018 1614 3049 meos
1645 3009 1690 3049 in
1718 3010 1877 3050 semitis
1907 3011 2014 3064 tuis,
2046 3015 2094 3054 ut
2122 3026 2209 3055 non
2235 3027 2326 3056 mo-

1297 3078 1477 3118 veantur
1495 3079 1677 3132 vestigia
1698 3094 1805 3122 mea.
1828 3096 1848 3120 ›)
1876 3082 1958 3136 Huj
1968 3096 2016 3125 us
2035 3087 2177 3126 autem
2197 3087 2323 3127 stabi-

1297 3145 1426 3188 litatis
1443 3150 1552 3191 ratio
1566 3151 1769 3204 redditur,
1787 3166 1886 3194 cum
1900 3156 2112 3197 subditur:
2129 3156 2328 3199 Fundam

1299 3218 1408 3260 enim
1426 3224 1515 3264 erat
1531 3232 1664 3275 supra
1680 3224 1850 3276 firmam
1860 3228 2036 3278 petram.
2056 3227 2163 3268 Hinc
2177 3228 2330 3270 dicitur

1300 3324 1326 3345 1¹0
1346 3325 1465 3366 Ecclt'.,
1486 3335 1582 3369 xxvi,
1599 3331 1650 3363 24.
1667 3347 1707 3354 —
1726 3332 1752 3352 ¹⁵
1770 3332 1903 3374 Ambr„
1925 3334 1959 3364 ιή
1980 3333 2069 3373 Luc„
2086 3334 2144 3365 lib.
2164 3334 2205 3374 V,
2222 3343 2257 3366 n.
2279 3336 2330 3366 82.

1300 3389 1342 3395 —
1364 3372 1391 3394 ¹⁶
1411 3374 1490 3413 ssa„
1507 3383 1586 3418 viu,
1605 3379 1635 3416 7,
1657 3380 1687 3410 8.
1705 3396 1745 3402 -
1766 3380 1790 3402 ¹⁷
1811 3379 1881 3416 Job,
1903 3388 1976 3421 xm,
1999 3383 2050 3412 17.
2067 3399 2109 3404 —
2129 3382 2151 3400 ¹⁸
2170 3382 2273 3419 Natu,
2292 3391 2332 3422 11,

1299 3421 1331 3450 6.
1353 3437 1394 3443 —
1414 3420 1439 3441 1⁹
1457 3422 1549 3455 Psal.
1571 3432 1697 3466 vam,
1720 3429 1748 3459 1.
1770 3444 1809 3450 —
1826 3427 1854 3447 ²⁰
1872 3428 1982 3465 Pron„
2005 3436 2045 3469 X,
2067 3429 2118 3460 25.
2138 3446 2177 3451 —
2195 3429 2220 3450 2¹
2241 3428 2334 3460 Psal.

1301 3473 1373 3506 xvi,
1394 3468 1422 3499 5.
1444 3485 1486 3491 —
1505 3469 1549 3510 (a)
1573 3471 1654 3504 Coet.
1673 3472 1755 3504 edit.
1775 3477 1819 3506 et.
1833 3491 1874 3498 -—
1893 3473 1933 3515 (b)
1957 3476 2038 3506 Item
2057 3475 2177 3518 magis,
2198 3475 2256 3516 qui
2273 3484 2334 3517 per

1307 3513 1550 3550 humilitatem.
1564 3537 1606 3543 —-
1626 3521 1666 3561 (c)
1684 3522 1766 3553 Item
1785 3532 1901 3564 quam.
