2634 3853
1069 93 1342 137 EXPOSITIO
1376 93 1430 135 IN
1457 93 1570 134 CAP.
1603 92 1635 133 Ι.

289 189 382 231 ideo
401 187 521 228 dicit:
543 186 676 238 Super
694 186 838 228 omnia
856 186 1059 228 montana
1072 181 1230 224 Judoeoe
1250 183 1313 225 cti-

290 257 570 311 vulqabantur
589 257 732 298 omnia
751 256 877 298 verba
896 256 996 305 liceo,
1018 256 1094 295 etc.
1115 252 1164 294 Et
1184 256 1308 304 recte,

288 328 387 381 quia
407 330 418 349 ¹
442 342 461 366 «
481 330 790 368 sacramentum
817 326 936 379 regis
954 324 1209 366 abscondere
1234 324 1309 364 bo-

285 410 392 439 num
416 400 492 448 est,
519 411 646 451 opera
665 398 736 439 Dei
757 397 946 439 revelare
967 399 1007 437 et
1026 395 1216 436 confiteri
1237 395 1313 436 110-

285 469 512 510 norificum
541 472 617 510 est.
648 484 667 507 ›>
707 469 757 510 Et
783 466 876 510 ideo
906 472 920 493 2
947 480 957 508 :
992 482 1011 506 (ι
1045 466 1311 507 Confitemini

285 536 485 588 Domino,
509 539 550 578 et
567 538 757 579 invocate
774 548 930 577 nomen
949 536 1065 588 ejus:
1091 549 1110 571 »
1133 537 1173 575 et
1190 539 1280 588 post
1299 545 1309 573 :

285 622 304 646 c(
327 607 502 649 Narrate
520 608 663 649 omnia
688 606 898 648 mirabilia
915 607 1023 659 eJus.
1046 620 1065 643 >³

336 677 477 720 Tertio
499 679 722 731 subjungit
741 677 936 718 miraculi
961 676 1283 728 intelligentiam
1296 709 1305 727 ‚

282 761 380 790 cum
400 749 498 790 dicit
524 750 589 803 (v.
611 751 686 800 66)
706 763 715 789 :
744 749 798 790 Ec
816 750 1050 801 posuerunt
1074 758 1215 789 omnes
1234 748 1312 800 qai

283 821 530 872 audierunt,
563 823 612 863 in
645 821 768 863 corde.
789 830 888 871 sao,
922 818 1140 863 dicentes:
1178 820 1307 871 Quis,

279 894 422 945 putas,
443 902 546 945 puer
563 893 644 935 iste
666 892 749 934 erit
760 892 781 933 ‚9
803 895 846 929 3«
868 891 1040 941 Beatus,
1064 892 1135 943 qui
1155 891 1201 930 in
1219 890 1309 930 istis

283 965 476 1005 versatur
494 963 640 1005 bonis:
673 963 747 1015 qui
768 963 887 1016 ponit
905 963 977 1003 illa
999 962 1043 1002 in
1063 962 1186 1002 corde
1207 973 1305 1012 5110,

284 1033 449 1086 sapiens
480 1034 558 1074 erit
588 1046 768 1086 semper.
802 1048 820 1071 n
845 1033 895 1074 Et
924 1033 1245 1075 Proverbiormn
1266 1033 1305 1073 ⁴:

289 1119 308 1143 «
327 1103 406 1144 Per
424 1116 578 1157 agrum
598 1104 784 1145 hominis
804 1104 928 1157 'pigri
951 1103 1151 1154 transivi,
1175 1106 1215 1144 et
1234 1116 1309 1156 per

280 1175 450 1216 vineam
477 1175 556 1217 viri
587 1175 729 1216 stulti:
761 1178 802 1216 et
831 1187 924 1216 ecce
955 1178 1091 1215 totum
1120 1175 1309 1227 repleve-

278 1250 373 1287 rant
409 1247 578 1297 urticae,
618 1248 877 1299 operuerunt
913 1245 1180 1298 superficiem
1218 1247 1308 1295 ejus

277 1317 430 1370 spinae,
460 1319 502 1357 et
533 1317 715 1357 maceria
743 1316 933 1368 lapidum
962 1316 1174 1356 destructa
1200 1319 1303 1357 erat.

278 1385 396 1435 Quod
415 1397 513 1426 cum
536 1385 758 1436 vidissem,
782 1386 905 1437 posui
924 1385 968 1425 in
989 1387 1112 1426 corde
1133 1397 1243 1436 meo⁷
1266 1388 1306 1427 et

276 1455 471 1509 exemplo
504 1456 630 1497 didici
669 1456 948 1508 disciplinam.
987 1470 1006 1493 ›>
1046 1456 1303 1507 Posuerzmt,

277 1527 431 1568 scilicet
450 1538 525 1579 per
540 1526 812 1567 attentionem
833 1526 1133 1566 intellectivam
1153 1529 1194 1567 et
1214 1539 1303 1567 me-

276 1598 549 1648 morativam,
576 1599 618 1638 et
642 1609 718 1650 per
741 1597 1084 1649 magnitudinem
1113 1598 1306 1639 miraculi

277 1669 586 1722 cognoscebant
599 1667 937 1719 magnitudinem
956 1668 1099 1720 pueri3
1122 1669 1233 1709 unde
1248 1669 1307 1709 di-

276 1740 452 1781 cebant:
487 1740 608 1790 Qais,
634 1741 784 1791 putas,
806 1748 914 1790 puer
945 1738 1024 1780 iste
1043 1739 1151 1780 erit?
1180 1738 1305 1788 Quasi

277 1812 486 1853 dicerent:
518 1803 704 1862 magnus
723 1809 823 1859 erit;
846 1810 1078 1851 secundum
1100 1811 1203 1852 illud
1223 1824 1305 1852 an-

277 1882 361 1934 geli
378 1882 436 1921 51«
454 1881 544 1923 Erit
561 1882 676 1922 enim
698 1892 883 1933 magnus
904 1893 1047 1922 coram
1069 1882 1261 1924 Domino.
1280 1898 1298 1921 n

278 1953 345 1994 Sic
367 1953 561 2002 dicebant
581 1952 631 1993 de
653 1951 816 1993 Christo
835 1952 873 1992 6:
902 1966 922 1990 <‹
942 1951 1059 2002 Quis,
1081 1956 1219 2006 putas,
1244 1957 1305 1995 est

275 2024 384 2065 iste?
402 2038 421 2062 ›)
448 2023 571 2064 Recte
591 2023 642 2064 de
669 2022 832 2063 Christo
861 2023 1055 2064 dicebant
1077 2038 1085 2065 z
1109 2025 1187 2068 Est
1210 2027 1302 2078 istc,

275 2098 477 2149 tanquam
497 2095 547 2136 de
573 2095 788 2146 Creatore‚
811 2097 935 2148 quus
956 2098 1017 2136 est
1037 2108 1222 2139 manere.
1247 2098 1303 2140 De

274 2166 435 2208 vIoanne
463 2178 565 2209 vero
595 2166 821 2207 dicebant:
857 2167 977 2218 Eric,
1017 2170 1221 2221 tanquam
1252 2171 1302 2212 de

275 2238 564 2288 Praecursore,
587 2239 707 2290 cujus
727 2240 816 2278 erat
840 2239 1112 2290 pertransire.
1135 2240 1187 2281 Et
1206 2243 1303 2283 red-

274 2308 380 2349 dunt
397 2308 606 2349 rationem
625 2321 634 2347 t
655 2308 827 2350 Etenim
846 2320 999 2351 manus
1019 2311 1193 2352 Domini
1214 2317 1303 2355 erat

275 2390 368 2420 cum
382 2380 468 2421 illo,
483 2379 497 2400 ⁷
511 2379 694 2420 «Manus
709 2380 824 2419 enim
844 2379 1010 2420 Domini
1024 2385 1114 2421 erat
1134 2395 1301 2424 mecum

276 2450 515 2491 confortans
547 2462 630 2491 mc.
660 2465 679 2488 >³
715 2450 782 2491 Sic
819 2454 860 2491 et
894 2463 989 2492 cum
1021 2452 1183 2494 Joanne
1212 2457 1302 2495 erat

275 2533 428 2562 manus
441 2520 607 2561 Domini
627 2521 788 2572 dextra,
801 2534 1056 2564 conservans
1076 2527 1116 2565 et
1135 2526 1298 2567 confor-

273 2595 367 2633 tans
395 2604 510 2633 eum.
530 2593 544 2614 8
567 2607 586 2630 ((
607 2592 698 2632 Fiat
726 2605 880 2634 manus
906 2596 977 2635 tua
1005 2608 1133 2649 super
1159 2598 1301 2639 virum

272 2663 457 2705 dexterae
473 2666 575 2714 tuae,
591 2666 632 2704 et
655 2676 784 2716 super
805 2665 942 2706 filium
959 2666 1158 2720 hominis,
1172 2681 1301 2722 quem

272 2734 532 2775 confirmasti
553 2734 642 2775 tibi.
664 2749 684 2772 »
711 2734 762 2775 Et
781 2736 840 2776 sic
865 2737 1158 2790 intelligebant
1177 2740 1300 2782 illum

271 2819 380 2858 esse,
405 2807 456 2848 de
475 2819 559 2860 quo
579 2807 774 2848 scribitur
793 2808 832 2849 ⁹:
864 2809 1048 2851 «Posuit
1077 2823 1124 2852 os
1156 2825 1300 2854 meum

271 2878 391 2931 quasi
421 2878 613 2931 gladium
643 2880 817 2919 acutum
833 2893 843 2929 ;
880 2880 925 2920 in
962 2881 1115 2922 umbra
1148 2894 1300 2924 manus

271 2954 360 2991 s'uae
373 2950 555 3003 protexit
569 2962 652 3002 me,
672 2952 713 2991 et
733 2952 875 3004 posuit
890 2964 958 2993 me
972 2952 1079 2994 sicut
1096 2954 1299 3006 sagittam

272 3020 458 3062 electam.
479 3036 499 3060 ›)

325 3093 390 3132 67.
407 3092 463 3135 Et
476 3093 701 3136 Zacharias
711 3097 832 3147 pater
849 3094 956 3146 ejus,
971 3099 1048 3136 etc.
1068 3095 1299 3150 Postquam

273 3162 476 3215 descripta
494 3167 556 3205 est
580 3164 755 3207 Joannis
772 3167 909 3219 origo,
932 3168 1211 3221 subiungitur
1230 3170 1300 3211 hic

316 3245 325 3263 ¹
349 3243 436 3286 Tob.‚
453 3249 574 3286 Χ11,·Ἶ.
596 3266 632 3271 -
659 3249 672 3267 ²
691 3249 782 3281 Psal.
804 3257 871 3290 CIV,
901 3253 930 3291 1,
955 3253 987 3282 2.
1006 3268 1048 3274 —
1071 3251 1084 3273 ³
1118 3253 1237 3291 Ecclz'„
1264 3262 1300 3293 L,

273 3292 324 3323 30.
354 3308 393 3315 -
420 3291 434 3314 ¹·
463 3293 573 3333 Prov„
601 3302 696 3336 xxw,
729 3298 786 3337 31,
818 3297 870 3328 32.
897 3314 937 3320 —-
964 3297 977 3319 5
1004 3298 1095 3339 Luc„
1125 3307 1154 3339 1,
1186 3302 1234 3331 15ι
1259 3318 1298 3323 -

275 3339 287 3357 ⁶
302 3338 420 3378 Marc„
441 3346 488 3380 ιν,
507 3340 558 3371 40.
579 3358 620 3364 -
639 3341 651 3363 7
674 3343 806 3385 Εκεοή.,
827 3352 885 3384 111,
909 3347 959 3376 14.
979 3362 1019 3369 -
1041 3347 1051 3364 ⁸
1070 3346 1158 3378 Psal.
1180 3355 1297 3388 Lxx1x,

276 3387 326 3418 16.
346 3403 386 3408 —
411 3387 422 3405 ³
443 3387 522 3426 lsa„
547 3395 652 3430 xmx,
672 3392 702 3423 2.
723 3409 762 3414 —
792 3391 816 3412 ¹·
834 3393 924 3433 Luc„
951 3401 982 3432 l,
1001 3394 1032 3426 6.
1053 3411 1093 3416 —
1119 3394 1140 3415 ¹¹
1164 3393 1251 3434 Tob.‚
1272 3404 1297 3435 1,

2338 105 2414 143 247

1389 183 1626 236 gratiarum
1647 183 1753 224 actio
1781 196 1858 237 pro
1887 186 2186 240 redemptionis
2211 189 2414 232 beneficio

1381 255 1474 306 jam
1498 253 1692 294 inchoato
1720 254 1764 294 in
1796 257 1893 296 ortu
1924 256 2226 308 PraecursoriS‚
2254 262 2295 300 et
2312 273 2415 302 0011-

1385 324 1640 365 summando
1664 325 1709 364 in
1738 328 1834 366 ortu
1860 326 2103 369 Salvatoris,
2133 328 2251 371 Hanc
2280 329 2414 382 igitur

1387 395 1625 447 gratiarum
1653 395 1860 437 actionem
1890 397 2112 451 dupliciter
2145 399 2415 452 Evangelista

1384 467 1604 509 describit:
1627 469 1780 521 primo,
1803 481 1857 510 ex
1881 473 1999 523 parte
2020 471 2167 513 motivi
2184 484 2193 522 3
2213 473 2412 524 secundo,

1384 550 1438 578 ex
1462 541 1579 591 parte
1599 540 1732 590 modi,
1754 540 1813 580 ibi
1835 541 1900 593 (v.
1922 542 1996 594 68)
2017 556 2026 582 :
2050 542 2307 584 Benedictus
2331 545 2412 586 Do-

1383 610 1542 660 minus,
1567 612 1644 651 etc.
1662 610 1777 651 Circa
1793 613 2002 653 motivum
2023 615 2135 664 nota,
2159 614 2274 666 quod
2292 614 2411 665 illud,

1383 681 1498 733 quod
1518 682 1653 722 movit
1680 681 1924 723 Zachariam
1951 685 2004 725 ad
2027 685 2311 737 laudandum,
2335 686 2414 726 fuit

1383 751 1556 805 spiritus
1586 752 1781 804 divinus,
1818 766 1904 795 non
1940 767 2057 797 suus.
2094 755 2269 809 Propter
2300 757 2413 809 quod

1382 823 1600 876 praemittit
1613 836 1712 864 eum
1728 824 1890 878 Spiritu
1912 829 2054 867 sancto
2074 827 2202 868 fuisse
2222 828 2412 868 afflatum

1382 897 1423 935 et
1441 895 1679 948 impletum.
1710 896 1762 937 Et
1783 897 1922 949 tangit
1950 898 2020 938 1110
2049 899 2144 951 quis
2168 899 2409 951 impleatur,

1383 979 1535 1021 nempe
1556 967 1791 1020 Zacharias,
1809 970 1882 1022 qui
1901 969 1979 1010 fuit
2000 970 2067 1011 vir
2082 972 2240 1023 ι11151115,
2260 971 2311 1011 de
2328 983 2412 1024 quo

1382 1050 1509 1091 supra
1537 1040 1665 1080 etiam
1692 1039 1906 1091 (1101111110,
1929 1041 2043 1093 quod
2069 1056 2089 1079 (‹
2110 1043 2199 1081 erat
2217 1041 2412 1083 incedens

1381 1109 1426 1149 in
1444 1110 1643 1150 omnibus
1662 1111 1870 1152 mandatis
1890 1114 1930 1151 et
1944 1112 2318 1165 ,iustificationibus
2337 1113 2413 1154 Do-

1381 1180 1488 1220 mini
1515 1180 1604 1221 sine
1629 1181 1814 1233 querela.
1837 1196 1855 1219 >³
1880 1182 1929 1222 Et
1956 1182 2036 1223 hoc
2062 1183 2272 1234 innuitur,
2297 1185 2412 1236 quod

1381 1252 1587 1291 memoria
1600 1251 1671 1292 Dei
1684 1252 1882 1304 impletur
1894 1253 2042 1294 divino
2055 1253 2244 1306 spiritu¹¹
2257 1268 2266 1294 ε
2278 1269 2296 1292 «
2305 1254 2412 1304 Quo-

1381 1320 1497 1360 niam
1519 1333 1682 1362 memor
1701 1322 1781 1362 fuit
1804 1322 1972 1363 Domini
1996 1323 2040 1363 in
2066 1325 2154 1364 toto
2172 1324 2295 1365 corde
2316 1337 2409 1374 suo⁷

1380 1390 1492 1430 dedit
1511 1391 1572 1431 illi
1590 1392 1699 1432 Deus
1721 1393 1900 1444 gratiam
1923 1393 1969 1433 in
1994 1396 2219 1446 conspectu
2247 1394 2409 1435 Salma-

1380 1473 1504 1503 nasar
1534 1464 1665 1515 regis.
1700 1479 1718 1502 »
1759 1464 1895 1513 Quare
1932 1465 2160 1518 impleatur
2193 1467 2406 1508 ostendit:

1380 1533 1480 1585 quia
1495 1537 1621 1586 pater
1641 1535 1750 1587 ejzcs,
1773 1535 1930 1577 scilicet
1949 1536 2144 1577 Joannis:
2173 1537 2286 1578 unde
2307 1538 2413 1579 sicut

1379 1607 1515 1645 mater
1552 1605 1747 1657 spiritum
1785 1607 2018 1659 prophetiae
2054 1607 2206 1648 habuit
2242 1611 2413 1662 propter

1380 1676 1537 1726 filium,
1560 1678 1618 1718 sic
1637 1681 1677 1718 et
1696 1680 1865 1731 pater.¹2
1888 1695 1906 1717 «
1925 1680 2097 1721 Exultat
2121 1681 2278 1732 gaudio
2295 1684 2414 1734 pater

1375 1748 1502 1801 justi,
1525 1751 1565 1788 et
1583 1749 1657 1801 qui
1684 1750 1916 1803 sapientem
1942 1752 2108 1803 genuitj
2136 1752 2349 1794 laetabitur
2369 1756 2411 1794 in

1380 1832 1444 1860 eo.
1481 1818 1667 1860 Gaudeat
1696 1823 1815 1872 pater
1843 1823 1967 1871 tuus,
1999 1824 2040 1862 et
2070 1824 2206 1863 mater
2236 1825 2335 1865 tua:
2368 1828 2409 1865 et

1379 1890 1553 1940 exultet,
1577 1902 1675 1942 quae
1695 1891 1846 1942 genuit
1864 1893 1920 1932 te.
1942 1905 1961 1929 ›)
1987 1891 2034 1932 [n
2052 1904 2137 1945 quo
2156 1893 2409 1946 intelligitur

1379 1960 1624 2012 allegorice,
1656 1961 1770 2013 quod
1801 1961 1869 2002 lex
1900 1965 2023 2003 vetus
2054 1964 2095 2003 et
2129 1965 2407 2006 sacerdotium

1378 2043 1467 2071 non
1485 2031 1668 2072 habebat
1688 2031 1893 2085 Spiritum
1916 2036 2124 2086 sanctum,
2148 2035 2230 2075 nisi
2248 2036 2409 2077 ratione

1378 2103 1479 2144 novi
1506 2103 1770 2154 testamenti,
1807 2104 1918 2156 quod
1948 2105 2265 2157 praefigurabat.
2297 2107 2410 2156 Quo—

1379 2173 1505 2214 modo
1543 2174 1792 2226 impleatur,
1832 2175 2039 2225 declarat;
2085 2179 2258 2229 propter
2294 2179 2407 2231 quod

1378 2245 1479 2285 dicit
1500 2260 1508 2285 :
1533 2245 1729 2298 Repletus
1749 2249 1808 2288 est
1827 2246 2014 2298 Spiritus
2034 2251 2230 2289 sancta-¹³
2255 2263 2274 2287 (ι
2295 2248 2407 2290 Num

1377 2316 1569 2356 invenire
1597 2317 1828 2369 poterimus
1855 2318 1983 2357 talem
2012 2318 2176 2370 virum,
2207 2320 2282 2372 qui
2319 2321 2408 2374 spi—

1375 2387 1463 2427 ritu
1487 2386 1556 2427 Dei
1577 2387 1726 2439 plenus
1750 2388 1826 2427 sit?
1849 2402 1868 2425 »
1892 2388 1943 2429 Et
1961 2389 2005 2429 in
2031 2389 2326 2433 Ecclesiastico
2351 2391 2404 2432 ¹¹⁴:

1383 2473 1402 2497 «
1424 2457 1635 2498 Exaltavit
1655 2457 1775 2498 illum
1795 2459 1906 2511 apud
1927 2460 2146 2512 proximos
2163 2473 2282 2511 suos,
2305 2465 2345 2503 et
2363 2462 2407 2502 in

1378 2527 1516 2569 medio
1537 2526 1720 2567 ecclesiae
1749 2528 1908 2580 aperiet
1935 2540 1981 2568 05
2000 2530 2112 2581 eJus,
2137 2531 2178 2570 et
2200 2530 2406 2584 adimple-

1375 2598 1438 2639 bit
1464 2598 1585 2638 illum
1611 2598 1764 2651 spiritu
1793 2599 2010 2652 sapientiae
2037 2603 2077 2640 et
2107 2601 2357 2644 intellectus.
2380 2618 2399 2641 ›)

1376 2669 1425 2709 ln
1445 2681 1531 2722 quo
1549 2669 1815 2721 instruimur,
1833 2682 1917 2723 quo
1935 2671 2138 2713 debemus
2158 2672 2327 2726 impleri
2345 2678 2375 2700 ¹⁵
2393 2689 2401 2715 :

1381 2755 1400 2779 <‹
1419 2739 1684 2793 impleamini
1705 2740 1867 2793 Spiritu
1895 2746 2055 2792 sancto,
2081 2742 2301 2796 loquentes
2327 2756 2403 2786 vo-

1374 2811 1629 2864 bismetipsis
1648 2811 1693 2851 in
1712 2812 1899 2864 psalmis,
1918 2813 2089 2865 hymnis
2108 2817 2148 2855 et
2164 2815 2214 2868 (a)
2233 2815 2404 2856 canticis

1375 2885 1677 2938 spiritualibus,
1705 2899 1724 2923 1)
1751 2885 1817 2926 Ad
1841 2885 1942 2938 quid
1973 2886 2176 2939 impletur
2207 2889 2403 2930 demons-

1375 2959 1482 2997 trat:
1522 2958 1583 2999 Et
1609 2957 1884 3009 prophetavit
1914 2957 2090 3000 dicens:
2118 2958 2330 3000 laudando
2362 2962 2402 2999 et

1373 3027 1656 3081 praedicando.
1675 3028 1702 3050 ¹⁶
1726 3043 1745 3066 (1
1762 3027 1923 3081 Repleti
1949 3034 2049 3070 sunt
2068 3041 2215 3070 omnes
2242 3029 2402 3083 Spiritu

1374 3100 1538 3148 sancto,
1573 3101 1613 3139 et
1649 3101 1867 3152 coeperunt
1902 3100 2018 3154 loqui
2054 3100 2183 3142 variis
2213 3100 2400 3152 linguis,

1374 3173 1500 3223 prout
1529 3169 1711 3224 Spiritus
1741 3173 1909 3211 sanctus
1934 3172 2059 3212 dabat
2090 3171 2232 3224 eloqui
2254 3170 2351 3210 illis.
2376 3184 2395 3207 ›>

1374 3286 1424 3316 13.
1447 3302 1484 3307 -—
1507 3285 1535 3307 1¹
1562 3287 1671 3326 Prov„
1698 3293 1800 3323 xxm,
1821 3287 1873 3327 24,
1899 3287 1951 3318 25.
1971 3303 2012 3309 —
2038 3286 2062 3308 ¹3
2082 3286 2175 3324 Gen„
2198 3293 2269 3325 XLI,
2291 3285 2343 3316 38.
2359 3301 2400 3307 —

1375 3332 1401 3354 ¹¹¹
1418 3332 1540 3373 Ecclz'.‚
1563 3340 1619 3373 XV,
1651 3335 1683 3364 5.
1705 3348 1744 3355 --
1768 3333 1791 3355 ¹⁵
1812 3333 1945 3375 Ephes„
1970 3342 2001 3374 V,
2025 3334 2074 3366 18.
2095 3351 2135 3357 -
2160 3333 2185 3355 ¹⁶
2202 3333 2289 3372 Act„
2310 3338 2349 3372 11,
2367 3333 2399 3363 4.

1415 3398 1458 3438 (a)
1479 3397 1558 3429 Gaet.
1580 3397 1659 3430 edit.
1679 3398 1766 3429 deest
1786 3401 1829 3429 et.
