2634 3853
91 1638 193 1667 Pinna.

1025 181 1297 224 EXPOSITIO
1326 182 1381 224 ΙΝ
1407 183 1520 225 CAP.
1552 182 1620 225 IV.

265 282 324 322 ibi
341 281 394 333 (v.
416 278 477 330 12)
497 291 507 319 ε
530 277 589 319 Et
601 273 856 327 respondens
873 272 990 314 Jesus
1010 270 1144 313 dixit.
1167 270 1283 311 Circa

263 349 502 390 suasionem
525 345 679 387 diaboli
699 344 779 384 tria
807 341 972 383 attende
996 355 1004 380 :
1026 351 1127 380 nam
1148 340 1285 392 primo

262 418 384 470 eligit
403 429 644 470 congruum
668 416 810 456 locum
836 411 1043 454 suasionis
1057 425 1067 460 3
1101 410 1283 450 secundo

259 487 461 540 exprimit
486 487 724 529 suasionem
756 480 1121 538 praecipitationi53
1161 480 1283 521 tertio

259 570 334 611 per
359 558 650 599 auctoritatem
683 552 1002 606 Psalmographi
1030 552 1217 592 excludit
1236 552 1282 591 ti-

259 640 423 670 morem
441 628 642 669 laesionis.
666 626 880 676 Quantum
895 634 1000 675 ergo
1024 622 1076 662 ad
1090 621 1169 662 loci
1188 633 1282 662 con-

257 699 356 749 grui
376 698 625 738 electionem
645 696 796 738 dicitur
817 708 825 734 ;
849 695 909 736 Ec
941 692 1071 734 duoez'c
1091 691 1213 733 illum
1231 693 1280 733 in

255 767 502 819 Jerusalem,
533 770 738 819 tanquam
762 765 814 805 ad
834 764 976 804 locum
1005 761 1213 802 celebrem
1241 764 1281 801 et

255 849 542 879 communem.
566 838 722 879 Ductus
750 837 892 876 autem
921 833 998 873 fuit
1022 845 1075 873 ex
1098 832 1278 884 permiS›

252 909 386 960 sione,
416 922 500 950 non
535 921 589 950 ex
616 906 899 948 imbecilitate.
928 903 1045 944 Unde
1073 903 1276 955 Chryses-

254 981 396 1020 tomus
417 979 515 1019 dicit
530 980 557 1029 ¹,
580 977 693 1032 quod
711 977 754 1017 in
775 975 936 1017 Christo
954 986 1041 1015 non
1064 973 1144 1014 fuit
1162 973 1278 1013 infir-

252 1050 391 1100 mitas,
407 1049 478 1090 sed
494 1049 719 1102 patientia3
744 1048 787 1087 in
807 1045 970 1087 diabolo
989 1055 1090 1084 vero
1110 1055 1197 1084 non
1216 1045 1277 1084 est

252 1119 403 1170 virtus,
425 1120 496 1160 sed
527 1118 738 1172 superbia.
773 1116 824 1157 Et
851 1115 949 1156 dicit
976 1114 1117 1166 glossa
1153 1125 1279 1166 super

252 1189 357 1230 illud
372 1190 574 1240 Matthaei,
592 1188 705 1242 quod
724 1188 815 1228 haec
838 1187 942 1227 visio
964 1184 1171 1237 corporeis
1190 1197 1280 1225 sen-

253 1256 368 1296 sibus
385 1260 444 1297 est
459 1256 680 1309 completa.
698 1255 1023 1307 chrysostomus
1040 1264 1141 1293 vero
1162 1251 1274 1301 dicit,

254 1326 367 1377 quod
387 1326 576 1366 diabolus
595 1326 653 1366 sic
672 1338 771 1366 eum
787 1324 1040 1372 assumebat,
1055 1325 1103 1363 ut
1116 1322 1167 1362 ab
1184 1333 1274 1362 om-

250 1393 377 1434 nibus
410 1394 643 1444 videretur;
682 1394 869 1434 Christus
903 1395 1072 1442 autem,
1112 1391 1276 1432 diabolo

252 1468 478 1519 nesciente,
504 1466 772 1509 invisibiliter
796 1467 854 1506 sic
878 1465 1051 1518 agebat,
1080 1467 1128 1505 ut
1152 1477 1177 1504 a
1200 1476 1277 1504 ne-

251 1537 364 1578 mine
380 1538 611 1579 videretur.
628 1537 759 1588 Unde,
784 1540 831 1578 ut
848 1537 999 1578 melius
1021 1535 1156 1577 videri
1177 1548 1277 1588 pos-

252 1609 319 1657 sit,
342 1610 537 1651 subditur
558 1625 568 1651 z
590 1613 650 1653 Ec
669 1612 821 1653 statuit
837 1621 929 1653 eum
947 1618 1073 1661 super
1089 1610 1274 1661 pinnam

253 1681 408 1732 templi.
448 1680 521 1722 Ille
557 1684 646 1722 erat
683 1682 801 1722 locus
847 1681 956 1722 altus
997 1682 1038 1721 et
1076 1680 1272 1730 celebris,

252 1750 325 1789 ubi
372 1751 560 1792 doctores
603 1755 644 1792 et
689 1752 922 1792 sacerdotes
963 1752 1275 1792 consueverunt

249 1819 366 1873 loqui
380 1821 433 1861 ad
452 1821 633 1874 plebem.
654 1821 704 1863 Et
724 1822 958 1863 secundum
971 1821 1134 1874 aliquos
1148 1833 1274 1874 expo-

249 1890 412 1941 sitores,
436 1895 525 1932 erat
544 1893 766 1933 summitas
782 1892 878 1933 tecti
897 1892 1057 1945 templi,
1080 1893 1193 1945 quod
1213 1893 1274 1933 di-

249 1960 359 2002 citur
389 1962 642 2004 tabulatum.
671 1962 745 2004 Vel
770 1962 1005 2003 secundum
1030 1962 1156 2011 aiios,
1184 1966 1273 2003 erat

248 2031 459 2083 quoddam
498 2032 882 2073 deambulatorium
930 2044 1059 2084 supra
1104 2036 1270 2084 portam

245 2101 407 2154 templi,
420 2101 495 2142 ubi
515 2102 815 2143 ascendebatur
832 2113 907 2154 per
925 2102 1100 2154 gradus.
1120 2101 1272 2143 Secun-

243 2170 346 2211 dum
377 2171 481 2212 alios
505 2184 607 2214 vero
642 2172 788 2213 dicitur
818 2172 925 2213 inibi
955 2173 1084 2213 fuisse
1112 2175 1270 2214 tectum

243 2252 341 2282 cum
372 2242 556 2295 quadam
584 2243 879 2296 appodiatione
916 2243 1030 2284 muri
1064 2258 1073 2284 z
1103 2244 1204 2296 quia
1223 2245 1269 2284 in

243 2310 468 2353 Palaestina
500 2313 650 2354 domus
695 2313 852 2354 habent
893 2316 1001 2354 tecta
1047 2314 1185 2366 plana,
1228 2318 1269 2355 et

242 2382 450 2434 templum
474 2383 624 2423 habuit
649 2385 808 2424 tectum
839 2382 1031 2435 planum,
1053 2388 1101 2424 ut
1125 2385 1267 2425 taber-

241 2451 458 2502 naculum,
487 2455 528 2493 et
559 2452 605 2492 in
629 2452 786 2493 talibus
818 2456 1132 2495 consueverunt
1156 2457 1266 2495 stare

240 2520 428 2562 doctores
463 2524 503 2562 et
534 2522 848 2575 praedicatoreS,
888 2523 1121 2564 secundum
1160 2524 1266 2565 illud

240 2591 437 2635 Matthaez·
447 2593 461 2614 ²
482 2604 497 2634 .·
523 2607 542 2632 (ι
571 2592 689 2642 Quod
722 2593 768 2634 in
797 2606 899 2635 aure
918 2595 1084 2646 auditis,
1106 2596 1261 2648 praedi—-

238 2665 327 2704 cate
346 2673 474 2716 super
492 2665 612 2704 tecta.
635 2678 654 2702 n

291 2732 507 2782 Quantum
532 2733 586 2774 ad
622 2733 862 2774 suasionem
897 2735 1258 2788 praecipitationis,

234 2804 428 2845 subditur
442 2816 452 2844 :
465 2804 520 2846 Et
536 2803 654 2846 dimit
669 2804 761 2846 illi:
781 2804 827 2845 Sz'
838 2803 958 2855 filius
968 2806 1051 2847 Dez‘
1066 2817 1120 2858 es,
1141 2809 1261 2850 mitte

237 2879 274 2916 te
292 2874 390 2917 hinc
410 2874 621 2917 deorsum.
641 2874 746 2924 Quia
767 2875 958 2916 diabolus
978 2876 1175 2918 deorsum
1196 2890 1260 2918 ce—

236 2943 406 2995 ciderat,
442 2944 622 2986 libenter
653 2957 800 2986 omnes
828 2945 1026 2986 deorsum
1054 2947 1255 2989 traheret.

238 3013 402 3055 Infra³2
430 3014 673 3056 «Videbam
698 3018 888 3056 satanam
912 3016 1018 3057 sicut
1039 3017 1186 3070 fulgur
1205 3019 1256 3060 de

238 3083 342 3124 coelo
359 3084 622 3126 cadentem.»
638 3085 718 3127 Sed
737 3085 924 3127 Christus
943 3090 1104 3140 poterat
1121 3088 1257 3130 dicere

237 3153 417 3205 diabolo,
445 3158 487 3196 et
516 3157 678 3209 augelis
710 3158 824 3211 eJus,
858 3157 962 3198 illud
999 3158 1112 3211 quod
1150 3159 1257 3201 dixit

236 3225 420 3267 Judaeis'·
447 3240 457 3266 ε
493 3242 512 3266 «
534 3226 617 3269 Vos
644 3228 696 3270 de
723 3229 921 3270 deorsum
946 3229 1065 3280 estis;
1098 3241 1178 3282 ego
1205 3232 1256 3273 de

277 3360 287 3380 1
320 3359 388 3390 lmo
418 3360 535 3389 auctor
554 3357 655 3399 Oper.
684 3358 821 3401 imperf.
842 3362 875 3392 in
896 3361 1016 3400 Matth,
1046 3361 1142 3394 hom.
1161 3370 1194 3395 V.
1214 3380 1253 3387 —

236 3407 250 3427 ²
269 3405 406 3444 Matth.,
426 3412 461 3444 x,
480 3406 532 3436 27.
550 3405 619 3428 —3
639 3406 729 3447 Luc„
752 3415 785 3447 x,
812 3409 863 3439 18.
883 3426 922 3432 -
942 3409 956 3431 ⁴
974 3409 1083 3450 Joan.,
1105 3417 1179 3450 vm,
1200 3413 1252 3442 23.

234 3470 275 3476 -
301 3454 314 3474 ⁵
338 3453 428 3490 Luc„
457 3459 556 3491 xvm,
584 3453 635 3484 14.
665 3470 704 3476 —-
724 3454 736 3472 ⁶
754 3455 863 3495 Prov.,
884 3463 984 3495 xvm,
1017 3459 1066 3488 12.
1088 3474 1127 3480 -
1143 3458 1156 3479 '¹
1182 3458 1252 3489 imo

2304 193 2380 235 307

1360 274 1555 326 supernis
1590 285 1700 315 sum.
1731 288 1750 312 ›>
1785 275 1901 316 Unde
1930 288 2017 318 non
2045 281 2134 319 erat
2164 282 2255 332 eJus
2286 283 2380 324 des—

1358 344 1554 395 cendere,
1594 345 1666 385 sed
1700 346 1936 387 ascendere.
1973 347 2054 388 Sed
2089 349 2279 391 diabolus
2300 352 2378 393 hoc

1359 415 1642 466 suggerebat,
1684 419 1732 456 ut
1771 415 2055 458 descendendo
2088 421 2376 474 corporaliter,

1357 484 1509 525 faceret
1529 498 1628 526 eum
1649 486 1866 539 superbire
1880 488 2164 543 spiritualiter,
2186 498 2235 536 ut
2254 493 2380 535 simul

1357 557 1465 595 esset
1484 568 1680 597 ascensus
1697 571 1849 609 vanus,
1866 562 1906 600 et
1925 559 2150 602 descensus
2169 573 2312 604 verus.
2330 563 2378 605 In

1356 636 1440 676 quo
1460 626 1691 678 erudimur,
1715 629 1827 681 quod
1847 642 2013 683 semper
2031 632 2122 683 conj
2131 636 2254 674 uncta
2278 638 2377 676 sunt

1355 693 1593 737 humiliatio
1621 701 1661 737 et
1690 699 1909 751 exaltatio,
1940 702 2172 744 secundum
2203 703 2332 745 illud⁵
2363 721 2372 746 ε

1357 779 1376 803 (ι
1399 765 1543 806 Omnis
1562 767 1635 818 qui
1655 779 1698 808 se
1718 768 1888 820 exaltat,
1903 771 2220 826 humiliabitur3
2244 778 2283 816 et
2303 777 2377 829 qui

1354 847 1399 875 se
1415 835 1624 887 humiliat,
1640 837 1913 889 exaltabitur3
1934 856 1952 878 n
1977 842 2077 882 etin
2099 844 2373 888 Prove⁷·bz'z'8⁶:

1362 905 1644 958 «Antequam
1672 911 1931 961 conteratur,
1960 912 2171 954 exaltatur
2199 927 2270 956 cor
2299 917 2379 958 ho-

1354 976 1504 1027 minis,
1543 980 1583 1017 et
1608 981 1835 1032 antequam
1867 981 2150 1036 glorificetur,
2183 986 2379 1029 humilia-

1353 1048 1436 1086 tur.
1471 1062 1490 1084 »
1524 1046 1574 1088 Et
1605 1051 1704 1089 nota
1741 1053 1999 1103 suggerendi
2039 1055 2236 1106 modum,
2279 1070 2376 1098 cum

1352 1115 1449 1156 dicit
1473 1130 1480 1156 :
1504 1117 1626 1160 Mitte
1647 1123 1698 1161 te.
1730 1119 2077 1173 Chrysostomus⁷
2099 1139 2107 1165 :
2130 1125 2223 1167 Non
2242 1127 2378 1180 impu-

1351 1184 1412 1236 lit,
1434 1198 1519 1227 non
1533 1189 1685 1240 tetigit,
1702 1202 1787 1231 non
1807 1193 2176 1248 appropinquavit,
2198 1198 2268 1239 sed
2288 1204 2378 1240 tan-

1351 1258 1445 1296 tum
1472 1257 1576 1299 dixit
1598 1273 1607 1299 ε
1631 1259 1751 1302 Mitte
1771 1265 1809 1303 te
1835 1261 1935 1304 hinc
1968 1264 2174 1318 deorsum,
2200 1272 2247 1309 ut
2275 1270 2377 1311 scia-

1352 1337 1463 1375 muS,
1483 1328 1582 1379 quia
1610 1331 1763 1380 omnis,
1785 1332 1860 1383 qui
1891 1333 2064 1375 obaudit
2085 1337 2265 1389 diabolo,
2287 1341 2376 1392 ipse

1351 1408 1395 1436 se
1415 1396 1586 1449 deponit
1606 1399 1818 1442 deorsum.
1838 1402 1890 1442 Et
1911 1403 2197 1459 Hieronymus
2215 1423 2254 1450 z«
2268 1410 2376 1451 Satis

1350 1468 1413 1506 est
1429 1466 1591 1519 debilis,
1614 1470 1687 1521 qni
1708 1471 1816 1511 nulli
1835 1485 1985 1515 nocere
2005 1479 2153 1529 potest,
2168 1479 2213 1519 ni
2231 1480 2318 1532 ipse
2332 1493 2376 1522 se

1350 1535 1547 1579 deorsum
1567 1541 1767 1591 posuerit.
1790 1557 1808 1580 »
1832 1543 1883 1584 Et
1902 1544 1995 1586 ideo
2018 1559 2170 1589 sanum
2189 1553 2252 1591 est
2271 1564 2375 1593 con-

1349 1606 1522 1648 silium⁸
1547 1624 1555 1650 :
1587 1625 1606 1649 c<
1628 1611 1672 1651 Si
1702 1613 1875 1665 spiritus
1906 1619 2151 1668 potestatem
2181 1620 2375 1664 habentis

1349 1679 1582 1720 ascenderit
1609 1693 1738 1734 super
1761 1686 1817 1734 te,
1844 1684 1986 1727 locum
2016 1690 2139 1730 tuum
2168 1703 2222 1732 ne
2249 1693 2374 1735 dimi-

1348 1748 1465 1799 seris,
1488 1764 1506 1787 »
1525 1762 1603 1791 nec
1621 1756 1933 1808 praesumendO,
1954 1769 2032 1799 nec
2050 1759 2323 1812 desperando.

1403 1819 1618 1868 Quantum
1637 1823 1689 1864 ad
1717 1824 2004 1868 exclusionem
2025 1830 2202 1884 timoris,
2224 1834 2372 1887 adjun-

1349 1890 1413 1942 git
1437 1905 1445 1932 :
1473 1893 1694 1945 Scriptum
1716 1899 1777 1937 est
1801 1899 1934 1948 enim,
1958 1900 2069 1952 quod
2090 1904 2252 1956 anqecz's
2277 1908 2370 1950 suis

1347 1963 1573 2007 mandavit
1593 1965 1644 2007 dc
1665 1971 1716 2009 te.
1743 1967 1831 2009 Hoc
1858 1970 2062 2023 scriptum
2097 1977 2158 2016 est
2183 1976 2228 2017 in
2248 1978 2366 2021 Psal-

1346 2037 1436 2075 mo⁹
1456 2046 1470 2075 .·
1491 2035 1583 2077 ideo
1603 2036 1865 2090 Scripturam
1884 2041 2053 2094 allegat,
2070 2046 2170 2097 quia
2186 2047 2367 2101 videbat,

1346 2104 1456 2155 quod
1478 2105 1664 2147 Christus
1684 2120 1849 2162 semper
1868 2123 1944 2163 per
1962 2111 2223 2166 Scripturam
2242 2130 2286 2159 se
2303 2120 2370 2161 de-

1344 2174 1552 2217 fendebat.
1576 2177 1695 2220 Unde
1723 2180 1821 2222 dicit
1840 2181 1923 2224 Leo
1945 2182 2058 2237 Papa
2086 2198 2096 2226 :
2126 2202 2144 2225 α
2167 2188 2230 2229 Ibi
2250 2202 2369 2232 occa-

1344 2244 1481 2287 siones
1499 2249 1689 2290 tentandi
1708 2250 1888 2304 invenit,
1908 2254 1982 2295 ubi
2001 2255 2195 2299 homines
2214 2260 2369 2302 viderit

1342 2316 1639 2360 vehementius
1657 2323 1902 2375 occupari.»
1923 2323 2039 2367 Unde
2058 2328 2262 2381 scriptun]
2278 2344 2367 2373 esse

1342 2387 1512 2438 asserit,
1535 2392 1583 2429 ut
1614 2390 1785 2432 inducat
1810 2394 2124 2448 credulitatem3
2163 2402 2204 2440 et
2235 2401 2362 2443 etiam

1341 2453 1603 2508 Scripturam
1620 2459 1793 2512 inducit,
1822 2475 1918 2515 quae
1937 2466 2131 2509 excludat
2150 2471 2364 2521 pusillani-

1341 2525 1544 2579 mitatem,
1580 2533 1750 2582 propter
1796 2533 2121 2584 promissionem
2162 2540 2363 2593 adjutorii

1339 2596 1521 2647 angelici
1540 2601 1627 2638 tam
1646 2600 1689 2639 in
1708 2603 1931 2655 prosperis,
1948 2617 2075 2658 quam
2095 2608 2140 2649 in
2159 2611 2358 2654 adversiS.

1338 2664 1513 2719 Propter
1535 2668 1794 2722 adjutorium
1821 2673 1866 2714 in
1891 2678 2122 2730 prosperis,
2151 2680 2250 2722 dicit
2271 2696 2281 2723 :
2311 2682 2362 2727 Uc

1336 2744 1583 2782 conservent
1609 2744 1661 2783 te.
1684 2742 1713 2765 ¹⁰
1741 2757 1760 2781 t(
1780 2742 1883 2785 Ecce
1909 2757 1990 2798 ego
2009 2748 2130 2790 mitto
2154 2751 2359 2803 angelum

1335 2817 1500 2859 meum,
1529 2810 1604 2862 qui
1632 2814 1842 2864 praecedat
1871 2818 1924 2867 te,
1953 2820 1993 2858 et
2017 2820 2221 2862 custodiat
2247 2825 2288 2863 te
2315 2824 2359 2865 in

1334 2877 1417 2918 via.
1444 2893 1463 2917 n
1487 2879 1555 2920 Sic
1572 2881 1687 2922 enim
1707 2885 1930 2927 custodivit
1948 2888 2140 2940 Angelus
2165 2891 2353 2946 Tobiam,

1334 2949 1441 2989 sicut
1457 2950 1609 2992 dicitur
1624 2953 1673 3004 ¹¹;
1694 2954 1753 2994 sic
1772 2958 1812 2995 et
1832 2955 1991 3009 Judith,
2014 2960 2122 3001 sicut
2141 2962 2292 3005 dicitur
2304 2966 2352 3015 ¹²3

1333 3018 1390 3059 sic
1409 3019 1536 3061 etiam
1555 3024 1796 3066 custodiunt
1814 3038 1960 3069 omnes
1980 3030 2093 3071 viros
2112 3034 2266 3086 justos,
2288 3047 2353 3075 se-

1332 3091 1519 3132 cundum
1537 3093 1640 3135 illud
1660 3094 1687 3116 ¹³
1710 3107 1720 3136 ε
1751 3111 1770 3135 ε(
1790 3097 1944 3140 Omnes
1966 3105 2065 3142 sunt
2089 3104 2354 3146 administra-

1331 3161 1430 3201 torii
1461 3163 1646 3216 spiritus,
1675 3166 1720 3207 in
1739 3167 2023 3212 ministerium
2049 3174 2180 3226 missi,
2206 3190 2226 3213 »
2255 3180 2349 3227 etc.;

1331 3233 1372 3271 et
1390 3234 1521 3274 totam
1542 3234 1782 3289 Ecclesiam,
1798 3242 2032 3284 secundum
2050 3243 2177 3285 illud*
2199 3257 2210 3286 ε
2237 3260 2256 3285 α
2274 3246 2352 3288 Su-

1330 3366 1447 3397 auctor
1465 3367 1566 3408 Oper.
1588 3368 1734 3411 imperf„
1758 3371 1817 3404 ubi
1836 3380 1992 3415 supra.—
2012 3376 2025 3398 8
2046 3376 2168 3416 Eccle.,
2197 3384 2231 3418 X,
2264 3380 2293 3410 4.
2313 3395 2352 3402 -·

1329 3411 1342 3433 ⁹
1366 3413 1458 3445 Psal.
1479 3423 1534 3454 xc,
1560 3419 1609 3449 11.
1632 3434 1672 3441 —-
1700 3419 1727 3440 ¹⁰
1745 3420 1868 3459 Exod„
1887 3430 1987 3462 xxm,
2006 3426 2097 3455 20.—
2120 3425 2144 3445 1¹
2170 3424 2259 3464 Tob„
2288 3434 2351 3458 xii.

1329 3476 1370 3482 --
1392 3461 1419 3481 ¹2
1444 3461 1573 3502 Jmlz’ffl,
1596 3471 1671 3496 xm.
1692 3482 1732 3488 -—
1750 3466 1776 3487 1³
1796 3467 1907 3506 Helm,
1929 3478 1954 3509 1,
1977 3471 2198 3508 14.—1⁸lsa..
2220 3480 2304 3512 Lxu,
2321 3476 2351 3505 G.
