2634 3853
167 2122 256 2160 Legio

129 2168 199 2201 quid
221 2174 269 2194 so·

130 2211 189 2236 net.

307 242 386 281 434

305 326 490 369 vinculis
505 328 611 380 ejus.
622 338 642 365 ›>
657 326 737 368 Sed
749 325 1010 367 tolerabilius
1028 327 1089 365 est
1107 324 1327 376 peccatori,

305 398 474 440 obsesso
493 410 518 439 a
534 397 713 447 diabolo,
729 397 883 448 agitari
897 396 941 435 in
955 395 1184 444 desertum,
1199 406 1328 446 quam

302 470 394 510 istis
413 469 592 510 vinculis
610 466 851 518 compediri.
875 465 947 507 Job
971 466 1015 516 ¹4:
1046 479 1065 502 «
1090 464 1137 504 In
1156 463 1329 504 desertis

301 541 547 582 habitabant
566 539 835 587 torrentium,
853 541 894 577 et
915 537 957 576 in
979 536 1170 587 cavernis
1186 539 1326 584 terrae,

301 612 369 654 vel
393 623 517 663 super
539 610 727 661 glaream
747 623 755 648 :
779 609 850 660 qui
868 608 976 649 inter
991 606 1238 660 hujusmodi
1259 606 1328 646 lte-

299 684 510 732 tabantur,
535 683 575 721 et
596 692 683 721 csse
709 680 788 719 sub
809 679 998 720 sentibus
1024 677 1191 719 delicias
1209 688 1324 717 com-

299 754 517 807 putabant.

352 826 508 873 Quarto
527 835 642 872 vero,
655 824 871 875 quantum
892 823 944 863 ad
955 822 1200 862 comitatum
1214 820 1325 861 mul-

297 896 488 937 titudinis
519 895 564 935 in
589 895 780 935 daernone
806 894 1085 947 respondente
1105 893 1326 933 dominicae

296 967 641 1018 interrogationi,
673 965 952 1018 subjungitur
981 965 1034 1016 (v.
1063 965 1152 1013 30)·.
1184 964 1323 1005 Inter-

295 1039 465 1091 roqavz't
487 1042 626 1080 autem
657 1037 778 1078 illum
804 1036 942 1087 Jesus,
984 1035 1130 1076 dicens
1149 1045 1162 1074 .·
1202 1032 1326 1084 Quod

295 1110 377 1153 tibi
389 1120 539 1151 nomen
559 1113 618 1150 est
632 1109 651 1148 ἱ)
674 1108 685 1147 1
693 1108 809 1160 psius
830 1107 944 1147 enim
963 1108 1024 1146 est
1041 1105 1321 1155 interrogare,

295 1184 417 1234 quus
433 1184 494 1222 est
514 1184 554 1222 et
567 1181 784 1233 judicare2
805 1194 813 1220 ε
843 1194 862 1217 «
882 1178 1122 1220 Altissimus
1146 1177 1323 1217 interro-

292 1253 411 1306 gabit
428 1264 555 1305 opera
572 1254 734 1302 vestra,
760 1253 799 1291 et
818 1249 1093 1302 cogitationes
1114 1247 1322 1288 scrutabi-

291 1327 377 1366 tur.
401 1339 419 1363 >³
456 1324 507 1364 Et
534 1324 689 1364 iterum
709 1322 722 1343 ²³
745 1336 754 1362 :
802 1337 821 1360 «
846 1320 932 1362 llos
967 1322 1170 1372 tanquam
1204 1321 1322 1371 pater

290 1407 468 1436 monens
499 1394 549 1447 (a)
583 1392 795 1446 probasti3
827 1392 920 1432 illos
944 1393 1087 1432 autem
1116 1392 1321 1442 tanquam

290 1468 425 1509 durus
434 1480 510 1508 rex
520 1467 803 1518 interrogans,
817 1462 1150 1505 condemnasti.»
1166 1462 1270 1510 Quia
1289 1465 1315 1501 ²⁰:

296 1556 314 1579 α
333 1539 382 1580 In
401 1537 726 1591 cogitationibus
745 1535 864 1588 impii
883 1533 1160 1586 interrogatio
1181 1533 1272 1574 erit.
1295 1548 1314 1571 »

288 1609 587 1662 Interrogabat
617 1610 759 1649 autem
791 1607 843 1647 de
879 1606 1072 1656 nomine,
1108 1616 1192 1645 non
1220 1604 1321 1657 quia

287 1683 524 1734 ignoraret,
548 1679 781 1719 secundum
808 1676 922 1729 quod
953 1675 1098 1716 dicunt
1124 1674 1160 1715 ei
1194 1675 1317 1716 disci-

286 1752 378 1806 puli
397 1753 410 1774 ⁵
433 1766 441 1792 :
483 1767 501 1790 ((
525 1749 647 1791 Nunc
680 1749 836 1789 scimus
857 1746 957 1800 quia
982 1746 1062 1785 scis
1090 1745 1256 1795 omnia,
1278 1747 1319 1785 et

286 1836 373 1865 non
392 1834 499 1876 opus
519 1824 581 1861 est
599 1820 689 1870 tibi,
713 1822 760 1859 ut
780 1818 876 1871 quis
896 1820 937 1857 te
958 1816 1193 1868 interroget
1210 1816 1276 1866 (b);
1294 1830 1313 1854 ›>

287 1899 328 1937 et
342 1895 476 1936 multo
496 1893 637 1935 minus
648 1894 696 1932 tu
710 1890 828 1931 alios.
850 1888 932 1930 Sed
952 1887 1186 1940 quaerebat,
1202 1888 1250 1927 ut
1266 1898 1321 1927 ex

287 1966 561 2020 responsione
594 1962 801 2004 daemonis
839 1962 1060 2014 appareret
1095 1957 1320 1999 comitatus

287 2037 573 2080 multitudinis
586 2051 596 2087 ;
612 2035 725 2076 unde
745 2033 939 2074 subditur
961 2046 971 2072 ε
993 2033 1051 2074 At
1075 2029 1147 2072 ille
1169 2029 1291 2071 clioez‘t
1305 2040 1319 2069 .·

289 2110 432 2162 Leyz'o.
454 2108 587 2159 Legio
607 2105 789 2147 continet
814 2116 889 2145 sex
915 2102 1047 2143 millia
1066 2102 1261 2142 sexcenta
1280 2101 1320 2140 et

291 2181 516 2233 sexaginta
534 2190 627 2228 sex3
644 2179 685 2218 et
702 2177 797 2218 ideo
815 2187 903 2216 non
921 2172 1143 2226 respondet
1163 2181 1321 2212 nomen

291 2251 522 2304 singularis
539 2260 753 2299 personae,
776 2247 848 2288 sed
868 2243 1176 2292 multitudinis;
1207 2241 1322 2294 quod

291 2335 506 2377 exponens
526 2321 815 2373 Evangelista,
840 2316 1041 2370 adjungit
1068 2329 1078 2356 ε
1114 2314 1230 2365 Quia
1250 2313 1322 2355 in-

291 2398 508 2439 traverant
525 2393 739 2435 doemonia
753 2389 888 2432 multa
900 2389 948 2430 in
960 2397 1052 2429 eum
1060 2401 1076 2432 ;
1090 2385 1147 2425 ita
1165 2385 1214 2425 ut
1230 2395 1323 2436 pos-

292 2471 354 2508 set
381 2466 517 2506 dicere
548 2463 726 2505 Domino
755 2460 860 2502 illud
877 2458 917 2499 ⁶:
953 2472 972 2497 α
993 2457 1191 2505 Domme,
1220 2453 1323 2506 quid

291 2536 558 2589 multiplicati
597 2537 697 2575 sunt
731 2533 804 2586 qui
847 2529 1050 2572 tribulant
1082 2529 1176 2567 me?
1206 2538 1225 2563 ›>
1272 2523 1324 2564 Et

291 2610 449 2650 iterum
468 2612 508 2648 ⁷:
537 2622 556 2646 ((
574 2603 838 2658 Multiplicati
859 2603 962 2643 sunt
993 2610 1118 2652 super
1151 2595 1323 2649 capillos

293 2680 438 2733 capitis
469 2680 575 2729 mei,
607 2677 681 2730 qui
707 2676 887 2717 oderunt
921 2684 990 2714 me
1011 2669 1199 2723 gratis.»
1229 2666 1323 2708 Jam

293 2752 559 2791 verificatum
587 2750 675 2789 erat
698 2747 745 2787 in
775 2746 878 2795 isto,
913 2742 1026 2796 quod
1046 2741 1097 2782 de
1117 2738 1323 2780 Antiocho

295 2822 461 2872 dicitur,
477 2820 550 2873 qni
568 2820 612 2871 (c)
630 2816 814 2859 ascendit
828 2813 1135 2866 Jerosolymam
1158 2810 1202 2850 in
1218 2808 1325 2850 mul-

296 2893 476 2933 titudine
497 2890 640 2943 gravi,
664 2891 704 2929 et
734 2886 909 2928 intravit
929 2885 974 2925 in
1001 2883 1058 2935 (d)
1090 2881 1324 2923 sanctifica-

297 2963 455 3003 tionem
493 2973 593 3002 cum
627 2958 843 3012 superbia.
871 2971 891 2995 ))
914 2955 963 2996 Et
984 2954 1042 2995 sic
1065 2966 1118 2994 ex
1139 2954 1324 3005 quatuor

296 3034 528 3087 praemissis
569 3034 740 3086 apparet
783 3028 985 3072 violentia
1022 3024 1177 3067 diaboli
1216 3023 1325 3064 obsi-

296 3106 447 3147 dentis.

352 3181 417 3218 31.
438 3176 491 3217 Ec
511 3174 713 3226 roqabcmt
734 3172 778 3224 (e)
792 3166 928 3221 z’llm'n,
947 3171 1023 3210 etc.
1045 3167 1144 3209 Post
1161 3165 1323 3207 violen-

296 3248 399 3289 tiam
445 3244 649 3287 daemonis
694 3242 944 3291 odsidentis,
984 3237 1211 3290 subJ'ungit
1256 3236 1324 3276 hic

298 3316 572 3369 Evangelista
590 3313 937 3365 omnipotentiam
956 3308 1121 3350 Domini
1139 3307 1324 3348 liberan-

344 3402 447 3443 woh,
468 3409 551 3441 xxx,
571 3401 602 3440 6,
625 3400 655 3430 7.
675 3415 716 3421 -
738 3397 751 3418 ²
770 3397 861 3436 Sap„
886 3402 931 3433 vn,
952 3395 982 3424 4.
998 3409 1038 3416 -
1059 3392 1072 3414 ³
1089 3391 1186 3431 ibid„
1205 3398 1253 3430 xi,
1273 3392 1325 3421 11.

300 3468 339 3475 -—
361 3451 374 3472 ὃ
394 3449 493 3490 lbid.‚
515 3456 544 3488 1,
564 3449 596 3478 9.
616 3462 657 3469 ——
678 3445 689 3464 ⁶
707 3445 818 3481 Jocm„
839 3449 915 3480 xv1,
936 3442 987 3471 30.
1013 3456 1048 3461 —
1068 3439 1079 3457 ‘³
1097 3438 1271 3476 Pam-111,
1292 3438 1322 3468 2.

300 3516 340 3522 -—
360 3499 370 3517 ⁷
389 3495 479 3528 Psal.
496 3501 617 3532 vallt,
640 3494 670 3524 5.
685 3507 724 3513 —
743 3490 757 3511 ⁸
778 3491 786 3521 1
809 3488 932 3528 Maeli„
954 3495 976 3525 1,
998 3488 1050 3525 22,
1071 3486 1121 3516 23.
1140 3502 1180 3507 -
1199 3485 1211 3503 ⁹
1231 3483 1322 3516 Psal.

301 3552 448 3581 CXLVIII,
471 3543 500 3575 G.
522 3558 561 3566 -
581 3542 606 3562 ¹⁰
626 3540 737 3578 Alme„
759 3544 822 3574 xx,
848 3538 879 3565 2.
901 3552 940 3557 -
969 3535 986 3551 ¹¹
1010 3532 1132 3569 Essem,
1154 3539 1208 3571 xv,
1231 3532 1260 3561 5.
1286 3546 1324 3554 -·

1030 233 1314 278 EVANGELII
1345 233 1530 280 SANCTI
1561 239 1711 282 LUGAE

1405 326 1472 368 tis.
1492 327 1734 369 Ostenditur
1753 329 1896 369 autem
1928 329 1973 370 in
2000 330 2079 371 hac
2107 331 2225 384 parte
2245 330 2433 373 Christus

1402 399 1549 449 potens
1570 411 1645 452 per
1664 411 1835 440 omnem
1867 401 2067 453 modum,
2096 403 2250 445 scilicet
2283 405 2432 456 potens

1401 466 1446 507 in
1464 470 1766 520 permittendo,
1797 472 1943 522 potens
1964 471 2006 511 in
2027 471 2253 524 salvando,
2284 476 2431 527 potens

1402 537 1445 577 in
1492 540 1767 592 imperando,
1802 544 1949 593 potens
1987 541 2031 581 in
2073 543 2296 593 perdendo.
2339 544 2430 585 Pri-

1401 619 1471 648 mo
1504 621 1611 660 ergo
1644 610 1876 651 ostenditur
1907 613 2055 663 potens
2104 611 2150 651 in
2186 612 2431 664 imperando

1400 680 1507 723 dura
1530 713 1541 733 ‚
1594 683 1638 723 in
1689 684 1769 724 hoc
1818 684 1931 737 quod
1976 684 2127 725 dicitur
2155 698 2163 724 ε
2206 686 2260 726 Et
2307 696 2430 738 ‘roya-

1401 751 1501 794 bamt
1523 753 1565 805 (e)
1589 753 1726 803 illum,
1767 755 1922 795 scilicet
1959 754 2195 806 daemoneS‚
2228 766 2278 797 ne
2298 757 2430 808 impe-

1400 826 1516 865 raret
1537 824 1625 865 illis
1657 828 1703 866 ut
1732 825 1780 866 in
1801 825 2000 878 abyssum
2026 826 2138 868 irent
2153 840 2163 875 ;
2188 826 2288 878 quia
2307 838 2430 867 man—

1399 891 1546 933 datum
1577 895 1669 945 ejus
1704 907 1789 936 non
1826 897 2020 948 poterant
2046 895 2286 947 praeterire,
2309 897 2432 948 Juxta

1401 963 1508 1004 illud
1527 965 1540 986 ⁹
1565 979 1573 1005 :
1602 980 1621 1004 «
1641 966 1905 1019 Przeceptum
1926 966 2088 1019 posuit,
2111 968 2151 1007 et
2172 978 2256 1007 non
2277 970 2430 1019 praete-

1397 1034 1512 1075 ribit.
1534 1048 1553 1072 ›>
1579 1035 1674 1077 Ideo
1696 1039 1960 1089 rogaverunt
1980 1049 2079 1078 eum
2095 1068 2106 1088 ,
2127 1037 2227 1090 quia
2247 1036 2432 1078 sciebant

1398 1106 1511 1157 quod
1530 1106 1619 1159 ipse
1641 1110 1731 1148 erat
1747 1109 1815 1149 ille
1829 1109 2025 1161 angelus,
2045 1109 2095 1149 de
2115 1120 2199 1162 quo
2219 1109 2247 1131 1⁰
2270 1123 2279 1150 :
2300 1124 2319 1148 α
2338 1109 2431 1151 Vidi

1396 1176 1603 1227 angelum
1624 1178 1945 1220 descendentem
1965 1179 2016 1220 de
2043 1178 2146 1219 coelo
2160 1211 2170 1230 ,
2204 1179 2431 1220 habentem

1396 1246 1558 1288 clavem
1579 1248 1738 1301 abyssi,
1753 1264 1773 1287 »
1801 1249 1843 1289 id
1863 1252 1939 1300 est,
1961 1251 2211 1301 potestatem
2239 1249 2432 1291 mittendi

1394 1316 1438 1357 in
1472 1318 1675 1370 abyssum
1714 1321 1830 1372 justo
1868 1331 1945 1360 suo
1978 1319 2159 1372 Judicio‚
2194 1320 2302 1360 sicut
2336 1320 2432 1361 fecit

1394 1387 1607 1442 AEgyptiis
1628 1391 1654 1412 ¹¹
1684 1403 1694 1431 :
1720 1405 1739 1428 «
1759 1390 1913 1443 Abyssi
1933 1392 2195 1442 operuerunt
2223 1402 2293 1431 eos
2318 1405 2327 1431 :
2362 1391 2431 1432 de-

1394 1459 1647 1501 scenderunt:
1666 1461 1710 1500 in
1722 1461 1978 1513 profundum
1996 1461 2118 1513 quasi
2137 1461 2256 1514 lapis.
2273 1475 2291 1500 υ
2318 1461 2370 1502 Et
2386 1461 2430 1501 in

1393 1530 1656 1583 Apocalypsi
1672 1532 1730 1572 ¹²:
1760 1546 1779 1571 <‹
1806 1530 2046 1572 Judicatum
2080 1534 2142 1573 est
2163 1532 2214 1573 de
2246 1531 2430 1584 singulis

1394 1601 1629 1641 secundum
1666 1613 1792 1654 opera
1830 1601 2047 1654 ipsorum;
2093 1604 2134 1642 et
2167 1602 2356 1642 infernus
2389 1605 2430 1642 et

1394 1683 1509 1712 mors
1538 1672 1656 1712 missi
1689 1675 1789 1712 sunt
1820 1672 1865 1712 in
1895 1674 2100 1724 stagnum
2133 1673 2262 1724 ignis.
2293 1687 2311 1711 n
2345 1672 2431 1713 Hoc

1389 1741 1602 1793 judicium
1622 1742 1828 1782 timebant
1857 1742 2072 1782 daemones
2098 1742 2321 1783 accelerari
2350 1742 2431 1783 sibi

1394 1824 1468 1864 per
1499 1812 1729 1865 imperium
1760 1812 1934 1863 Christi,
1957 1824 2045 1853 non
2073 1814 2292 1865 tamquam
2317 1824 2432 1865 prae-

1394 1883 1470 1924 scii
1489 1883 1734 1924 futurorum
1747 1915 1757 1935 ‚
1781 1883 1852 1924 sed
1871 1894 1947 1935 per
1965 1883 2075 1923 dicta
2092 1883 2395 1936 prophetarum
2414 1897 2423 1925 :

1394 1954 1507 1995 unde
1527 1954 1780 1995 Ambrosius
1800 1954 1828 1976 1⁸
1855 1968 1895 1994 z«
1909 1953 2102 1996 Sciebant
2120 1954 2334 1995 daemones
2351 1966 2428 2007 per

1395 2025 1627 2068 adventum
1647 2025 1801 2068 Christi
1830 2037 1874 2066 se
1895 2024 2123 2078 aliquando
2153 2025 2198 2065 in
2220 2025 2427 2078 abyssum

1395 2097 1652 2148 mergendos
1665 2129 1676 2148 ‚
1697 2109 1785 2138 non
1815 2096 1906 2149 ipsa
1923 2095 2066 2137 futura
2083 2096 2425 2148 praedivinantes,

1397 2168 1467 2209 sed
1494 2167 1800 2220 prophetarum
1822 2166 1873 2207 de
1893 2178 1938 2206 se
1958 2166 2069 2207 dicta
2087 2165 2336 2207 recolentes.
2358 2179 2380 2204 ι)

1451 2237 1643 2279 Secundo
1680 2237 1835 2278 dicitur
1876 2239 2023 2289 potens
2063 2236 2108 2276 in
2145 2236 2428 2289 permittendo

1397 2308 1567 2359 damna,
1589 2308 1635 2348 in
1661 2308 1743 2348 hoc
1770 2306 1884 2361 quod
1905 2307 2101 2348 subditur
2123 2306 2179 2359 (v.
2201 2308 2266 2357 32)
2286 2316 2297 2346 :
2323 2307 2430 2349 Erat

1397 2383 1537 2423 autem
1558 2379 1620 2422 ibi
1645 2389 1750 2432 qreoe
1768 2388 1989 2432 porcorum
2009 2378 2235 2421 multorum
2250 2388 2430 2431 pascen-

1398 2452 1508 2495 tium
1530 2452 1580 2493 in
1598 2453 1748 2501 monte,
1784 2449 1829 2490 in
1863 2460 1991 2502 quos,
2025 2448 2122 2490 licet
2150 2449 2276 2489 bruta
2293 2451 2430 2490 essent

1398 2523 1612 2573 animalia,
1632 2522 1849 2563 daemones
1866 2532 1955 2562 non
1974 2519 2185 2560 habebant
2202 2531 2323 2572 posse
2348 2520 2427 2561 nisi

1399 2607 1453 2635 ex
1471 2594 1615 2636 divina
1633 2592 1924 2646 permissione.
1946 2590 2055 2632 Nam
2084 2591 2136 2632 de
2155 2591 2318 2632 Christo
2338 2591 2427 2632 dic·-

1398 2667 1491 2706 tum
1510 2667 1571 2706 est
1588 2666 1647 2705 1⁸:
1676 2678 1696 2703 ι(
1721 2663 1872 2704 Omnia
1896 2661 2113 2715 subiecisti
2143 2662 2222 2703 sub
2250 2662 2429 2715 pedibus

1398 2737 1518 2789 ejus,
1550 2746 1651 2777 oves
1684 2736 1726 2775 et
1749 2734 1879 2775 boves
1909 2732 2152 2784 universas,
2185 2732 2360 2785 insuper
2387 2734 2428 2774 et

1398 2818 1549 2860 pecora
1568 2805 1719 2858 campi.
1739 2819 1758 2843 υ
1786 2803 1904 2845 Unde
1930 2804 1975 2844 in
1993 2804 2120 2844 istum
2142 2815 2322 2856 gregem
2340 2815 2426 2844 non

1399 2880 1593 2930 poterant
1612 2875 1845 2929 quidquam
1859 2905 1872 2925 ,
1895 2874 1977 2914 nisi
1996 2886 2049 2915 ex
2068 2873 2342 2927 permissione
2361 2873 2423 2914 di-

1399 2949 1516 2999 vina,
1539 2946 1773 2988 secundum
1792 2944 1900 2986 illud
1920 2945 1947 2966 ¹²⁵
1972 2958 2012 2985 2«
2023 2943 2170 2985 Nonne
2188 2943 2272 2983 duo
2291 2954 2427 2995 passe-

1400 3032 1466 3061 res
1483 3031 1575 3060 asse
1594 3018 1812 3061 veneunt?
1833 3017 1884 3058 Et
1902 3027 2014 3057 unus
2029 3014 2184 3056 exiliis
2202 3025 2289 3054 non
2307 3014 2426 3055 cadet

1400 3102 1526 3144 super
1545 3092 1703 3130 terram
1722 3088 1812 3129 sine
1831 3087 1956 3129 Patre
1974 3088 2129 3136 vestro,
2150 3099 2169 3122 »
2195 3084 2238 3125 id
2257 3087 2331 3136 est,
2351 3096 2427 3138 po-

1399 3162 1530 3202 tentia
1548 3159 1681 3201 Patris
1695 3158 1840 3202 vestri.
1861 3157 1913 3198 Et
1931 3156 2024 3198 ideo
2044 3155 2264 3196 subditur:
2287 3157 2348 3198 Ec
2363 3166 2427 3198 ro-

1400 3232 1557 3286 qabcmt
1568 3241 1660 3274 eum
1672 3228 1988 3281 unpermitterec
1999 3227 2058 3269 eis
2069 3227 2118 3268 in
2129 3226 2223 3269 illos
2234 3224 2422 3278 inoredi.

1403 3327 1430 3350 ¹²
1448 3327 1559 3368 Apoc.,
1583 3333 1647 3365 xx,
1674 3326 1731 3364 13,
1759 3324 1809 3355 14.
1828 3338 1869 3346 —-
1896 3321 1923 3342 1³
1943 3321 2075 3361 Ambra,
2103 3322 2143 3354 in,
2163 3321 2255 3359 Lucu,
2278 3319 2336 3352 lib.
2368 3320 2424 3360 VI,

1400 3383 1435 3406 n.
1457 3376 1507 3406 46.
1529 3389 1568 3397 -
1590 3372 1615 3394 ¹⁴
1636 3370 1726 3402 Psal.
1747 3377 1824 3410 vlu,
1839 3370 1870 3400 8.
1892 3385 1928 3392 -
1952 3368 1978 3389 ¹⁶
1995 3368 2128 3407 Matth„
2146 3375 2182 3409 x,
2202 3368 2254 3400 29.

1445 3432 1490 3473 (a)
1512 3432 1592 3464 Coet.
1609 3429 1689 3462 edit.
1716 3436 1873 3460 movens.
1896 3444 1931 3450 —
1949 3426 1994 3468 (b)
2018 3427 2097 3460 Coet.
2118 3426 2199 3458 edit.
2213 3424 2288 3459 add.
2306 3425 2341 3456 in
2359 3425 2425 3457 boc

1402 3479 1571 3512 credimus
1592 3476 1683 3517 quod
1704 3484 1722 3506 a
1739 3477 1809 3507 Deo
1827 3474 1936 3507 existi.
1952 3491 1993 3498 --
2012 3474 2051 3514 (c)
2074 3473 2155 3506 Coet.
2174 3473 2253 3504 edit.
2277 3473 2369 3510 Quis.
2386 3488 2425 3495 ·--

1402 3527 1452 3569 (d)
1477 3521 1558 3559 caet‘.
1584 3523 1666 3555 edit.
1696 3522 1784 3554 deest
1803 3522 1850 3554 in.
1874 3539 1909 3545 --
1939 3522 1980 3561 (e)
2002 3522 2082 3553 Gaet.
2106 3520 2186 3553 edit.
2213 3521 2424 3561 royaverunt.
