2634 3853
62 1012 185 1041 Festum

64 1053 200 1080 Purifica-

58 1095 158 1123 tionis.

1005 119 1278 161 EXPOSITIO
1309 120 1359 160 IN
1391 119 1502 161 CAP.
1537 119 1586 160 Il.

235 217 347 260 unde
364 213 539 256 dicitur:
565 210 647 253 Die
673 219 723 252 ac
749 211 888 254 nocte:
914 207 1146 250 secundum
1166 208 1256 249 for-

234 297 348 329 mam
377 281 566 336 Apostoli
590 282 629 321 ¹:
664 295 683 319 α
712 280 815 330 Quae
841 291 942 322 vere
965 279 1094 321 vidua
1125 280 1187 319 est
1216 280 1257 319 et

231 354 413 399 desolata
432 367 441 395 ε
465 355 603 406 sperat
622 352 666 393 in
685 352 786 402 Deo,
810 353 850 392 et
869 351 994 391 instat
1011 349 1257 390 obsecratio—

229 426 355 468 nibus
374 427 414 466 et
433 423 694 465 orationihus
715 423 781 463 die
801 434 848 463 ac
867 422 1001 462 nocte.
1017 435 1035 458 »

280 497 346 537 38.
369 495 426 539 Et
444 494 529 536 hoec
552 496 650 547 ipsa
668 494 794 543 hora,
816 494 893 533 etc.
918 491 994 531 Hic
1014 491 1136 532 tertio
1156 492 1254 532 des-

225 566 401 607 cribitur
429 565 660 606 testimonii
692 563 934 612 celebritaS,
969 564 1059 602 tum
1091 562 1253 603 ratione

224 636 426 689 temporis
445 635 736 688 congruentis,
759 637 851 674 tum
879 633 1039 674 ratione
1059 633 1251 674 multitu-

224 707 332 749 dinis
364 707 674 748 consentientis.
703 705 876 747 Ratione
913 704 1116 756 temporis
1148 716 1251 745 con-

225 780 440 831 gruentis,
463 777 636 820 dicitur:
659 777 715 820 Ec
737 777 841 827 hoec,
863 776 961 828 ipsa
979 775 1084 817 hora
1101 785 1251 827 super-

222 850 408 900 veniens,
429 849 707 901 confitebatur
732 849 924 891 Domino.
948 846 993 887 In
1016 858 1100 899 quo
1120 858 1251 899 appa-

221 923 308 972 ret,
348 921 461 974 quod
491 921 634 963 divino
673 919 877 960 instinctu
913 918 1048 959 factus
1080 920 1141 958 est
1173 918 1250 959 iste

222 1003 475 1042 concursus;
498 993 539 1033 et
560 991 654 1032 ideo
674 992 826 1032 festum
849 989 1166 1044 'PurificatIOnis
1186 989 1248 1030 di-

221 1062 330 1104 citur
365 1063 519 1104 festum
550 1062 835 1113 obviantium,
870 1062 970 1115 quia
1001 1061 1173 1102 Simeon
1208 1062 1249 1102 et

219 1133 346 1177 Anna
365 1135 645 1176 obviaverunt
663 1133 818 1186 ,Ioseph
839 1135 879 1174 et
898 1132 1040 1173 Mariae
1061 1132 1150 1172 sine
1171 1132 1246 1172 ali-

218 1217 303 1259 qua
330 1205 658 1262 convocatione:
687 1207 728 1244 et
750 1204 842 1245 ideo
875 1205 921 1244 in
953 1203 1018 1244 die
1044 1203 1115 1244 illo
1146 1204 1247 1244 uni-

216 1275 439 1318 versaliter
468 1276 516 1315 fit
548 1275 774 1327 processio.
804 1275 921 1315 Unde
956 1275 1062 1314 sicut
1099 1274 1245 1315 eodem

215 1346 365 1399 spiritu
385 1346 516 1397 venit,
541 1357 624 1398 quo
644 1345 830 1395 Simeon,
851 1345 908 1385 ita
928 1347 968 1384 et
988 1345 1136 1385 eodem
1156 1345 1245 1397 spi—

215 1417 304 1460 ritu
335 1417 628 1471 prophetavit,
658 1418 698 1456 et
727 1416 950 1469 impletum
982 1418 1044 1457 est
1077 1416 1181 1457 illud
1201 1417 1241 1457 ²:

221 1504 240 1529 α
261 1489 313 1531 Εῖ
339 1487 652 1542 prophetabunt
676 1487 752 1527 filii
778 1487 928 1539 vestri,
958 1489 999 1528 et
1025 1487 1122 1528 filiae
1148 1499 1244 1528 ves-

214 1562 312 1611 trae3
346 1571 466 1600 senes
496 1559 626 1601 vestri
659 1559 844 1600 visiones
869 1559 1095 1610 videbunt,
1118 1574 1137 1598 »
1164 1562 1240 1601 etc.

214 1630 412 1672 Attamen
437 1630 644 1671 Simeonis
672 1630 910 1670 testificatio
939 1630 1133 1682 explicite
1150 1631 1241 1671 des-

214 1703 405 1753 cribitur,
421 1705 461 1743 et
474 1714 548 1755 per
561 1701 736 1742 modum
751 1701 1063 1754 praedicationis
1079 1715 1088 1752 ;
1110 1702 1243 1744 Annae

212 1786 339 1824 vero,
361 1773 559 1826 implicite
585 1775 627 1814 et
652 1784 726 1826 per
751 1773 928 1813 modum
955 1773 1240 1824 confessionis,

212 1845 313 1900 quia
331 1844 550 1886 docerein
578 1843 760 1884 Ecclesia
787 1856 873 1884 non
901 1846 962 1884 est
984 1844 1239 1896 mulierum,

211 1916 284 1959 sed
303 1916 497 1959 virorum
517 1916 551 1956 ⁸:
581 1930 601 1953 «
621 1914 774 1955 Docere
802 1917 943 1955 autern
968 1915 1137 1955 mulieri
1156 1928 1242 1956 non

211 1987 410 2042 permitto
434 1987 480 2026 in
506 1985 699 2034 ecclesia,
722 1997 860 2038 neque
880 1985 1088 2025 dominari
1109 1986 1155 2026 in
1173 1987 1239 2027 vi-

210 2070 324 2109 rum,
347 2058 420 2099 sed
439 2069 528 2098 esse
547 2057 593 2097 in
612 2056 792 2097 silentio.
815 2071 834 2094 ))
854 2055 905 2097 Εῖ
922 2059 1035 2107 nota,
1059 2057 1172 2110 quod
1192 2057 1242 2099 de

211 2129 375 2172 Christo
390 2128 720 2182 prophetaverat
740 2126 926 2178 Simeon,
945 2130 986 2168 et
1004 2127 1239 2181 Zacharias,

211 2202 252 2242 et
271 2199 403 2242 Maria
422 2200 564 2252 virgo,
586 2201 627 2240 et
645 2198 862 2240 Elizabeth
883 2199 1077 2252 copulata
1097 2201 1242 2253 conju-

212 2272 310 2324 gio;
345 2274 386 2312 et
415 2271 508 2312 ideo
541 2281 785 2322 congruum
819 2272 867 2309 ut
901 2270 1174 2322 prophetaret
1200 2272 1241 2311 et

209 2342 361 2392 vidua,
387 2353 440 2381 ne
459 2340 601 2392 aliqua
621 2339 820 2391 professio
841 2339 973 2389 desit,
1000 2342 1074 2379 aut
1094 2351 1237 2381 sexus.

211 2411 385 2453 Ratione
399 2422 500 2453 vero
516 2410 799 2451 multitudinis
817 2410 1130 2460 consentientis,
1146 2412 1240 2452 sub-

211 2483 350 2524 ditur:
385 2483 438 2525 Et
469 2481 711 2536 loquebatur
737 2480 787 2522 cte
817 2480 889 2522 illo
922 2481 1135 2532 omnibus,
1164 2485 1240 2535 qui

209 2554 483 2606 expectabant
510 2552 838 2606 redemptionem
862 2552 1008 2593 lsrael.
1041 2552 1104 2592 illi
1125 2554 1239 2594 enim

207 2625 387 2666 libenter
413 2625 662 2675 audiebant;
696 2624 809 2665 unde
845 2624 1038 2664 dicebant
1073 2625 1177 2666 illud
1197 2625 1236 2668 ⁶:

212 2711 233 2737 <t
251 2696 356 2738 Ecce
374 2695 484 2738 Deus
502 2697 644 2737 noster
663 2696 760 2746 iste,
783 2695 1101 2748 expectavimus
1122 2708 1237 2749 eum,

205 2770 246 2809 et
273 2767 451 2809 salvabit
477 2778 570 2808 nos.
595 2782 614 2805 ›)
639 2766 733 2808 Jam
761 2768 925 2820 poterat
949 2767 1171 2808 decantare
1192 2772 1204 2794 ⁵
1225 2781 1234 2810 :

212 2852 231 2877 α
243 2838 590 2891 Redemptionem
600 2838 716 2879 misit
726 2837 928 2879 Dominus
938 2838 1094 2890 populo
1105 2850 1197 2879 suo.
1214 2852 1233 2876 n

207 2906 412 2951 Omnibus
435 2909 703 2963 loquebatur,
730 2909 829 2962 quia
854 2909 899 2949 in
925 2909 1006 2950 hoc
1030 2909 1238 2962 pendebat

208 2977 322 3019 salus
341 2980 532 3021 omnium
550 2981 588 3022 ⁶:
609 2995 628 3020 (ι
644 2980 695 3022 Εῖ
720 2981 822 3022 sciet
840 2981 978 3022 omnis
997 2992 1115 3033 caro,
1137 2981 1238 3034 quia

210 3060 293 3101 ego
311 3050 514 3093 Dominus
533 3053 700 3096 salvans
719 3056 774 3104 te,
798 3055 839 3093 et
860 3052 1100 3104 redemptor
1119 3053 1233 3106 tuus,

209 3119 327 3160 fortis
345 3119 519 3163 Jacob.»
536 3122 589 3164 Et
609 3126 707 3165 nota
726 3124 797 3165 hic
816 3123 1106 3177 spiritualiter,
1123 3123 1236 3175 quod

257 3225 412 3264 ¹1Tz'm.,
431 3233 464 3265 V,
487 3228 517 3259 5.
537 3246 579 3252 -—
597 3229 609 3248 2
626 3229 721 3267 Joel.,
742 3237 782 3270 ΙΙ,
802 3231 853 3262 28.
873 3246 914 3252 —-
933 3229 977 3260 31
1001 3230 1158 3270 Te'm.,1i,
1184 3231 1234 3262 12.

210 3289 249 3297 --
268 3271 282 3293 ⁸
300 3274 379 3312 Isa„
398 3280 478 3314 xxv,
499 3276 530 3307 9.
550 3293 589 3299 —
608 3277 621 3299 ὃ
639 3277 728 3310 Psal.
746 3285 802 3318 cs,
823 3279 854 3310 9.
878 3294 918 3300 —
936 3278 947 3295 θ
968 3276 1046 3317 lsa.‚
1064 3285 1162 3317 mx,
1181 3279 1232 3308 26.

211 3337 247 3342 -
270 3321 281 3340 ⁷
300 3320 410 3357 Prov·‚
434 3328 459 3362 Ι,
481 3323 511 3352 5·
528 3338 567 3346 -—
591 3323 605 3345 ⁸
630 3324 744 3364 Hebr„
762 3334 847 3367 xm,
868 3325 900 3358 9.
924 3342 966 3349 —-
983 3325 997 3348 ⁹
1023 3326 1047 3358 11
1074 3326 1163 3366 Com,
1187 3333 1233 3365 ix,

211 3370 262 3399 10.
282 3385 324 3393 —
342 3369 370 3391 1⁰
387 3370 500 3410 Prov„
518 3378 588 3411 xvi,
605 3373 657 3404 32.
673 3390 714 3396 -
735 3374 760 3395 11
778 3375 871 3415 Sap„
891 3380 972 3413 vni,
992 3375 1022 3406 7.
1043 3374 1126 3398 -12
1146 3375 1232 3412 Act„

210 3423 285 3456 xxi,
302 3417 332 3449 9.
344 3434 379 3439 -
401 3417 428 3438 υ
447 3418 497 3450 Ex
515 3417 653 3450 hebraeo
675 3419 746 3458 rm,
766 3424 799 3453 et
818 3422 920 3462 pheh,
936 3424 968 3453 et
987 3402 1083 3459 ’τὲ-ἠ,
1103 3421 1212 3462 lappid
1222 3431 1231 3460 ;

2285 126 2361 164 277

1333 209 1378 249 in
1402 209 1611 250 oblatione
1638 208 1806 250 Domini
1831 209 2014 262 quatuor
2044 217 2237 261 personae
2255 210 2361 253 offe-

1332 282 1446 331 runt,
1464 279 1621 321 scilicet
1631 279 1649 321 J
1652 280 1798 334 oseph,
1808 279 1954 331 Maria,
1968 278 2153 331 Simeon,
2168 280 2207 321 et
2215 280 2337 322 Anna
2348 297 2357 324 ε

1332 353 1431 405 quia
1448 353 1604 402 anima,
1626 364 1723 405 quae
1742 365 1895 394 verum
1917 351 2170 393 sacrificium
2191 351 2284 393 vult
2304 353 2362 394 of·-

1331 422 1439 464 ferre
1460 423 1563 474 Deo,
1591 423 1712 464 debet
1734 423 1889 465 habere
1907 422 2154 464 comitatum
2178 425 2361 475 quatuor

1329 494 1539 535 virtutum
1560 495 1854 536 cardinalium.
1876 494 1956 536 Per
1974 492 2216 535 Simeonem
2235 506 2356 535 nam-

1329 579 1435 620 que,
1458 567 1532 619 qui
1556 567 1854 621 interpretatur
1874 567 2079 619 audiens,
2102 566 2359 619 intelligitur

1328 637 1555 690 prudentia
1582 637 1595 659 ⁷
1620 649 1631 678 ε
1660 638 1884 679 «Audiens
1912 638 2099 692 sapiens,
2129 638 2360 691 sapientior

1327 709 1420 749 erit.
1442 723 1462 747 n
1488 708 1567 749 Per
1586 709 1754 750 Annam
1781 721 1906 761 vero,
1933 721 2031 763 quae
2058 709 2359 762 interpretatur

1327 780 1485 832 qratia,
1517 779 1773 831 intelligitur
1805 780 2084 833 temperantia
2114 780 2156 822 ⁸:
2188 795 2206 820 a
2237 778 2358 834 Opti-

1326 862 1446 891 mum
1462 853 1522 891 est
1537 851 1674 904 gratia
1694 851 1878 892 stabilire
1899 863 1986 902 cor,
2003 863 2089 892 non
2104 850 2222 900 escis,
2242 865 2262 890 >>
2277 852 2355 892 etc.

1326 922 1407 963 Per
1424 921 1578 975 Joseph
1597 922 1740 965 virum
1758 924 1941 976 Justum,
1963 923 2035 976 qui
2055 923 2358 975 interpretatur

1326 996 1621 1046 augmentum,
1652 993 1906 1045 intelligitur
1921 993 2089 1047 Justitia
2107 996 2147 1034 ⁹:
2175 1009 2194 1032 (ι
2214 992 2358 1034 Multi-

1323 1064 1493 1116 plicabit
1529 1076 1673 1106 semen
1705 1067 1920 1116 vestrum,
1953 1067 1995 1106 et
2023 1064 2195 1118 augebit
2218 1064 2355 1107 incre-

1323 1138 1465 1176 menta
1476 1136 1651 1188 frugum
1663 1136 1839 1188 justitiae
1853 1138 2022 1178 vestrae.
2042 1150 2061 1176 >2
2072 1135 2150 1177 Per
2162 1135 2354 1188 Mariam,

1324 1218 1420 1258 quae
1452 1206 1756 1259 interpretatur
1784 1207 2075 1257 dominatrix,
2103 1206 2358 1259 intelligitur

1321 1277 1520 1318 fortitudo
1542 1279 1623 1318 ¹01«
1643 1277 1788 1319 Melior
1808 1281 1870 1319 est
1900 1278 2062 1331 patiens
2080 1278 2174 1320 viro
2198 1277 2310 1318 forti.
2331 1292 2351 1316 ›)

1322 1347 1380 1387 De
1411 1347 1476 1387 his
1506 1351 1691 1401 quatuor
1717 1349 1970 1399 virtutibus,
2004 1350 2051 1389 in
2081 1348 2250 1389 laudem
2285 1360 2352 1389 sa-

1320 1418 1490 1470 pientiae
1510 1419 1707 1460 scribitur
1726 1420 1752 1441 ¹¹
1771 1433 1810 1460 ια
1829 1418 2172 1472 Temperantiam
2196 1419 2246 1472 (a)
2277 1418 2353 1460 do-

1320 1492 1404 1539 cet,
1426 1492 1466 1530 et
1490 1490 1761 1542 prudentiam
1785 1490 1855 1543 (b),
1886 1492 1927 1530 et
1951 1490 2186 1543 justitiam,
2209 1491 2249 1531 et
2267 1490 2357 1531 vir-

1319 1561 1470 1601 tutem.
1492 1575 1510 1598 n
1545 1561 1595 1602 Et
1615 1561 1705 1601 haec
1737 1561 1987 1613 designatur
2010 1562 2054 1615 (c)
2079 1574 2155 1615 per
2174 1563 2355 1615 quatuor

1318 1631 1601 1684 prophetissas
1629 1632 1852 1685 mulieres,
1876 1633 1926 1674 de
1952 1634 2108 1686 quibus
2127 1634 2176 1673 fit
2195 1633 2354 1675 mentio

1317 1702 1362 1742 in
1382 1702 1614 1755 Scriptura:
1639 1716 1823 1755 quarum
1844 1704 1980 1757 prima
2000 1706 2060 1745 est
2081 1704 2211 1745 Maria
2235 1715 2356 1746 soror

1318 1774 1466 1827 Moysi,
1484 1775 1661 1816 Delbora
1675 1775 1748 1828 (d),
1759 1775 1907 1826 Holda,
1925 1778 1965 1816 et
1978 1776 2114 1827 Anna,
2139 1776 2247 1817 sicut
2264 1777 2350 1820 hic.

1318 1845 1396 1887 Per
1425 1846 1614 1897 Annam,
1647 1847 1751 1887 sicut
1782 1847 1944 1888 dictum
1971 1848 2054 1897 est,
2089 1847 2351 1900 intelligitur

1316 1917 1610 1969 temperantia,
1625 1917 1704 1958 Per
1719 1917 1911 1969 Holdam,
1929 1930 2026 1970 quae
2044 1918 2348 1970 interpretatur

1317 1988 1518 2031 discrecio
1533 2020 1543 2038 ,
1564 1988 1815 2040 intelligitur
1835 1988 2074 2041 prudentia.
2097 1988 2176 2029 Per
2205 1988 2351 2030 Delbo-

1315 2071 1432 2110 ram,
1467 2070 1564 2112 quae
1592 2059 1893 2112 interpretatur
1931 2060 2027 2112 apis
2058 2059 2214 2102 habens
2248 2070 2351 2103 acu-

1315 2129 1440 2181 leum,
1462 2130 1714 2182 intelligitur
1729 2130 1908 2182 Justitia,
1926 2133 2136 2182 quantum
2155 2131 2206 2172 ad
2231 2142 2350 2173 seve·

1314 2201 1483 2242 ritatem
1517 2204 1557 2241 et
1593 2201 1874 2242 clementiam.
1906 2200 1986 2242 Per
2020 2201 2219 2255 Mariam,
2252 2214 2349 2255 quae

1315 2272 1619 2325 interpretatur
1637 2271 1924 2322 dominatrioe,
1947 2275 1988 2313 θῖ
2003 2284 2198 2316 amarum
2214 2284 2346 2325 mare,

1314 2343 1573 2394 intelligitur
1592 2343 1791 2383 fortitudo
1809 2345 2020 2395 quantum
2041 2332 2093 2384 ad
2112 2345 2347 2396 magnani-

1314 2414 1504 2454 mitatem
1525 2416 1564 2454 et
1590 2414 1852 2465 patientiam.
1877 2412 1928 2453 Et
1956 2413 2025 2454 hae
2052 2416 2237 2466 quatuor
2258 2416 2343 2457 vir-

1313 2487 1424 2527 tutes
1438 2486 1569 2526 intelli
1575 2488 1737 2537 guntur
1750 2497 1827 2534 per
1845 2487 2027 2538 quatuor
2040 2486 2148 2526 filias
2160 2485 2345 2540 Philippi

1313 2557 1596 2610 prophetissas
1623 2558 1649 2579 ¹²
1677 2570 1686 2598 :
1714 2556 1857 2597 «Huic
1883 2558 2002 2598 erant
2032 2559 2216 2610 quatuor
2244 2558 2344 2600 filiae

2416 2219 2509 2248 Maria

1312 2628 1503 2681 virgines
1525 2629 1874 2682 prophetantes.»
1892 2627 1971 2669 Per
1991 2627 2253 2681 Philippum,
2269 2629 2343 2683 qui
2394 2644 2502 2682 Phiiip-

1312 2699 1615 2753 interpretatur
1632 2709 1677 2741 os
1698 2698 1913 2752 lampadis
1930 2698 1974 2750 1³,
1996 2698 2253 2751 intelligitur
2271 2711 2342 2742 sa-

1311 2771 1484 2823 pientia,
1507 2782 1606 2823 quae
1630 2771 1749 2811 docet
1768 2772 1809 2811 et
1825 2770 2006 2822 generat
2021 2769 2341 2824 quadruplicem

1311 2840 1515 2882 virtutem
1534 2841 1798 2894 praedictam.

1366 2913 1431 2953 39.
1448 2912 1504 2955 Ec
1519 2915 1568 2955 ut
1581 2913 1864 2965 perfecerunt,
1893 2912 1973 2953 etc.
1996 2910 2226 2965 Postquam
2244 2912 2339 2955 des-

1311 2982 1444 3035 cripta
1460 2985 1522 3024 est
1540 2983 1782 3024 humiliatio
1802 2982 1956 3024 Christi
1979 2982 2213 3024 secundum
2231 2983 2342 3036 legiS

1310 3055 1592 3106 praeceptum,
1625 3056 1665 3094 et
1697 3053 1935 3094 clarificatio
1962 3066 2037 3107 per
2056 3055 2245 3097 veritatis
2263 3058 2342 3097 tes-

1309 3124 1559 3175 timonium;
1593 3125 1786 3178 sequitur
1809 3125 1960 3166 ultima
1979 3126 2187 3178 particula
2208 3126 2339 3179 hujus

1309 3219 1368 3250 sed
1388 3219 1513 3251 rectius
1527 3229 1543 3251 e
1564 3220 1683 3261 graecis
1705 3220 1848 3253 vocibus
1874 3221 1979 3263 φιλὸς,
2009 3220 2152 3262 amicus,
2174 3223 2207 3253 et
2231 3221 2336 3261 ἰππὸς,

1309 3275 1435 3307 equus,
1453 3266 1486 3298 id
1507 3269 1575 3308 est,
1597 3269 1727 3300 amator
1751 3277 1928 3310 equorum.

1352 3325 1394 3365 (α)
1421 3325 1517 3367 Vuly.
1536 3327 1765 3360 sobrietatem.
1788 3328 1871 3361 Coet.
1890 3328 1969 3361 edit.
1989 3327 2078 3359 deest
2095 3329 2279 3370 utrumque.
2296 3344 2338 3353 —

1310 3371 1351 3413 (b)
1374 3372 1454 3404 Ccet.
1474 3373 1552 3406 edit.
1576 3375 1794 3407 prudentiam
1817 3375 1926 3407 docet.
1949 3393 1984 3398 —-
2006 3375 2047 3416 (c)
2074 3375 2149 3415 Leq.
2172 3376 2228 3408 Hae
2250 3375 2338 3408 desi-

1309 3422 1468 3461 gnantur.
1486 3439 1520 3443 —
1544 3421 1590 3462 (cl)
1621 3423 1714 3464 Vulq.
1735 3423 1882 3463 Debora,
1903 3424 1934 3455 et
1952 3423 1999 3454 sic
2016 3422 2175 3463 deinceps,

2362 2694 2431 2722 pus.
