2587 3845
1179 153 1349 196 CAPUT
1379 154 1411 195 l.

235 245 315 286 fuit
332 244 378 284 in
398 255 455 294 se,
478 243 619 285 docuit
636 255 705 284 me
724 255 799 296 per
815 242 1123 292 adversitatem,
1146 243 1259 294 quod

234 315 278 354 in
309 314 592 366 prosperitatis
633 317 821 367 tempore
862 325 1009 365 capere
1045 312 1256 353 nolebam.

234 389 247 410 ¹
275 400 295 423 c<
314 385 394 426 Per
416 398 540 426 omne
567 386 785 437 flagellum
817 388 856 425 et
881 396 1068 425 errorem
1093 383 1257 423 erudie-

233 455 291 495 ris
303 455 370 507 (a),
381 455 627 506 Jerusalem,
643 456 910 496 »secundum
923 454 1256 494 aliamlitteram.

233 529 248 550 ²
267 525 400 566 «Sola
426 527 597 567 vexatio
626 527 886 566 intellectum
907 525 1020 565 dabit
1041 525 1254 565 auditui.»

234 595 286 636 Et
305 597 383 636 hoc
402 597 528 637 etiam
544 610 619 650 pro
633 600 749 637 tanto
767 609 919 637 verum
933 598 994 636 est
1014 596 1063 635 de
1074 594 1230 635 ι111110015
1248 609 1258 644 ;

235 667 334 719 quia
351 667 515 719 dicitur,
538 669 650 720 quod
666 671 759 720 post
774 666 1071 719 Babylonicam
1090 666 1262 718 captivi-

234 740 364 778 tatem
393 752 612 791 nunquam
639 740 811 779 fuerunt
840 738 860 778 J
867 738 978 778 udaei
1004 736 1258 786 idololatrae,

235 809 311 848 etsi
328 809 420 848 aliis
439 810 574 849 modis
594 809 845 861 gravissime
863 807 1143 860 peccaverint.
1169 807 1260 848 Ex-

231 879 416 930 pandit:
435 891 528 920 ecce
547 879 748 931 angustia
763 878 1033 931 captivitatis;
1055 876 1264 929 expandit

234 945 437 991 Dominus
450 956 549 1000 rete,
565 950 817 1003 captivitatis
831 949 1068 998 vinculum,
1081 948 1263 1001 pedibus

235 1022 360 1070 meis,
387 1034 440 1062 ne
468 1022 598 1062 libere
626 1021 792 1063 valeam
823 1020 1060 1070 ambulare,
1092 1022 1165 1059 aut
1194 1020 1261 1058 fu-

237 1104 366 1143 gere:
395 1093 508 1144 quod
533 1093 650 1142 dicit,
675 1092 774 1145 quia
802 1091 943 1132 subito
977 1094 1017 1131 et
1036 1090 1265 1143 improvise

238 1166 356 1215 capta
376 1163 455 1203 fuit
473 1164 643 1219 civitas:
665 1164 678 1184 ³
698 1179 716 1201 «
735 1163 982 1216 Expandam
1006 1165 1093 1202 rete
1120 1173 1264 1201 meum

238 1246 365 1286 super
394 1234 513 1274 illum
528 1266 540 1284 ,
563 1237 603 1274 et
634 1234 820 1286 capietur
839 1234 884 1273 in
904 1245 1061 1284 sagena
1085 1244 1199 1281 mea;
1226 1234 1266 1271 et

236 1301 442 1341 adducam
461 1315 560 1342 eum
580 1303 622 1341 in
642 1302 916 1354 Babylonem.
934 1316 951 1338 »
971 1301 1183 1341 Convertit
1202 1310 1264 1339 me

235 1375 485 1422 retrorsum,
507 1373 551 1412 in
571 1373 765 1420 caudam,
788 1384 884 1424 quae
904 1372 1023 1423 prius
1045 1371 1088 1410 in
1109 1370 1262 1422 capite3

236 1445 277 1483 et
294 1447 536 1492 retrorsum,
563 1443 719 1483 iterum
738 1442 987 1495 captivando
1013 1453 1087 1494 per
1109 1441 1266 1480 Roma-

236 1525 313 1554 nos
343 1517 433 1566 post
464 1514 747 1567 captivitatem
775 1513 1084 1554 Chaldaeorum.
1117 1512 1268 1553 Posuit

237 1596 300 1626 me
324 1585 577 1636 desolatam,
599 1585 641 1626 id
661 1588 723 1626 est
743 1598 767 1625 a
785 1587 952 1625 terreno
976 1583 1146 1631 solati03
1180 1586 1268 1624 tota

238 1654 330 1705 die,
352 1656 394 1696 id
413 1659 472 1696 051
500 1657 719 1705 continue,
742 1666 914 1697 moerore
941 1656 1199 1705 conlectam:
1228 1655 1268 1692 et

233 1726 371 1777 juste,
393 1728 440 1766 ut
462 1738 539 1778 pro
568 1725 615 1777 (b)
646 1725 787 1775 malis,
811 1737 908 1777 quae
941 1725 1030 1764 sine
1051 1724 1266 1764 intermis-

239 1800 356 1841 sione
374 1801 576 1848 fecerant,
596 1799 894 1840 incessabiliter
913 1799 1194 1851 deplorarent.

291 1871 527 1923 Allegorice
547 1871 773 1924 exponitur
793 1871 842 1910 de
863 1870 1062 1910 missione
1084 1870 1269 1922 Spiritus

241 1942 386 1992 sancti,
407 1942 519 1994 quod
539 1942 708 1982 dicitur:
732 1942 792 1982 De
809 1941 966 1982 excelso
989 1942 1107 1982 misit
1127 1942 1270 1993 ionem

241 2012 290 2052 in
315 2012 477 2053 ossibus
500 2013 623 2061 mets,
645 2016 683 2053 et
701 2011 889 2053 erudivit
910 2023 969 2052 me
983 2023 997 2051 .·
1019 2011 1092 2051 ubi
1112 2011 1267 2052 descri-

240 2082 354 2123 bitur
376 2083 520 2123 missio
545 2082 727 2134 Spiritus
745 2082 878 2122 sancti
901 2082 1113 2122 missibilis
1133 2095 1270 2135 quan-

239 2155 333 2192 tum
364 2153 415 2194 ad
443 2156 651 2206 quatuor:
691 2153 743 2193 ad
773 2153 1028 2205 principium
1059 2155 1271 2205 originale

239 2223 466 2274 missionis,
498 2226 560 2266 De
594 2224 780 2266 excelso:
814 2224 827 2245 ¹⁴
859 2239 878 2262 «
905 2224 1004 2265 Ossa
1040 2237 1135 2265 mea
1164 2226 1272 2265 sicut

240 2295 445 2335 cremium
465 2299 692 2336 aruerunt:
719 2311 737 2332 »
764 2296 971 2336 cremium
991 2299 1051 2336 est
1073 2297 1124 2336 ab
1152 2297 1271 2336 omni

239 2363 498 2416 pinguedine
521 2366 792 2406 desiccatum.
814 2366 1028 2415 Quantum
1049 2367 1100 2407 ad
1121 2368 1270 2407 termi-

240 2446 347 2473 num
377 2435 601 2485 missionis,
625 2436 726 2488 quia
760 2437 1024 2487 significatur
1051 2449 1125 2489 per
1150 2449 1268 2488 ossa,

240 2503 283 2543 id
301 2506 378 2552 est,
398 2504 591 2545 Ecclesiae
613 2506 803 2545 membra
828 2506 976 2547 fortia:
1001 2509 1013 2528 ⁵
1041 2507 1186 2547 «Fons
1204 2520 1268 2547 sa-

241 2559 411 2626 pientiae
431 2576 610 2616 verbum
636 2576 707 2616 Dei
735 2576 781 2615 in
802 2577 987 2617 excelsis.
1010 2592 1030 2614 1)
1056 2577 1270 2627 Quantum

241 2645 294 2685 ad
307 2647 500 2687 sensibile
514 2647 703 2699 signum,
729 2648 885 2700 Ignem.
902 2653 915 2673 ⁶
939 2664 958 2686 «
971 2650 1272 2702 Apparuerunt

241 2716 324 2756 11115
361 2716 523 2769 linguae
563 2718 791 2770 dispertitae
835 2722 1038 2772 tanquam
1080 2720 1212 2772 ignis.
1246 2737 1265 2759 1)

243 2786 456 2836 Quantum
476 2788 527 2828 ad
546 2788 840 2830 illustrationis
866 2790 1076 2841 effectum,
1097 2792 1154 2833 Et
1176 2803 1271 2833 eru-

241 2857 381 2900 divit:
402 2859 416 2881 ⁷
439 2874 457 2896 «
481 2857 633 2899 Beatus
653 2859 803 2910 homo,
826 2873 955 2913 quem
980 2863 1027 2901 tu
1048 2862 1267 2913 erudieris,

241 2927 431 2970 Domine.
447 2933 514 2967 »⁸«
536 2929 766 2971 Paraclitus
786 2934 929 2971 autem
955 2931 1136 2984 Spiritus
1151 2945 1270 2974 sanc-

242 3000 328 3049 tus,
351 3012 481 3052 quem
501 3000 638 3040 mittet
664 3000 786 3040 Pater
806 3001 851 3040 in
870 3001 1042 3042 nomine
1062 3014 1179 3053 meo,
1201 3003 1271 3043 1110

242 3081 318 3110 vos
337 3071 499 3111 docebit
518 3072 675 3123 omnia,
692 3086 710 3109 ›>
725 3076 802 3113 etc.
825 3074 1053 3125 Expendit
1072 3078 1170 3125 rete,
1190 3078 1267 3115 etc.

245 3138 357 3180 Istud
388 3145 522 3193 potest
558 3155 647 3183 esse
679 3144 839 3184 theoria
870 3145 920 3184 de
952 3146 1271 3196 regeneratione

245 3209 362 3250 Pauli
390 3213 592 3264 apostoli,
621 3217 668 3253 ut
700 3214 806 3254 sicut
835 3215 879 3254 111
905 3215 1036 3267 priori
1068 3216 1271 3256 sententia

287 3293 439 3332 ¹Jerem.,
454 3302 501 3333 vt,
517 3297 548 3335 7,
564 3297 637 3327 8.-
650 3297 663 3316 2
678 3297 756 3337 Jsa„
772 3305 894 3338 xxvut,
912 3300 1010 3329 19.—
1025 3298 1036 3316 ³
1047 3298 1173 3338 Ezech„
1185 3306 1269 3338 xvu,

245 3338 297 3369 20.
317 3356 356 3361 —-
374 3340 384 3357 ⁴
401 3341 493 3371 Psal.
515 3350 567 3381 (21,
587 3344 618 3373 4.
636 3360 674 3366 -
695 3344 708 3364 5
727 3344 847 3381 e'ccle‘„
862 3353 886 3385 Ι,
901 3347 931 3377 5.
949 3362 987 3368 -
1003 3346 1014 3363 ‘³
1028 3346 1113 3383 Act„
1136 3353 1175 3385 Ι),
1197 3348 1271 3376 3.-

246 3383 255 3401 ⁷
277 3385 368 3416 Psal.
389 3394 491 3427 cxux,
513 3390 562 3420 12.
582 3405 621 3411 —-
643 3389 656 3409 ⁸
675 3390 783 3428 Joan„
808 3398 877 3429 x1v,
907 3394 959 3422 26.
980 3409 1019 3414 -
1039 3394 1050 3409 ⁹
1073 3392 1081 3421 l
1105 3392 1195 3431 Cor„
1221 3400 1268 3432 ix,

244 3432 296 3462 27.
310 3449 352 3455 —
365 3434 388 3454 ¹⁸
409 3435 521 3473 Apoc„
536 3445 558 3475 1,
576 3439 625 3467 io.
643 3453 683 3459 —
702 3438 839 3478 ¹1Aug.,
858 3438 1015 3478 ConfeSS„
1031 3438 1088 3470 lib.
1114 3439 1158 3478 ll,
1181 3448 1209 3471 c.
1230 3447 1267 3478 11,

2280 165 2356 203 157

1334 243 1584 285 describitur
1611 244 1921 284 consummatio
1948 247 2255 300 apostolorum,
2286 251 2357 302 qui

1334 315 1507 354 fuerunt
1525 314 1698 354 comites
1718 313 1875 355 divinae
1895 316 2250 368 peregrinationis
2268 334 2276 359 z
2300 321 2358 360 sic

1334 384 1402 425 1110
1423 385 1671 425 describitur
1690 385 1853 425 vocatio
1883 385 2005 426 Pauli
2033 387 2212 428 doctoris
2233 401 2358 441 egre-

1337 455 1397 505 gii
1415 469 1423 495 :
1446 455 1546 507 quia
1564 455 1670 495 sicut
1690 455 1735 495 in
1756 460 1922 508 peccato
1942 457 2025 498 duo
2052 461 2173 509 sunt,
2196 461 2359 500 aversio
2379 471 2520 515 nuosunt

1336 537 1359 564 a
1379 525 1489 565 bono
1508 525 1866 576 incommutabili,
1896 529 1935 567 et
1962 529 2178 569 conversio
2206 529 2258 570 ad
2284 530 2359 571 bo-
2381 519 2505 578 ''mcffl‘i'

1335 607 1439 635 num
1460 597 1778 646 commutabile;
1810 597 1869 637 sic
1897 600 2091 639 econtra
2120 599 2166 639 in
2192 612 2364 652 regene-

1335 665 1496 706 ratione
1533 666 1616 706 duo
1649 670 1775 717 sunt,
1815 669 1979 709 aversio
2011 669 2163 710 scilicet
2199 683 2222 710 a
2252 671 2364 712 bono

1337 736 1647 786 commutabili,
1671 749 1747 789 pro
1767 751 1852 790 quo
1877 739 1999 780 dicit:
2028 740 2262 793 Expendit
2281 745 2364 784 rete

1333 806 1513 859 pedibus
1535 808 1654 858 mets,
1670 810 1711 847 et
1727 809 1946 850 conversio
1962 810 2014 850 ad
2031 811 2192 851 bonum
2211 812 2366 853 incom-

1337 877 1561 926 mutabile,
1592 890 1668 930 pro
1695 891 1779 931 quo
1811 879 1939 920 dicit:
1976 880 2186 924 Convertit
2212 894 2274 924 me
2302 893 2366 924 re-

1339 952 1543 990 trorsum:
1558 951 1670 989 retro
1687 949 1800 990 enim
1816 950 1896 990 sibi
1917 950 2102 992 Christus
2119 956 2222 1002 erat,
2239 966 2366 1006 quem

1339 1022 1658 1073 contempserat.
1675 1020 1750 1061 Vel
1778 1021 1913 1070 aliter,
1945 1023 1998 1063 ad
2019 1024 2366 1075 justificationem
2386 1037 2526 1069 01188111-

1338 1091 1566 1142 peccatoris
1596 1091 1680 1131 duo
1714 1092 1968 1143 exiguntur,
2004 1094 2161 1135 scillcet
2198 1107 2365 1148 praepa-
2398 1081 2506 1111 guntur

2386 1120 2421 1145 ad
2435 1119 2523 1152 justi-

1339 1162 1445 1201 ratio
1459 1161 1580 1201 liberi
1594 1162 1773 1213 arbitrii,
1788 1166 1828 1203 et
1842 1164 1996 1204 infusio
2012 1164 2194 1217 Spiritus
2208 1167 2362 1207 sancti:
2385 1161 2528 1236 Πῖξζίὲζὲ,

1340 1233 1592 1284 praeparatio
1612 1237 1755 1273 autem
1775 1246 1860 1274 non
1881 1237 1942 1274 est
1960 1235 2011 1275 de
2033 1236 2144 1276 facili
2164 1236 2253 1277 sine
2273 1249 2366 1277 cas·
2398 1243 2512 1270 catoris-

1338 1303 1543 1353 tigatione
1578 1305 1719 1355 gravi,
1756 1305 1863 1345 sicut
1895 1306 1944 1346 de
1977 1306 2107 1347 Paulo
2127 1307 2139 1328 ⁹
2171 1307 2364 1359 legitur:

1340 1373 1452 1424 quod
1478 1373 1745 1424 significatur
1764 1375 1808 1414 in
1834 1377 2090 1428 expansione
2115 1377 2228 1417 retis.
2251 1378 2366 1419 Infu-

1341 1445 1401 1484 sio
1422 1444 1605 1497 Spiritus
1634 1447 1764 1487 sancti
1780 1479 1789 1495 ‚
1810 1447 1879 1488 vel
1898 1448 2141 1489 rectificatio
2160 1449 2281 1490 liberi
2300 1462 2366 1490 ar-

1340 1515 1469 1566 bitrii,
1504 1516 1755 1568 intelligitur
1783 1518 1829 1558 in
1860 1519 1940 1558 1100
1965 1520 2076 1571 quod
2103 1519 2230 1560 dicit:
2257 1521 2369 1563 Con-

1342 1589 1469 1629 vertit
1488 1599 1549 1628 me
1567 1592 1795 1630 retrorsum
1811 1602 1824 1630 .·
1846 1594 2005 1630 aeterna
2024 1590 2255 1643 siquidem,
2279 1592 2370 1645 qui-

1342 1659 1423 1699 bus
1449 1659 1745 1701 inhaerendum
1766 1665 1827 1702 est
1849 1665 1933 1702 toto
1954 1663 2099 1713 corde,
2122 1666 2233 1703 retro
2254 1667 2365 1715 sunt,

1342 1743 1419 1770 nec
1451 1733 1617 1771 tantum
1654 1733 1861 1784 peccatori
1897 1734 2060 1774 ratione
2099 1734 2257 1787 culpae,
2297 1735 2369 1776 sed

1343 1800 1512 1841 cuilibet
1538 1802 1701 1842 homini
1733 1803 1910 1852 misero,
1942 1807 2111 1857 propter
2134 1805 2368 1846 inclinatio-

1342 1883 1442 1910 nem
1474 1872 1627 1912 animae
1658 1873 1702 1912 in
1732 1885 1882 1914 sensus
1913 1877 1954 1914 et
1993 1875 2222 1915 sensibilia.
2253 1875 2369 1917 Unde

1343 1941 1441 1981 dicit
1478 1942 1522 1981 in
1558 1943 1690 1996 hujus
1726 1945 2063 1996 designationem
2099 1946 2280 1988 Joannes
2301 1949 2366 1998 ¹⁰7:

1348 2029 1362 2046 «
1384 2012 1541 2053 Audivi
1562 2017 1654 2066 post
1674 2026 1740 2055 me
1760 2027 1907 2056 vocem
1926 2029 2146 2068 magnam,
2165 2020 2369 2071 tanquam

1343 2083 1458 2124 tubae
1479 2084 1667 2125 dicentis.
1690 2099 1709 2122 »
1724 2085 1810 2126 Hoc
1831 2087 1956 2126 etiam
1977 2088 2246 2141 adimpletur,
2271 2102 2370 2142 quo-

1343 2154 1603 2207 tiescumque
1639 2168 1714 2208 per
1747 2157 2066 2199 tribulationem
2102 2161 2366 2212 castigatur:

1343 2226 1456 2266 unde
1475 2226 1758 2277 Augustinus,
1781 2227 1825 2267 in
1847 2228 2188 2280 Confesstonz'bus
2203 2231 2226 2252 ¹¹
2241 2244 2253 2269 .·
2270 2246 2288 2269 <‹
2306 2231 2370 2272 Tu

1343 2309 1507 2350 semper
1545 2298 1691 2338 aderas
1729 2299 2053 2341 misericorditer
2084 2303 2262 2343 saeviens
2277 2334 2289 2352 ,
2330 2305 2370 2344 et

1343 2368 1616 2408 amarissimis
1640 2382 1872 2422 aspergens
1901 2359 2205 2414 offensionibus
2225 2386 2371 2414 omnes

1342 2438 1504 2478 illicitas
1531 2440 1818 2490 Jucunditates
1847 2454 1977 2482 meas.
2009 2458 2028 2479 ›)
2065 2442 2116 2483 Et
2141 2443 2370 2495 Gregorius

1342 2508 1385 2547 in
1416 2509 1609 2561 Beyz‘stro
1630 2510 1658 2530 ¹2
1677 2523 1690 2547 .·
1721 2525 1740 2548 α
1759 2510 1879 2551 Multi
1903 2512 1948 2551 111
1983 2513 2063 2552 hae
2090 2513 2179 2554 vita
2209 2514 2370 2555 dolores

1343 2583 1461 2630 sunt,
1502 2580 1577 2632 qui
1608 2580 1660 2620 ad
1692 2592 1881 2622 amorem
1918 2582 2152 2624 coelestium
2183 2585 2370 2637 quotidie

1341 2650 1595 2703 impellunt:
1630 2651 1705 2703 qui
1739 2652 1844 2692 mihi
1878 2652 1923 2693 in
1957 2653 2037 2694 hoc
2071 2654 2210 2695 solum
2239 2656 2367 2697 vehe—

1342 2724 1504 2761 menter
1533 2721 1696 2774 placere
1726 2722 1772 2762 in
1797 2723 1878 2763 hoc
1908 2714 2068 2766 mundo
2098 2724 2259 2779 aliquid
2285 2739 2370 2767 non

1342 2792 1606 2844 permittunt.
1628 2808 1647 2831 n
1673 2793 1817 2836 Posuit
1836 2806 1898 2836 me
1919 2795 2171 2848 desolatam,
2201 2802 2371 2851 propter

1342 2862 1659 2904 multitudinem
1684 2868 1973 2917 peccatorum,
2002 2870 2043 2907 et
2067 2868 2275 2909 defectum
2295 2869 2368 2909 bo-

1342 2945 1497 2974 norum
1525 2945 1704 2986 operum
1728 2950 1736 2975 :
1759 2936 1786 2958 ¹³
1809 2951 1827 2973 α
1845 2936 1939 2977 Vox
1969 2937 2013 2976 in
2033 2938 2199 2979 excelso
2229 2939 2370 2980 audita

1343 3006 1405 3044 est
1430 3004 1760 3056 lamentationis,
1794 3006 1917 3047 fletus
1944 3010 1985 3048 et
2014 3008 2183 3050 luctus:
2216 3009 2369 3050 Rachel

1341 3074 1512 3126 plorans
1531 3075 1640 3115 filios
1659 3088 1770 3127 SUOS,
1791 3079 1832 3117 et
1850 3077 1996 3118 nolens
2015 3079 2220 3120 consolari
2242 3092 2369 3133 super

1343 3145 1418 3196 eis,
1437 3147 1536 3198 quia
1554 3159 1641 3187 non
1662 3150 1774 3188 sunt.
1800 3147 1937 3188 »Item
1955 3149 2183 3191 desolatam
2201 3154 2370 3203 propter

1342 3216 1550 3268 pericula,
1572 3219 1612 3257 et
1637 3217 1988 3269 impedimentum
2018 3223 2284 3261 terrenorum
2302 3233 2370 3261 so-

1344 3306 1377 3329 n.
1401 3299 1475 3329 4.—
1497 3299 1522 3320 ¹2
1543 3299 1657 3339 Greg„
1678 3299 1736 3330 lib.
1756 3300 1811 3339 IV,
1834 3310 1863 3331 c.
1887 3309 2047 3333 Lxxix.—-
2070 3302 2093 3322 ¹³
2111 3303 2243 3342 Jerem„
2266 3311 2366 3344 xxxl,

1346 3347 1396 3375 15.
1420 3363 1461 3369 -
1481 3348 1522 3384 (a)
1549 3346 1640 3386 Vuly.
1668 3348 1810 3387 Semper
1829 3347 2006 3379 infirmitas
2029 3351 2061 3380 et
2080 3349 2191 3390 plaga.
2214 3351 2368 3383 Erudire.

1344 3393 1429 3424 Lxx
1451 3402 1458 3423 :
1483 3393 1583 3435 Πόνῳ
1616 3395 1669 3425 καὶ
1697 3394 1826 3435 μάστιγι
1849 3397 2068 3436 παιδευθήσῃ,
2094 3396 2127 3426 id
2154 3399 2220 3435 est,
2251 3397 2367 3430 dolore

1344 3443 1376 3471 et
1403 3439 1536 3480 flagello
1557 3441 1733 3473 erudieris.
1750 3459 1788 3464 —
1814 3441 1857 3482 (b)
1884 3442 1963 3474 Coet.
1985 3442 2067 3474 edit.
2089 3442 2178 3474 deest
2193 3453 2267 3485 pro.
