2634 3853
966 119 1241 161 EXPOSITJO
1274 119 1322 159 ΙΝ
1353 118 1465 159 ΠΑΡ.
1496 118 1585 159 ΧΠ.

218 211 291 264 qui
310 209 495 251 abundat
515 210 560 249 in
581 210 741 250 meritis
757 212 798 250 et
812 210 1006 262 operibus
1022 208 1186 260 pietatis
1200 209 1211 229 ¹
1228 222 1235 247 :

221 296 240 319 α
264 281 311 321 ln
330 280 528 320 omnibus
548 280 696 320 divites
717 281 812 320 facti
833 280 931 320 estis
952 280 995 319 in
1016 279 1100 318 illo.
1129 292 1147 315 »
1164 277 1241 317 Se-

219 351 395 403 quitur:
424 365 443 388 <‹
477 351 538 390 Ita
571 354 617 391 ut
650 351 757 390 nihil
787 351 908 391 vobis
943 349 1048 390 desit
1080 348 1122 387 in
1156 348 1242 387 ulla

219 420 370 471 gratia.
392 435 410 457 n
430 420 526 461 Ideo
547 421 698 461 dicitur
718 425 748 460 ²:
767 435 786 459 α
804 419 938 460 Nolite
958 418 1242 458 thesaurizare

219 490 339 530 vobis
360 491 580 531 thesauros
599 491 642 530 in
661 494 785 541 terra,
807 490 881 530 ubi
904 501 1055 540 aerugo
1075 491 1115 528 et
1131 488 1243 528 tinea

219 560 458 602 demolitur.
485 575 504 599 ›)
517 561 733 614 Sequitur:
753 576 771 598 «
792 560 1086 601 Thesaurizate
1103 562 1244 599 autem

219 630 340 670 vobis
366 631 584 672 thesauros
609 631 655 670 in
675 631 794 681 coelo,
816 630 890 671 ubi
910 642 1046 682 neque
1066 641 1241 680 aerugO,

219 712 358 753 neque
373 702 484 742 tinea
503 702 741 752 demolitur,
758 703 799 742 et
818 701 891 741 ubi
910 701 1023 740 fures
1042 712 1127 739 non
1147 699 1246 739 effo-

220 771 365 823 diunt,
396 785 473 813 nec
497 773 709 813 furantur.
735 786 754 810 ›>
773 771 888 812 Facit
914 773 1056 811 autem
1079 781 1155 809 nos
1179 769 1241 809 di-

222 841 327 881 vites
346 854 434 883 esse
452 843 496 882 in
517 843 648 883 Deum
666 855 774 895 spes,
796 855 924 895 quam
945 842 988 881 in
1009 842 1149 893 ipsum
1171 841 1245 880 ha-

219 911 385 963 bemus,
401 914 634 954 secundum
656 914 758 954 illud
771 915 784 935 ³
800 926 809 953 :
827 928 846 951 (ι
867 912 1150 964 Regeneravit
1170 923 1248 951 nos

220 978 266 1018 in
285 991 402 1032 spem
427 981 585 1022 vivam.
611 995 630 1018 >³
657 981 856 1034 Sequitur
878 995 887 1021 ι
917 996 935 1019 (ι
955 981 1003 1020 ln
1036 979 1248 1019 heredita-

222 1051 308 1090 tem
327 1051 708 1104 incorruptibilem,
731 1056 770 1093 et
791 1052 1186 1101 incontaminatam,
1209 1053 1251 1090 et

221 1121 610 1165 immarcescibilem
619 1127 909 1166 conservatam
923 1125 967 1164 in
980 1123 1107 1164 coelis.
1123 1137 1141 1160 ›)
1152 1122 1251 1162 Haec

223 1195 368 1234 autem
388 1206 481 1246 spes
499 1195 711 1235 radicatur
731 1195 774 1235 in
793 1196 1053 1247 paupertate.
1077 1193 1194 1234 Unde
1214 1196 1246 1232 a:

230 1264 387 1304 «Sicut
411 1268 603 1316 egentes,
636 1266 793 1305 multos
821 1268 962 1305 autem
994 1262 1252 1314 locupletan-

224 1336 306 1383 tes;
327 1337 531 1387 tanquam
552 1336 659 1375 nihil
681 1336 905 1385 habentes,
928 1338 968 1374 et
988 1333 1129 1374 omni-i
1155 1344 1253 1384 pos-

227 1403 424 1444 sidentes.
456 1419 474 1442 »
510 1404 621 1444 Talis
657 1407 747 1445 erat
782 1404 940 1444 Paulus
971 1404 983 1425 ὅ
1006 1418 1014 1443 ;
1056 1420 1074 1439 «
1112 1402 1253 1442 Habeo

228 1474 383 1523 omnia,
408 1477 449 1515 et
467 1474 685 1515 abundo.»
699 1473 817 1514 Tales
836 1486 912 1513 nos
934 1473 1028 1513 fecit
1043 1472 1251 1521 Christus;

227 1545 338 1585 unde
360 1544 413 1585 ad
440 1544 705 1587 (ἴονίηῐΙιῐοε6
729 1557 738 1585 :
767 1558 787 1582 <‹
812 1544 985 1596 Egenus
1014 1544 1146 1583 sactus
1167 1546 1250 1589 est,

226 1626 325 1654 cum
345 1618 452 1655 esset
479 1615 619 1665 dives,
643 1618 690 1655 nt
718 1615 831 1655 illius
851 1614 991 1666 inopia
1009 1626 1086 1654 vos
1106 1614 1256 1653 divites

226 1686 386 1726 essetis.
412 1699 430 1723 >³
447 1685 498 1726 Et
514 1685 607 1726 ideo
629 1686 784 1726 talibus
804 1685 901 1725 dicit
919 1685 955 1725 ⁷:
980 1700 998 1723 α
1017 1684 1129 1724 Beati
1151 1697 1253 1736 pau-

225 1767 345 1808 peres
365 1756 530 1809 spiritu,
553 1757 755 1809 quoniam
778 1757 968 1809 ipsorum
988 1759 1049 1796 est
1068 1767 1254 1807 regnum

226 1826 446 1867 coelorum.
467 1842 486 1865 ))

279 1900 346 1938 22.
363 1898 572 1950 Dioeicque
601 1898 659 1940 ad
686 1899 920 1950 discipulos
941 1907 1053 1946 su08,
1079 1899 1157 1937 etc.
1180 1897 1257 1937 Hic

221 1969 314 2019 jam
342 1968 464 2009 tertio
494 1972 663 2009 revocat
694 1982 717 2009 a
757 1969 1034 2010 sollicitudine
1065 1968 1255 2009 avaritiae

227 2048 302 2089 per
320 2040 628 2089 argumentum
654 2039 963 2090 irrefragabile,
983 2039 1096 2091 quod
1117 2051 1258 2091 sump-

227 2108 321 2146 tum
341 2109 403 2147 est
417 2119 443 2146 a
460 2107 614 2160 triplici
631 2120 788 2160 genere
808 2114 1012 2149 creatura)
1033 2122 1041 2149 z
1064 2109 1216 2161 primo,
1235 2121 1260 2148 a

227 2178 421 2217 creatura
459 2177 674 2227 rationali;
733 2179 942 2229 secundo,
982 2192 1007 2219 a
1046 2179 1255 2230 sensibili,

227 2245 288 2286 ibi
310 2249 364 2297 (v.
390 2246 456 2299 24)
484 2261 492 2286 :
525 2247 792 2290 Considerate
820 2259 979 2299 corvos,
1001 2253 1096 2299 etc.;
1119 2250 1257 2300 tertio,

229 2328 255 2355 a
283 2316 526 2367 vegetabili,
547 2317 604 2357 ibi
635 2320 692 2368 (v.
722 2321 787 2368 27)
820 2333 828 2359 :
865 2319 1137 2362 Considerate
1164 2320 1261 2361 lilia

230 2386 434 2438 quomodo
453 2393 660 2438 crescunt,
682 2392 759 2429 etc.

285 2455 428 2497 Primo
459 2457 594 2509 igitur
621 2471 647 2498 a
677 2461 869 2500 creatura
900 2459 1097 2500 rationali
1130 2460 1261 2501 sumit

231 2527 313 2568 tale
340 2531 645 2579 argumentum
664 2542 674 2569 :
698 2529 779 2578 Qui
802 2530 872 2570 dat
892 2531 1005 2583 quod
1024 2532 1164 2583 majus
1183 2533 1258 2581 est,

232 2599 348 2639 dabit
379 2599 492 2652 quod
522 2599 666 2640 minus
685 2605 747 2641 est
773 2615 781 2641 z
813 2601 885 2642 sed
909 2602 1053 2642 anima
1082 2602 1176 2654 plus
1201 2604 1262 2642 est

232 2682 361 2723 quam
381 2682 488 2718 esca,
508 2673 548 2710 et
576 2682 730 2724 corpus
759 2672 854 2724 plus
881 2685 1010 2724 quam
1031 2673 1262 2713 vestimen-

231 2743 326 2781 tum
349 2755 358 2781 :
383 2753 488 2792 ergo
508 2741 581 2794 qui
601 2741 712 2782 dedit
731 2743 919 2783 animam
940 2746 982 2784 et
1001 2756 1168 2797 corpuS,
1190 2744 1261 2783 da-

232 2811 294 2851 bit
314 2811 473 2852 victum
491 2811 534 2852 et
549 2813 750 2853 vestitum
769 2827 778 2854 :
797 2825 884 2854 non
903 2816 1067 2866 oportet
1085 2825 1192 2865 ergo
1212 2813 1263 2853 de

234 2880 301 2920 his
338 2881 565 2922 sollicitum
597 2895 701 2923 esse.
725 2883 773 2923 In
810 2896 896 2936 qua
927 2885 1103 2934 ratione,
1125 2885 1263 2936 primo

234 2950 352 3001 ponit
370 2952 702 3001 conclusionem3
727 2954 877 2994 deinde
900 2956 1098 3007 adiungit
1116 2956 1265 3008 proba-

235 3019 411 3061 tionem.
434 3021 654 3063 }''raemittit
685 3036 789 3076 ergo
820 3025 956 3076 primo
991 3025 1264 3077 principalem

237 3090 563 3144 conclusionem,
588 3106 686 3134 cum
707 3095 805 3134 dicit
829 3108 838 3133 :
871 3095 971 3137 Ideo
997 3095 1091 3137 dico
1112 3095 1228 3137 vobis
1250 3109 1263 3133 .-

237 3160 376 3203 Nolz‘cc
395 3162 568 3205 solliciti
580 3175 680 3206 essoe
698 3167 838 3207 anime
854 3171 1003 3209 vestire
1023 3166 1129 3219 quid
1148 3177 1265 3208 man-

282 3289 291 3310 ¹
315 3290 324 3320 Ι
347 3289 438 3326 Cora,
456 3299 482 3329 1,
503 3293 623 3329 5‚7.-
641 3293 653 3312 ²
675 3293 809 3334 Mami„
831 3302 883 3334 vt,
907 3295 957 3334 19,
977 3296 1077 3326 20.-
1097 3296 1108 3313 ³
1130 3296 1141 3326 1
1161 3296 1265 3334 Petr„

241 3343 272 3374 1,
297 3338 328 3375 3,
350 3339 378 3367 4.
398 3354 437 3360 —
463 3339 470 3353 2
493 3339 519 3369 ιι
543 3339 633 3378 Cor„
659 3348 709 3378 v1‚
741 3344 788 3373 10.
815 3359 856 3365 -
882 3343 892 3360 ⁵
911 3342 1049 3382 Philip„
1078 3350 1125 3381 ιν,
1152 3344 1202 3373 18.
1225 3360 1266 3365 -

242 3382 255 3400 θ
271 3382 298 3412 ll
319 3383 410 3422 Cor„
429 3392 504 3422 vm,
526 3388 556 3416 9.
573 3403 614 3408 -
633 3387 642 3404 ⁷
660 3388 792 3427 Mansa,
814 3397 846 3429 v,
864 3392 894 3420 3.
909 3407 949 3412 —
971 3389 985 3410 ⁸
1003 3389 1145 3428 Philip„
1164 3397 1212 3428 w,
1233 3391 1264 3420 6.

2261 121 2338 159 559

1311 207 1490 257 (lucetis,
1512 213 1586 248 auc
1606 208 1771 257 corpora·
1789 211 1925 247 vestro
1948 206 2054 257 quid
2071 206 2335 263 induamini,

1313 277 1353 316 id
1384 279 1460 326 est,
1482 276 1610 316 nolite
1632 276 1845 316 sollicitari
1876 276 1926 316 de
1955 275 2070 315 victu
2101 278 2141 315 et
2165 276 2338 323 vestitu,

1313 359 1408 399 quae
1439 350 1536 387 sunt
1568 346 1753 387 maxime
1784 346 2016 387 necessaria
2046 345 2169 394 vitae,
2204 345 2340 385 multo

1315 419 1456 458 minus
1482 430 1558 458 nec
1587 418 1638 457 de
1670 418 1761 457 aliis
1794 429 1890 470 quae
1918 418 2104 469 spectant
2134 415 2185 455 ad
2209 416 2340 455 vitam

1315 492 1564 541 praesentem
1589 490 1602 511 ⁸
1635 503 1644 528 z
1680 503 1700 526 «
1727 488 1838 529 Nihil
1858 487 2022 528 solliciti
2053 486 2164 535 sitis3
2196 485 2267 524 sed
2299 485 2341 524 in

1316 559 1503 599 oratioue
1524 562 1565 599 et
1585 559 1886 608 obsecratione,
1906 571 2003 598 cum
2026 556 2262 608 gratiarum
2282 567 2344 594 ac-

1316 629 1450 676 tione,
1489 629 1710 680 petitiones
1748 632 1901 669 vestrae
1938 628 2200 667 innotescant
2233 625 2346 678 apud

1319 701 1465 740 Deum.
1484 714 1507 744 ))
1532 699 1583 739 Et
1612 702 1711 739 nota
1730 700 1844 752 quod
1865 711 1949 739 non
1978 698 2172 750 prohibet
2191 696 2347 737 sollici—

1318 770 1523 819 tudinem,
1541 781 1640 822 quae
1652 770 1845 822 provenit
1859 782 1911 809 ex
1926 768 2189 821 providentia
2199 767 2346 813 animi,

1320 840 1391 880 sed
1411 840 1527 880 illam
1547 853 1643 893 quae
1666 841 1779 881 venit
1799 853 1852 880 ex
1871 839 2102 880 diffidentia
2120 839 2206 890 Dei,
2229 838 2347 891 quasi

1320 911 1429 951 Deus
1462 923 1548 951 non
1580 912 1733 951 habeat
1765 923 1911 951 curam
1949 910 1999 950 de
2038 909 2176 949 nobis,
2202 908 2352 949 Contra

1323 982 1433 1033 quod
1454 982 1606 1022 dicitur
1625 985 1638 1006 ⁹
1657 996 1665 1021 :
1685 996 1704 1019 a
1724 981 1901 1022 Omnem
1916 980 2238 1020 sollicitudinem
2259 991 2350 1020 ves-

1321 1055 1430 1092 tram
1450 1053 1714 1105 proJicientes
1732 1053 1776 1092 in
1795 1064 1911 1102 eum,
1931 1051 2132 1103 quoniam
2149 1050 2228 1102 ipsi
2248 1062 2352 1090 cura

1323 1126 1384 1163 est
1405 1124 1454 1163 de
1476 1124 1608 1164 vobis.
1631 1138 1649 1161 ›>
1676 1123 1727 1163 Et
1743 1123 1788 1162 in
1811 1123 1973 1163 Psalmo
1991 1122 2019 1146 ¹⁰
2042 1134 2082 1162 z«
2098 1121 2211 1161 lacta
2227 1131 2353 1172 super

1323 1195 1550 1234 Dominum
1568 1207 1713 1234 curam
1733 1197 1865 1243 tuam,
1883 1196 1923 1233 et
1943 1193 2031 1245 ipse
2050 1195 2090 1232 te
2110 1191 2307 1231 enutriet.
2327 1205 2346 1228 >³

1324 1265 1375 1305 Et
1393 1265 1642 1305 Ambrosius
1664 1277 1672 1302 :
1703 1280 1721 1302 α
1742 1264 1991 1304 Indecorum
2013 1266 2075 1302 est
2094 1261 2258 1302 homini
2278 1248 2367 1302 cu-v

1325 1348 1419 1376 rare
1435 1336 1486 1376 de
1506 1337 1612 1385 cibo,
1627 1335 1693 1375 vel
1705 1337 1836 1384 veste,
1850 1334 1921 1386 qui
1939 1334 2087 1372 militat
2100 1332 2192 1383 regi
2211 1344 2220 1372 ε
2237 1331 2356 1371 novit

1326 1407 1438 1446 enim
1474 1419 1551 1446 rex
1588 1405 1947 1458 quemadmodum
1992 1402 2197 1442 familiam
2235 1414 2355 1441 suam

1327 1479 1482 1527 pascat,
1504 1476 1600 1526 alat,
1622 1479 1661 1515 et
1695 1475 1860 1514 vestiat.
1884 1489 1902 1510 >³
1936 1473 2092 1512 Deinde
2117 1472 2230 1512 addit
2254 1483 2353 1524 pro-

1328 1547 1556 1595 bationem,
1574 1558 1672 1586 cum
1693 1545 1790 1586 dicit
1813 1547 1867 1594 (v.
1887 1544 1948 1595 023)
1978 1557 1986 1583 ε
2009 1543 2168 1584 Anima
2183 1542 2281 1593 plus
2299 1545 2358 1583 est*

1328 1628 1455 1669 quam
1475 1628 1566 1658 esca
1591 1627 1606 1654 .·
1626 1620 1662 1657 cc
1687 1626 1836 1666 corpus
1861 1613 1958 1665 plus
1980 1624 2107 1666 quam
2130 1614 2355 1654 vestimen-

1329 1693 1433 1729 tum.
1457 1687 1518 1727 Ex
1539 1700 1622 1739 quo
1642 1687 1831 1738 sequitur
1859 1699 1868 1725 ε
1892 1684 1934 1724 Si
1954 1684 2066 1724 dedit
2085 1683 2196 1735 quod
2216 1685 2356 1735 majus

1328 1760 1405 1806 est,
1425 1756 1632 1809 supplebit
1649 1757 1775 1796 ctiam
1794 1755 1906 1807 qnod
1924 1755 2066 1794 minus
2086 1756 2161 1794 est.
2179 1753 2357 1794 Ambro-

1330 1827 1418 1866 sius
1442 1841 1450 1866 :
1477 1841 1495 1864 «
1517 1827 1762 1867 Absurdum
1783 1829 1844 1866 est
1870 1828 1917 1865 ut
1938 1825 2073 1865 victus
2093 1824 2256 1877 copiam
2278 1837 2357 1865 no-

1330 1897 1395 1937 bis
1421 1897 1661 1937 defuturam
1680 1899 1894 1949 putemus,
1916 1895 1991 1948 qui
2018 1895 2189 1936 vivendi
2205 1896 2358 1946 jugem

1331 1968 1608 2008 substantiam
1640 1980 1663 2007 a
1688 1966 1772 2006 Deo
1802 1966 2115 2018 consequimur.
2149 1980 2168 2002 ›)
2206 1965 2359 2004 Anima

1331 2039 1444 2078 enim
1471 2041 1511 2078 et
1530 2049 1682 2090 corpus
1703 2039 1801 2076 sunt
1825 2039 1964 2088 partes
1992 2035 2175 2075 hominis
2205 2035 2356 2075 consti-

1332 2110 1494 2157 tutivae‚
1510 2111 1678 2161 propter
1691 2119 1819 2160 quem
1834 2107 1951 2146 factae
1966 2109 2063 2146 sunt
2074 2109 2236 2147 caeterae
2251 2118 2362 2147 crea-

1332 2184 1454 2229 turae,
1476 2179 1708 2219 secundum
1729 2178 1835 2217 illud
1856 2179 1881 2199 ¹¹
1904 2190 1912 2215 :
1941 2193 1960 2215 α
1978 2177 2198 2217 Faciamus
2217 2179 2358 2218 homi-

1333 2262 1432 2290 nem
1452 2250 1503 2289 ad
1524 2249 1754 2300 imaginem
1768 2250 1809 2288 et
1823 2247 2141 2287 similitudinem
2156 2250 2356 2299 nostram,

1334 2324 1375 2360 et
1401 2320 1546 2372 praesit
1568 2319 1751 2371 piscibus
1780 2318 1922 2367 maris,
1945 2331 1964 2354 »
1996 2320 2072 2357 etc.
2097 2317 2212 2358 Unde
2233 2318 2362 2371 Chry-

1335 2393 1544 2430 Sostomus
1558 2390 1588 2410 ¹²
1612 2401 1622 2429 :
1644 2404 1663 2426 «
1683 2388 1831 2429 Omnia
1850 2387 1946 2428 fecit
1964 2387 2072 2427 Deus
2095 2390 2264 2440 propter
2282 2387 2361 2428 ho-

1335 2460 1518 2510 minem;
1539 2460 1759 2500 hominem
1779 2462 1920 2499 autem
1944 2460 2112 2510 propter
2131 2469 2200 2497 se:
2218 2456 2363 2497 omnia

1335 2531 1431 2571 fecit
1449 2531 1558 2571 Deus
1576 2531 1619 2570 in
1637 2529 1856 2582 sapientia;
1880 2528 2098 2569 hominem
2114 2530 2257 2568 autem
2276 2539 2363 2567 non

1336 2602 1472 2642 solum
1493 2602 1537 2641 in
1556 2601 1773 2653 sapientia,
1794 2600 1867 2640 sed
1886 2599 2013 2639 etiam
2041 2597 2274 2638 secundum
2294 2608 2362 2636 sa-

1337 2672 1537 2724 pientiam
1559 2683 1696 2712 suam.
1716 2685 1736 2709 ))
1763 2670 1879 2711 Unde
1901 2670 2081 2722 Sapiens
2101 2670 2131 2693 ¹³
2151 2683 2159 2708 :
2182 2682 2201 2706 «
2221 2667 2361 2707 Pusil-

1336 2743 1426 2783 lum
1445 2746 1486 2783 et
1504 2754 1716 2794 magnum
1736 2742 1824 2793 ipse
1844 2741 1952 2790 fecit,
1968 2743 2009 2780 et
2025 2740 2243 2792 aequaliter
2263 2750 2364 2778 cura

1337 2817 1398 2854 est
1427 2814 1488 2853 illi
1525 2814 1576 2854 de
1612 2813 1824 2853 omnibus.
1855 2827 1874 2850 »
1913 2811 1964 2852 Et.
1994 2811 2279 2863 Augustinus,
2312 2809 2363 2851 dc

1337 2885 1480 2937 Aqone
1504 2883 1745 2926 Christiano
1767 2896 1780 2921 :
1802 2898 1820 2921 a
1847 2882 2082 2923 Rationales
2111 2883 2273 2922 animas
2291 2891 2366 2933 per

1339 2955 1524 3007 seipsum
1547 2954 1656 2995 Deus
1675 2957 1796 2994 curat
1815 2957 1855 2994 et
1880 2953 2070 3005 angelos,
2094 2955 2244 2993 caetera
2266 2962 2366 2991 vero

1338 3039 1412 3079 per
1444 3027 1556 3079 ipsos
1589 3027 1814 3078 gubernat.
1844 3041 1862 3064 n
1904 3025 1955 3065 Et
1985 3028 2085 3065 nota
2113 3024 2227 3076 quod
2257 3025 2367 3063 recte

1339 3099 1555 3149 comparat
1584 3096 1787 3147 animam,
1809 3100 1848 3136 et
1875 3096 2044 3149 praet'ert
2071 3106 2192 3144 escae,
2216 3096 2256 3134 et
2273 3105 2363 3133 cor-

1340 3178 1419 3218 pus
1450 3166 1724 3216 vestimento,
1755 3166 1856 3218 quia
1889 3166 2031 3206 anima
2066 3164 2257 3215 vigorem
2298 3163 2368 3204 dat

1342 3313 1380 3319 —
1403 3295 1444 3326 ⁹1
1464 3296 1569 3335 Petr„
1588 3304 1620 3335 V,
1638 3298 1668 3326 7.
1687 3312 1727 3319 —
1745 3295 1774 3316 1⁰
1794 3294 1881 3326 Psal.
1900 3301 1968 3333 le,
1988 3294 2038 3324 23.
2056 3311 2090 3315 -
2115 3292 2136 3314 ¹1
2156 3292 2249 3330 Gen„
2272 3301 2294 3332 1,
2315 3295 2365 3325 26.

1341 3360 1381 3366 -
1404 3343 1428 3363 ¹²
1452 3343 1642 3383 Chrysost.,
1671 3343 1706 3373 in
1727 3343 1821 3380 Gen„
1842 3351 1871 3372 c.
1895 3349 1921 3380 1,
1943 3340 2035 3371 hom.
2063 3347 2136 3371 vm.
2161 3357 2200 3362 —
2226 3339 2251 3360 ²³
2275 3340 2366 3380 Sap„

1343 3397 1390 3429 vt,
1410 3393 1441 3420 8.
