2634 3853
1026 198 1299 242 EXPOSITIO
1328 199 1381 243 IN
1413 200 1525 242 GAP.
1558 200 1625 242 lV.
2301 217 2377 256 309

257 306 276 331 α
291 290 369 341 Qui
391 289 441 342 (a)
474 288 527 329 ad
547 290 712 341 tempus
731 289 925 341 credunt,
950 290 991 329 et
1015 288 1061 329 in
1086 289 1275 341 tempore

253 358 491 402 tentationis
503 359 718 401 recedunt.
731 374 750 398 »

303 430 358 471 Et
367 439 577 481 repressus
586 431 673 472 est]
677 441 784 481 esus,
797 432 875 471 etc.
887 429 1274 483 Ostenditsuperius

250 499 367 540 Evan
373 499 522 551 gelista
534 502 823 542 auctoritatem
833 501 1033 541 doctrinae
1054 500 1205 541 Christi
1220 513 1273 542 ex

248 569 398 611 merito
422 571 546 612 vitae:
574 572 642 612 hic
668 572 850 612 secundo
877 571 1056 612 ostendit
1080 573 1273 614 testimo-

247 640 318 682 nio
345 640 587 694 Scripturae.
620 642 847 683 Introducit
868 654 972 694 ergo
997 641 1134 694 primo
1154 642 1272 683 testi-

246 711 439 752 monium
466 712 758 753 authenticum
787 712 839 753 ad
868 711 1147 752 eruditionem
1178 725 1272 753 cre-

246 782 437 824 dentium
461 797 471 834 ;
528 784 713 824 secundo
755 783 801 836 (b)
842 795 943 824 vero
981 783 1271 824 testimonium

245 855 537 896 authenticum
583 855 635 896 ad
685 855 1009 896 confutationem
1046 855 1269 895 detrahen-

245 924 370 974 tium,
391 925 477 966 ibi:
500 925 558 967 Et
579 925 800 968 dicebant:
821 925 968 967 Nouae
986 925 1055 967 hic
1074 928 1134 967 est
1152 927 1271 978 fitius

244 995 425 1048 Joseph?
468 995 515 1037 In
546 996 823 1049 explicatione
864 1000 1007 1036 autem
1038 996 1270 1038 testimonii

244 1066 498 1119 prophetici,
528 1069 711 1120 quatuor
739 1067 1066 1108 introducuntur
1096 1079 1121 1107 a
1148 1067 1270 1109 beato

244 1136 382 1178 Luca:
405 1137 594 1190 primum
613 1140 674 1178 est
690 1137 905 1178 celebritas
915 1137 959 1177 in
979 1138 1266 1191 praedicando;

245 1208 476 1249 secundum
502 1210 564 1249 est
595 1208 885 1261 opportunitas
911 1208 956 1248 in
981 1209 1266 1252 testificando:

243 1279 297 1321 Ec
316 1279 433 1320 venit
451 1278 680 1329 Nazareth,
698 1281 762 1319 etc
776 1292 786 1328 ;
802 1279 973 1319 tertium
988 1281 1051 1319 est
1069 1267 1269 1333 congrui-

241 1351 304 1388 tas
319 1348 363 1388 in
378 1349 632 1399 testimonio,
650 1348 710 1388 ibi
725 1361 735 1389 ε
757 1349 946 1400 Spiritus
959 1350 1132 1393 Domini
1144 1362 1270 1403 super

241 1429 316 1469 me,
339 1420 425 1469 etc;
448 1421 649 1472 quartum
662 1424 724 1460 est
737 1419 961 1460 credulitas
981 1420 1024 1460 ln
1039 1421 1209 1474 populo,
1228 1424 1269 1463 et

240 1489 320 1531 hoc
339 1491 510 1531 notatur
537 1489 620 1530 ibi:
655 1490 712 1534 Et
743 1500 838 1532 cum
860 1491 1077 1543 plicuisset
1096 1491 1264 1544 librum,

240 1563 320 1602 etc.
342 1561 555 1610 Quantum
586 1561 638 1602 ad
659 1562 846 1614 primum
864 1564 965 1603 nota
980 1594 990 1614 ‚
1022 1563 1135 1616 quod
1154 1563 1267 1605 cele-

239 1631 370 1672 britas
388 1631 696 1684 praedicationis
710 1632 860 1673 Christi
880 1645 934 1674 ex
952 1636 1135 1686 quatuor
1152 1635 1265 1676 colli-

240 1703 372 1755 gitur,
395 1703 548 1744 scilicet
567 1715 620 1744 ex
643 1703 903 1756 plenitudine
925 1705 1097 1756 gratiae,
1131 1717 1184 1746 ex
1200 1705 1262 1746 la-

237 1773 415 1814 titudine
430 1773 568 1825 famae,
598 1786 650 1814 ex
671 1774 918 1816 certitudine
932 1774 1133 1817 doctrinae
1152 1777 1192 1818 et
1210 1788 1264 1817 ex

237 1844 532 1896 magnitudine
548 1845 755 1886 efficaciae.

290 1914 503 1964 Quantum
517 1916 568 1957 ad
582 1916 885 1969 plenitudinem
901 1917 1066 1969 gratiae,
1081 1917 1232 1958 dicitur
1248 1932 1256 1958 :

236 1986 292 2029 Ec
310 1996 522 2039 reqressus
542 1991 603 2030 est
619 1988 739 2030 Jesus
760 1989 807 2030 in
826 1989 980 2031 virtute
1001 1989 1192 2041 Spiritus
1213 1990 1261 2032 in

239 2058 468 2101 Galiloeam.
504 2059 751 2111 Reqressus,
782 2059 936 2100 scilicet
955 2060 1007 2100 ad
1026 2060 1260 2113 praedican-

233 2129 335 2170 dum
356 2129 401 2169 in
418 2129 588 2181 virtute,
620 2131 733 2183 quia,
769 2131 1002 2172 secundum
1023 2132 1135 2184 quod
1163 2132 1259 2173 dici-

233 2203 304 2241 tur
332 2202 343 2222 1
367 2214 376 2241 :
411 2215 430 2239 c(
458 2200 662 2242 Dominus
687 2201 801 2242 dabit
829 2202 1011 2243 verbum
1044 2204 1258 2256 evangeli-

232 2272 424 2313 zantibus
453 2272 610 2314 virtute
629 2273 812 2314 multa.»
840 2273 890 2314 Et
909 2273 1004 2314 licet
1029 2274 1256 2317 infirmita-

231 2347 317 2384 tem
334 2343 626 2396 assumpsIsset
651 2355 704 2383 ex
722 2344 866 2394 nobis,
888 2345 1090 2386 virtutem
1113 2347 1256 2387 tamen

232 2413 472 2454 ostendebat
491 2424 545 2454 ex
564 2425 622 2463 se,
640 2414 873 2454 secundum
897 2414 1000 2455 illud
1015 2416 1052 2455 ²:
1078 2430 1097 2454 c<
1111 2415 1253 2458 Virtu-

231 2485 317 2523 tem
337 2483 450 2524 enim
477 2483 660 2524 ostendis
680 2486 753 2535 tu,
786 2485 856 2535 qui
876 2486 962 2525 non
996 2487 1176 2527 crederis
1206 2488 1251 2541 (c)

230 2565 318 2595 esse
337 2554 381 2594 in
399 2555 557 2596 virtute
572 2559 938 2597 consummatus»
966 2558 1017 2598 Et
1036 2558 1254 2611 signanter

229 2625 380 2667 dicitur
396 2640 405 2667 ε
421 2627 475 2667 In
488 2627 644 2669 virtute
657 2627 865 2680 Spiritus.
877 2627 989 2669 Talis
1003 2629 1116 2670 enim
1131 2630 1253 2672 debet

227 2708 315 2737 esse
346 2697 585 2750 praedicatio
610 2697 814 2750 perfecta,
848 2701 895 2739 ut
925 2699 978 2740 sit
1013 2700 1162 2742 virtuti
1194 2703 1248 2755 (d)

226 2768 434 2821 spirituali
486 2770 733 2821 conJ'uncta,
782 2770 1016 2811 secundum
1061 2772 1166 2814 illud
1191 2774 1204 2796 ³
1238 2787 1247 2815 ε

231 2853 250 2877 ε(
267 2837 414 2879 Sermo
433 2850 553 2879 meus
570 2842 610 2879 et
627 2839 867 2891 praedicatio
886 2853 981 2882 mea
1001 2854 1087 2883 non
1111 2843 1191 2884 fuit
1206 2845 1251 2885 in

225 2909 572 2961 persuasibilibus
602 2909 803 2951 humanae
839 2911 1053 2964 sapientiae
1091 2915 1247 2966 verbis,

226 2979 296 3018 sed
317 2979 361 3019 in
380 2980 616 3021 ostensione
633 2981 803 3034 spiritus
815 2984 856 3022 et
868 2982 1039 3024 virtutis
1055 2997 1063 3023 :
1080 2986 1127 3025 ut
1146 2985 1249 3027 fides

225 3050 362 3089 vestra
389 3062 475 3091 non
493 3051 545 3091 sit
575 3051 620 3093 in
641 3052 844 3105 sapientia
871 3053 1079 3107 hominiS,
1112 3057 1249 3098 sedin

224 3118 379 3161 virtute
399 3121 485 3163 Dei.
503 3136 522 3160 n

279 3188 492 3238 Quantum
520 3193 572 3234 ad
601 3194 869 3238 latitudinem
896 3197 1044 3250 famae,
1067 3198 1244 3242 dicitur:

267 3339 278 3360 1
300 3338 389 3371 Psal.
411 3347 516 3381 van,
537 3344 586 3374 12.
606 3359 646 3367 —
668 3344 680 3364 ²
702 3345 1184 3392 Sap„xn,17.-³100r‚
1209 3359 1246 3392 11,

226 3387 256 3426 4,
288 3389 316 3418 5.
343 3403 382 3409 —
409 3386 422 3407 ’·
449 3387 672 3430 Job,xxv111,
701 3395 817 3424 22.·—
850 3395 864 3418 ⁵
897 3396 1033 3437 Mczttlz.2
1059 3405 1106 3438 1v,
1130 3400 1181 3430 24
1207 3415 1247 3423 -

228 3434 304 3464 6111
333 3434 422 3474 Ray..
441 3442 477 3475 X,
505 3436 556 3468 24.
579 3453 620 3460 —
643 3439 653 3457 ⁷
681 3440 1080 3484 Ecclz'.‚x1.v11,17.-
1103 3447 1114 3465 ὃ
1140 3447 1245 3484 Joan„

226 3459 1245 3534 xv111,20.—⁹'2P10v.,121,17.—1⁰1b1dv,16.-111b1d

1353 290 1409 333 Et
1436 292 1556 342 fama
1582 290 1695 333 eoeiit
1717 301 1793 343 per
1819 293 2063 336 universam
2089 298 2299 349 regionem
2325 301 2376 342 de

1351 362 1439 412 illc,
1460 363 1694 404 secundum
1707 362 1811 403 illud
1830 363 1902 406 Job
1921 366 1935 389 '⁴
1953 379 1962 406 :
1986 380 2005 404 a
2017 366 2204 408 Auribus
2223 371 2376 410 nostris

1350 430 1592 471 audivimus
1626 431 1782 471 famam
1816 434 1922 484 eius.
1941 447 1960 471 2)
1998 433 2204 487 Loquitur
2233 437 2283 477 de
2310 449 2378 478 sa-

1349 500 1508 553 pientia
1527 500 1691 551 Christi,
1713 514 1810 554 quae
1830 505 1893 543 est
1906 503 1979 544 Dei
1999 504 2133 545 virtus
2154 507 2194 546 et
2213 507 2376 559 sapien-

1348 571 1419 611 tia.
1463 571 1570 611 Huic
1610 573 1831 614 concordat
1876 574 1982 615 alius
2017 576 2281 628 evangelista
2315 582 2328 603 ⁵
2365 593 2374 620 ε

1353 655 1372 679 (ι
1386 641 1500 682 Abiit
1518 642 1659 694 opinio
1676 645 1769 696 ejus
1788 645 1832 684 in
1848 647 1978 686 totam
2000 646 2217 700 Syriam.»
2241 648 2378 701 Hujus

1348 713 1491 752 autem
1510 713 1537 751 fi
1543 724 1653 764 gnra
1671 715 1881 766 praecessit
1900 716 1944 756 in
1964 716 2202 769 Salomone,
2222 719 2273 759 de
2293 732 2378 772 quo

1348 782 1501 824 dicitur
1516 783 1545 834 ⁶,
1567 784 1679 836 quod
1699 798 1718 822 <‹
1741 797 1888 826 omnes
1906 798 2027 838 reges
2046 790 2258 830 terrarum
2277 791 2378 832 desi-

1348 853 1552 894 derabant
1571 854 1714 896 videre
1733 855 1880 896 faciem
1900 855 2149 899 Salomonis.
2172 873 2191 897 ›>
2217 860 2273 901 De
2292 872 2378 913 quo

1347 924 1393 965 in
1414 925 1709 968 Ecclesiastico
1728 927 1765 967 ⁷:
1794 942 1813 965 (ι
1837 928 1901 968 Ad
1928 928 2085 970 insulas
2100 929 2228 984 longe
2247 931 2379 975 divul-

1346 998 1497 1048 gatum
1516 1000 1577 1037 est
1595 1009 1752 1039 nomen
1770 1000 1909 1040 tuum.
1928 1013 1947 1037 »

1400 1067 1614 1117 Quantum
1637 1068 1689 1109 ad
1717 1069 2010 1112 certitudinem
2029 1071 2254 1126 doctrinae,
2279 1073 2376 1115 sub·

1347 1139 1478 1181 ditur:
1505 1141 1564 1182 Et
1585 1142 1676 1193 ipse
1696 1140 1868 1186 docebat
1894 1144 1942 1185 in
1964 1146 2196 1198 syuaqoqis
2216 1157 2371 1200 eorum,

1344 1222 1431 1251 non
1462 1211 1506 1252 in
1532 1212 1713 1264 occulto,
1745 1213 1852 1254 sicut
1889 1214 2083 1257 homines
2114 1217 2187 1270 qui
2217 1218 2375 1260 habent

1344 1284 1583 1335 suspectam
1608 1283 1857 1326 doctrinam.
1872 1288 1886 1310 ³
1912 1300 1931 1324 (ι
1944 1285 2035 1338 Ego
2056 1287 2195 1340 palam
2211 1288 2377 1331 locutus

1344 1364 1440 1392 sum
1461 1354 1636 1403 mundo,
1659 1366 1742 1405 ego
1761 1366 1927 1408 semper
1945 1356 2070 1398 docui
2090 1358 2135 1398 in
2157 1370 2377 1412 synagoga

1343 1426 1383 1464 et
1402 1423 1447 1463 in
1467 1424 1639 1476 templo,
1660 1437 1746 1477 quo
1768 1437 1914 1467 omnes
1933 1427 2068 1469 Judaei
2100 1430 2371 1483 conveniunt,

1342 1496 1382 1535 et
1397 1494 1442 1535 in
1456 1494 1619 1537 occulto
1636 1495 1800 1537 locutus
1813 1508 1909 1537 sum
1923 1498 2045 1539 nihil.
2060 1513 2079 1537 »
2099 1498 2153 1539 At
2166 1511 2189 1540 e
2208 1500 2375 1543 diverso

1342 1565 1440 1606 dicit
1459 1566 1663 1619 sapientia
1681 1566 1982 1609 haereticorum
2002 1571 2183 1623 terrena,
2207 1572 2370 1614 anima-

1340 1635 1406 1687 115,
1434 1637 1650 1688 diabolica,
1675 1650 1771 1691 quae
1791 1639 2039 1692 designatur
2055 1654 2131 1694 per
2150 1643 2373 1686 mulierem

1339 1709 1495 1749 malam
1510 1709 1523 1731 ⁹
1543 1723 1551 1750 :
1577 1724 1596 1747 «
1613 1709 1750 1763 Aquae
1768 1711 1939 1753 furtivae
1959 1712 2168 1754 dulciores
2186 1716 2310 1766 sunt,
2331 1717 2373 1755 et

1338 1779 1459 1832 panis
1486 1780 1758 1823 absconditus
1786 1783 2006 1825 suavior.»
2039 1783 2156 1825 Unde
2181 1785 2371 1827 Christus

1337 1849 1539 1904 implebat
1549 1852 1651 1893 illud
1666 1852 1694 1875 ¹⁰
1711 1866 1720 1894 ι
1732 1868 1751 1892 «
1761 1853 2011 1896 Deriventur
2021 1855 2154 1896 fontes
2166 1856 2229 1897 tui
2240 1856 2366 1908 foras,

1336 1925 1376 1963 et
1396 1923 1439 1962 in
1464 1923 1611 1976 plateis
1633 1937 1762 1978 aquas
1793 1928 1887 1966 tuas
1907 1926 2095 1968 divide.»
2123 1927 2172 1969 Et
2191 1928 2283 1969 ideo
2304 1928 2365 1970 di-

1335 1993 1444 2034 citur
1458 1995 1483 2016 1¹
1503 2009 1511 2035 :
1530 2009 1549 2033 α
1568 1995 1783 2048 Sapientia
1803 1996 1901 2037 foriS
1920 1997 2132 2051 praedicat,
2152 1998 2197 2039 in
2216 1999 2366 2052 plateis

1333 2064 1402 2106 dat
1420 2077 1568 2106 vocem
1587 2077 1724 2117 suam,
1741 2080 1760 2105 >2
1787 2069 1864 2107 etc.

1387 2137 1603 2187 Quantum
1657 2138 1708 2179 ad
1757 2139 2097 2191 magnitudinem
2151 2141 2362 2195 efficaciae,

1332 2209 1554 2251 subditur:
1588 2210 1649 2252 Et
1671 2210 2031 2263 maqnisicabatur
2062 2212 2112 2253 ab
2142 2213 2364 2260 omnibus,-

1332 2281 1406 2334 qui
1434 2292 1581 2322 omnes
1611 2282 1954 2334 magnitudinem
1983 2283 2178 2325 efficaciae
2208 2285 2364 2327 sentie-

1330 2350 1444 2401 bant,
1458 2352 1561 2393 adeo
1575 2353 1622 2392 ut
1631 2354 1798 2404 possent
1817 2352 1954 2392 dicere
1972 2353 2076 2394 illud
2090 2355 2144 2395 ¹²:
2165 2369 2184 2394 ε(
2197 2354 2364 2407 Magni-

1330 2421 1451 2462 ficata
1471 2424 1533 2462 est
1552 2434 1689 2475 usque
1704 2422 1755 2463 ad
1766 2423 1891 2463 ccelos
1910 2423 2198 2466 misericordia
2217 2428 2306 2476 tua,
2321 2428 2363 2467 et

1328 2504 1464 2545 usque
1483 2493 1535 2533 ad
1555 2493 1688 2534 nubes
1704 2493 1858 2535 veritas
1875 2495 1961 2545 tua,
1981 2509 2000 2532 ›)
2022 2494 2176 2536 scilicet
2191 2496 2237 2536 in
2256 2508 2361 2549 prae·

1327 2563 1546 2605 dicatione.
1568 2563 1651 2605 Nec
1670 2564 1844 2616 mirum,
1867 2565 1968 2617 quia
1985 2565 2072 2618 ipse
2089 2568 2177 2608 erat
2195 2566 2265 2608 ille
2286 2569 2359 2621 qui

1327 2634 1577 2687 designatur
1606 2647 1682 2688 per
1713 2635 1836 2676 illum
1865 2634 2151 2688 Salomonem,
2193 2638 2243 2679 de
2273 2650 2358 2692 quo

1326 2707 1355 2732 ¹³
1382 2706 1713 2758 «Magnificatus
1741 2709 1802 2748 est
1832 2706 2030 2748 Salomon
2052 2719 2180 2761 super
2211 2721 2358 2752 omnes

1324 2790 1448 2832 reges
1466 2781 1590 2820 terrae
1604 2791 1692 2832 prae
1711 2779 1871 2821 divitiis
1890 2782 1929 2820 et
1950 2780 2132 2832 gloria.»
2160 2781 2273 2823 Infra
2293 2783 2321 2805 ¹4
2344 2797 2353 2824 :

1330 2865 1350 2891 c<
1362 2851 1571 2904 Propheta
1590 2862 1777 2903 magnus
1796 2852 1979 2893 surrexit
1999 2853 2044 2892 in
2061 2853 2195 2895 nobis.
2212 2868 2231 2892 »

1377 2925 1442 2964 16.
1465 2921 1526 2965 Et
1545 2923 1662 2965 venit
1675 2922 1906 2972 Nazareth,
1928 2925 2004 2964 etc.
2027 2923 2104 2964 Hic
2123 2936 2224 2967 vero
2242 2927 2356 2967 nota-

1322 2994 1392 3035 tur
1411 2993 1704 3047 opportunitas
1722 2994 1766 3034 in
1787 2994 1991 3045 testandO,
2011 3007 2107 3048 quae
2126 2997 2356 3038 attenditur

1322 3064 1366 3105 in
1407 3064 1731 3106 circumstantiis
1775 3065 2121 3107 concurrentibus
2157 3067 2209 3108 ad
2256 3068 2350 3119 hoc,

1322 3135 1436 3187 quod
1445 3135 1801 3188 Christuslegeret
1810 3136 1854 3176 in
1865 3138 2090 3190 conspectu
2101 3149 2349 3191 synagogae.

1322 3204 1439 3247 Unde
1457 3206 1527 3247 hic
1546 3207 1726 3260 quatuor
1744 3207 1970 3248 notantur:
1992 3207 2142 3249 dicitur
2161 3209 2274 3250 enim
2290 3209 2351 3250 in-

1321 3354 1348 3387 1,
1368 3348 1419 3380 20.
1442 3365 1478 3371 -—
1503 3349 1530 3370 1²
1554 3348 1660 3390 Psal„
1681 3356 1750 3390 ΠΙ,
1779 3350 1829 3381 11.
1854 3365 1892 3372 —-
1915 3347 1943 3371 ¹⁸
1967 3349 1993 3380 ΙΙ
2015 3348 2144 3389 Ραναῖ.,
2171 3355 2216 3389 vi,
2238 3350 2289 3382 22.
2309 3365 2350 3373 —

1321 3394 1346 3416 ¹⁴
1366 3395 1454 3435 Luc„
1475 3403 1545 3436 vn,
1567 3398 1617 3428 16.

1364 3447 1409 3488 (a)
1427 3448 1508 3480 Caet.
1525 3449 1603 3482 edit.
1627 3449 1765 3487 Quia.—
1784 3448 1829 3490 (b)
1847 3449 1928 3481 Item
1946 3449 2187 3483 secundum.—
2209 3449 2249 3491 (c)
2267 3450 2348 3485 Item

1322 3493 1515 3530 credideris.
1536 3514 1570 3518 —
1594 3495 1641 3536 (d)
1660 3497 1741 3528 Item
1761 3496 1894 3530 virtute.
