2634 3853
31 843 164 868 Lucerna

80 2831 170 2859 Oculu
175 2839 188 2857 s

51 2872 173 2917 spiritua
178 2886 188 2891 -

944 160 1221 203 EXPOSITIO
1250 160 1304 202 IN
1333 157 1450 201 CAP.
1480 158 1547 199 XI.

189 261 244 303 Et
274 270 368 302 cum
398 256 656 309 loqueretur,
690 244 1003 306 roqavic‘eum
1039 252 1116 290 etc.
1146 249 1210 289 Ad

189 327 564 371 commendandam
589 325 722 377 igitur
750 322 1059 375 simplicitatem
1084 321 1209 360 rectae

189 399 450 449 intentionis,
472 398 610 450 primo
630 397 709 436 tria
726 394 1053 435 introducuntur
1071 423 1080 442 ‚
1103 391 1210 431 scili-

189 474 254 512 cet
272 470 501 511 similitudo
520 467 756 515 rationaliS,
781 465 991 518 adaptatio
1011 463 1208 504 similitu-

190 541 322 592 diniS,
343 544 384 582 et
404 540 645 581 informatio
665 535 1026 578 commendabilis.

242 611 384 653 Primo
411 612 554 664 itaque
584 608 865 650 introducitur
892 606 1124 646 similitudo
1143 617 1210 645 ra-

189 683 356 725 tionalis
372 714 382 732 ‚
404 695 501 723 cum
527 682 652 722 dicit:
677 680 800 722 Nemo
826 679 1041 720 lucernam
1067 687 1212 718 accen-

191 756 281 807 dit,
304 755 411 798 etin
425 752 667 796 abscondito
688 752 809 804 ponit
823 783 834 802 ,
857 761 986 803 neque
1017 749 1093 791 sub
1126 758 1212 790 mo-

190 827 277 869 dio.
323 825 512 866 Lucerna
547 824 700 865 dicitur
735 821 978 864 vehiculum
1012 820 1212 870 luminis,

191 898 280 938 sive
309 908 384 937 vas
417 895 591 936 luminis
625 893 916 934 contentivum
939 924 950 944 ,
990 903 1088 945 quae
1127 891 1217 931 sive

191 966 420 1008 materialis
439 966 511 1016 sit,
533 965 622 1006 sive
643 963 894 1017 spiritualis,
922 975 1008 1004 non
1040 964 1103 1002 est
1120 961 1214 1002 abs-

192 1037 420 1079 condenda.
450 1036 640 1078 Lucerna
667 1036 778 1076 enim
800 1033 1028 1075 materialis
1046 1033 1218 1073 abscon-

192 1109 278 1150 dita
297 1140 308 1159 ,
340 1108 488 1149 lumen
523 1119 610 1149 non
642 1106 815 1156 tribuit,
850 1105 922 1146 sed
956 1106 1018 1145 est
1045 1115 1219 1157 prorsus

192 1178 354 1220 inutilis
388 1192 397 1220 :
430 1178 623 1219 similiter
653 1189 730 1218 nec
759 1175 1008 1229 spiritualis,
1042 1174 1154 1215 unde
1174 1174 1220 1214 in

193 1250 486 1292 Ecclesiastico
510 1250 526 1295 ,¹
566 1264 574 1289 :
616 1264 634 1286 «
669 1248 882 1301 Sapientia
915 1247 1117 1286 absconsa
1139 1277 1150 1296 ,
1181 1248 1222 1286 et

193 1320 419 1361 thesaurus
439 1320 618 1370 invisus,
635 1318 732 1372 quae
751 1318 909 1358 utilitas
931 1317 976 1357 in
999 1317 1222 1369 utrisque?

195 1391 340 1432 Melior
353 1393 414 1430 est
427 1391 499 1443 qui
515 1390 620 1447 celat
633 1389 916 1441 insipientiam
934 1400 1071 1437 suam,
1091 1399 1221 1440 quam

195 1462 269 1516 qui
301 1461 519 1502 abscondit
551 1460 800 1514 sapientiam
833 1471 970 1500 suam.
1003 1473 1022 1497 n
1050 1459 1101 1499 Et
1129 1459 1222 1499 ideo

194 1533 288 1574 haec
302 1533 475 1574 lucerna
493 1544 580 1572 non
599 1532 721 1573 debet
745 1531 965 1581 abscondi,
986 1531 1057 1571 sed
1091 1530 1224 1570 mani-

195 1605 363 1655 festari3
397 1605 510 1646 unde
539 1604 678 1645 subdit
710 1618 718 1645 :
752 1604 832 1645 Sed
862 1614 993 1656 supra
1024 1603 1220 1645 candela-

198 1678 339 1727 brum,
371 1676 527 1717 scilicet
564 1676 701 1728 ponit,
731 1678 778 1717 uc
812 1676 887 1727 qui
919 1674 1225 1727 ῑηρνθιίἱαηίαν

198 1749 337 1790 lumen
359 1748 549 1790 videant.
584 1747 749 1796 Quanto
777 1748 919 1787 autem
951 1746 1133 1786 lucernae
1162 1746 1222 1786 al-

197 1821 285 1861 tius
301 1822 536 1874 ponuntur,
555 1821 672 1859 tanto
693 1818 845 1858 clarius
871 1817 1161 1870 resplendent3
1185 1821 1226 1858 et

198 1892 291 1933 ideo
311 1902 444 1944 supra
474 1891 524 1944 (a)
552 1889 864 1940 candelabrum,
885 1890 989 1930 sicut
1014 1901 1142 1941 supra
1169 1888 1227 1930 lo-

199 1976 297 2005 cum
317 1963 531 2004 excelsum
552 1962 703 2003 debent
721 1962 843 2014 poni,
864 1963 989 2014 Juxta
1018 1961 1226 2002 visionem

199 2031 409 2074 Zachariae
426 2035 440 2056 ²
461 2045 470 2072 :
495 2045 514 2069 α
533 2029 645 2081 Vidi,
669 2032 710 2070 et
729 2041 822 2070 ecce
839 2030 1139 2070 candelabrum
1158 2042 1229 2071 au-

200 2116 348 2155 reum,
382 2105 544 2155 lampas
577 2103 670 2154 ejus
701 2113 825 2154 super
855 2106 980 2154 caput
1010 2102 1166 2154 ipsius,
1189 2104 1230 2141 et

201 2179 361 2230 septem
383 2176 569 2216 lucernae
588 2175 681 2226 eJus
701 2185 831 2226 super
849 2173 968 2213 illud.
990 2186 1009 2209 ›>

255 2248 450 2290 Secundo
469 2259 572 2289 vero
599 2245 854 2298 adiungitur
879 2245 1088 2298 adaptatio
1116 2245 1231 2284 simi-

200 2319 412 2369 litudinis,
435 2330 533 2358 cum
562 2316 754 2358 subditur
784 2319 857 2367 (v.
891 2316 964 2369 34)
999 2328 1009 2356 ε
1040 2317 1232 2357 Lucerna

203 2391 390 2443 corporis
411 2389 499 2439 tui,
524 2392 586 2430 esc
606 2387 749 2429 oculus
765 2391 879 2429 tuus.
900 2386 1091 2439 Corporis
1112 2397 1232 2426 nam-

204 2473 287 2514 que
308 2459 538 2501 materialis
558 2458 705 2498 oculus
718 2490 728 2508 ,
751 2457 978 2510 corporalis
1009 2460 1071 2497 est
1092 2457 1229 2497 lucer-

205 2544 281 2583 na,
303 2531 403 2585 quia
422 2532 558 2571 totum
581 2540 734 2582 corpus
760 2528 905 2581 dirigit
935 2531 975 2569 et
1005 2528 1229 2569 illuminat.

206 2600 401 2654 Corporis
431 2612 534 2642 vero
565 2598 820 2652 spiritualiS,
843 2598 883 2638 id
904 2601 965 2639 est
979 2630 990 2648 ,
1013 2598 1233 2650 congeriei

205 2674 416 2714 bonorum
435 2683 613 2724 operum
639 2670 834 2721 lucerna,
857 2672 918 2710 est
940 2669 1090 2710 oculus
1110 2670 1234 2722 spiri-

207 2743 355 2794 tualis,
378 2743 423 2784 id
442 2745 523 2793 est,
548 2742 740 2783 intentio.
766 2741 945 2782 Intentio
965 2753 1150 2794 namque
1170 2742 1231 2782 di-

209 2817 319 2857 citur
353 2814 499 2856 oculus
525 2817 566 2855 et
597 2813 768 2854 lucerna
790 2827 798 2854 :
821 2813 968 2854 oculus
983 2845 994 2864 ,
1017 2813 1060 2853 in
1094 2826 1234 2866 quan—

213 2891 300 2928 tum
339 2886 602 2928 illuminatur
634 2897 657 2925 a
689 2885 771 2926 Deo
804 2885 855 2925 ad
890 2885 1015 2925 totius
1052 2885 1236 2926 hominis

212 2957 504 3007 directionem3
526 2957 701 2997 lucerna
719 2968 834 3006 vero,
857 2957 900 2996 in
921 2959 1130 3009 quantum
1150 2969 1238 2997 om-

212 3027 334 3068 nium
361 3027 575 3069 actionum
593 3059 602 3077 ‚
633 3027 940 3079 cogitationum
975 3029 1016 3068 et
1050 3027 1237 3067 affectio-

183 3145 187 3148 *
212 3111 318 3140 num
347 3099 589 3151 congeriem
609 3099 783 3150 dirigit,
813 3097 935 3150 quasi
957 3110 1129 3150 gressus
1158 3098 1235 3138 ho-

213 3169 361 3219 minis,
381 3169 424 3209 in
457 3169 573 3210 viam
602 3169 738 3222 pacis,
771 3168 1004 3209 secundum
1032 3168 1135 3208 illud
1166 3180 1237 3208 su-

214 3253 291 3295 pra
309 3241 323 3263 3
343 3254 353 3281 z
381 3255 401 3279 ε(
419 3240 662 3281 Illuminare
680 3240 747 3281 his
767 3240 840 3293 qui
869 3239 913 3279 in
933 3239 1116 3280 tenebris
1136 3242 1176 3280 et
1195 3239 1240 3279 in

215 3312 370 3354 umbra
388 3311 535 3352 mortis
561 3311 729 3361 sedent,
751 3326 770 3349 n
793 3314 870 3352 etc.
892 3310 1094 3351 Lucernae
1127 3310 1242 3351 enim

260 3419 270 3441 1
291 3418 411 3453 Εεοίί.,
432 3426 496 3458 xx,
517 3419 574 3457 32,
594 3418 644 3450 33.
666 3435 704 3442 —
729 3419 742 3440 2
767 3418 880 3456 Zack„
900 3426 947 3458 IV,
968 3420 998 3450 2.
1020 3435 1060 3441 —
1081 3418 1095 3439 3
1121 3419 1241 3458 Supra,

220 3476 251 3507 1,
273 3468 374 3500 79.—
392 3466 406 3488 ⁴
431 3464 518 3497 Psal.
542 3472 668 3506 cxvm,
689 3467 759 3498 105.
783 3483 824 3489 -
851 3466 864 3488 5
888 3467 914 3498 11
935 3466 1039 3506 Petr„
1069 3474 1098 3506 1,
1130 3468 1179 3498 19.
1203 3483 1243 3489 -

2231 161 2307 200 539

1282 252 1342 289 θεῖ
1361 247 1614 289 illuminare.
1637 246 1687 286 Et
1704 247 1924 299 propterea
1942 246 2122 286 verbum
2147 246 2218 286 Dei
2249 247 2309 287 di-

1282 320 1389 360 citur
1406 319 1595 369 lucerna,
1619 317 1851 358 secundum
1880 316 1986 356 illud
2005 315 2019 337 ¹*
2040 330 2048 355 :
2075 331 2094 354 (ι
2118 317 2308 358 Lucerna

1283 391 1462 443 pedibus
1482 389 1587 429 meis
1600 389 1783 430 verbum
1804 389 1943 436 tuum,
1961 389 2000 426 et
2020 386 2166 426 lumen
2188 387 2308 427 semi-

1283 462 1336 501 tis
1366 460 1491 510 meis,
1518 475 1537 497 n
1564 459 1718 500 scilicet
1749 460 1957 511 quantum
1991 457 2042 496 ad
2076 457 2306 506 credenda;

1285 536 1297 556 5
1324 547 1343 570 c<
1371 531 1584 572 Habemus
1615 529 1848 569 firmiorem
1888 527 2183 581 propheticum
2225 538 2310 567 ser-

1285 614 1456 644 monem
1471 633 1481 652 ,
1504 602 1571 641 cui
1590 601 1696 641 bene
1726 599 1858 639 facitis
1881 598 2140 639 attendentes
2157 629 2168 648 ,
2190 597 2313 650 quasi

1284 673 1470 714 lucernae
1494 671 1650 712 lucenti
1670 671 1716 711 in
1741 671 1831 710 loco
1852 669 2085 721 caliginoso
2101 700 2114 719 ,
2135 683 2154 707 ›)
2176 680 2314 721 quan-

1286 747 1378 785 tum
1393 743 1446 784 ad
1462 742 1643 793 agenda.
1664 741 1820 781 Dicitur
1838 740 2086 780 mandatum
2099 739 2112 761 ⁶
2129 754 2138 780 ι
2165 755 2184 778 α
2198 739 2311 780 Man-

1288 816 1433 856 datum
1444 814 1617 855 lucerna
1630 815 1706 863 est,
1723 815 1763 852 et
1782 812 1850 852 lex
1870 811 1959 852 lux.
1977 825 1995 848 »
2012 810 2170 851 Dicitur
2183 811 2310 851 etiam

1288 885 1537 941 praedicator
1555 883 1568 905 ⁷
1592 898 1600 924 z
1630 898 1648 921 «
1665 883 1758 936 Ipse
1789 884 1877 923 erat
1903 882 2077 922 lucerna
2105 881 2256 922 ardens
2277 883 2318 922 et

1288 959 1458 1007 lucens;
1481 970 1499 994 ))
1526 957 1566 996 θῖ
1585 954 1644 996 ad
1664 954 1958 1005 Philippenses
1977 953 1990 975 ⁸
2009 966 2017 992 :
2041 967 2060 991 «
2080 952 2191 992 Inter
2211 963 2318 1004 quos

1289 1029 1437 1071 lucetis
1457 1028 1563 1068 sicut
1590 1026 1817 1066 luminaria
1849 1025 1892 1064 in
1914 1023 2089 1064 mundo.
2117 1038 2136 1061 ))
2162 1023 2318 1064 Dicitur

1292 1102 1332 1141 et
1356 1099 1515 1140 donum
1544 1097 1726 1150 Spiritus
1751 1095 1912 1136 sancti⁹
1936 1109 1944 1135 :
1975 1094 2154 1135 «Facies
2182 1097 2223 1135 et
2251 1094 2318 1134 lu-

1293 1182 1438 1212 cernas
1469 1172 1643 1221 septem,
1666 1170 1706 1208 et
1734 1178 1864 1220 pones
1885 1178 1955 1207 eas
1976 1178 2105 1218 super
2125 1165 2320 1206 candela-

1293 1244 1419 1283 brum
1436 1273 1445 1290 ,
1469 1257 1487 1279 »
1515 1241 1555 1281 id
1576 1242 1658 1290 est,
1677 1239 1787 1280 dona
1805 1241 1967 1291 septem
1987 1237 2168 1290 Spiritus
2188 1237 2320 1278 sancti

1296 1325 1425 1365 supra
1440 1312 1666 1352 Christum.
1680 1310 1840 1351 Dicitur
1857 1309 1986 1350 etiam
2002 1320 2124 1362 opus,
2142 1308 2252 1348 infra
2263 1308 2291 1333 ¹0
2308 1319 2318 1347 ε

1302 1400 1320 1423 α
1340 1384 1431 1425 Sint
1464 1381 1599 1423 lumbi
1627 1381 1755 1421 vestri
1789 1379 2005 1432 praecincti
2025 1411 2038 1429 ,
2067 1381 2108 1419 et
2137 1378 2321 1419 lucernae

1296 1455 1488 1496 ardentes
1504 1453 1549 1492 in
1570 1452 1767 1492 manibus
1789 1451 1952 1492 vestris.
1975 1465 1995 1488 «
2016 1449 2176 1490 Dicitur
2195 1449 2321 1489 etiam

1297 1525 1495 1575 intentio,
1516 1534 1613 1576 quae
1629 1555 1639 1573 ,
1665 1523 1698 1562 si
1730 1521 1857 1562 fuerit
1889 1522 2009 1571 ficta,
2039 1520 2323 1571 extinguitur,

1297 1596 1530 1637 secundum
1559 1594 1661 1634 illud
1689 1594 1714 1616 ¹¹
1737 1607 1746 1634 :
1772 1592 1905 1633 «Lux
1935 1591 2248 1631 obtenebrescet
2281 1590 2326 1629 in

1297 1666 1567 1709 tabernaculo
1604 1665 1717 1705 illius
1750 1679 1759 1704 ι
1792 1666 1833 1703 θῖ
1865 1663 2038 1703 lucerna
2071 1673 2166 1714 quae
2199 1671 2328 1712 super

1299 1751 1394 1780 eum
1418 1740 1504 1788 est,
1525 1737 1832 1787 extinguetur3
1853 1747 1872 1771 >³
1898 1734 1931 1773 si
1954 1735 2094 1773 autem
2116 1734 2228 1772 recta
2248 1733 2324 1780 est,

1297 1813 1435 1851 totum
1466 1807 1677 1849 illuminat
1704 1807 1915 1846 bonorum
1946 1815 2123 1856 operum
2157 1814 2324 1855 corpus.

1300 1882 1417 1923 Unde
1436 1881 1609 1921 lucerna
1628 1878 1766 1931 primo
1793 1875 1992 1928 competit
2019 1874 2149 1915 verbo
2171 1873 2265 1923 Dei,
2289 1874 2329 1913 et

1300 1955 1410 1996 dono
1440 1951 1621 2004 Spiritus
1652 1948 1809 1997 sancti;
1841 1949 1882 1987 et
1910 1958 1984 1998 per
2016 1945 2097 1985 hoc
2129 1944 2328 1997 competit

1302 2023 1525 2065 intentioni
1557 2020 1714 2069 cordis;
1743 2021 1783 2059 et
1801 2017 1899 2058 inde
1928 2016 2139 2057 descendit
2167 2015 2210 2055 in
2243 2015 2328 2055 elo-

1303 2096 1454 2150 quium
1473 2090 1784 2147 praedicationis
1801 2101 1936 2139 verae,
1959 2090 2001 2128 θῖ
2022 2089 2064 2127 in
2095 2099 2202 2140 opus
2229 2098 2328 2126 con-

1303 2166 1552 2209 versationis
1593 2165 1763 2204 sanctae.
1803 2160 1964 2201 Dicitur
2001 2161 2143 2199 autem
2181 2158 2231 2198 de
2267 2157 2334 2196 his

1305 2238 1535 2280 secundum
1575 2233 1787 2287 quoddam
1830 2241 1966 2283 genus
2004 2229 2229 2280 analogiae,
2263 2227 2335 2268 Est

1306 2321 1411 2361 ergo
1431 2308 1604 2348 lucerna
1624 2303 1868 2344 intentionis
1888 2303 2014 2342 rectae
2032 2300 2153 2353 quasi
2172 2299 2331 2344 media.

1306 2379 1538 2432 suscipiens
1558 2389 1583 2416 a
1602 2373 1836 2427 superiori,
1858 2375 1899 2413 et
1927 2371 2169 2412 redundans
2194 2370 2238 2410 in
2266 2371 2334 2410 to-

1306 2455 1393 2493 tam
1425 2447 1669 2500 congeriem
1689 2456 1880 2498 operum.
1904 2443 2080 2495 Propter
2099 2441 2211 2494 quod
2233 2440 2334 2481 sub-

1307 2524 1368 2566 dit
1392 2535 1401 2564 :
1427 2522 1473 2564 Si
1500 2521 1641 2563 oculus
1670 2523 1770 2562 tuus
1797 2516 1932 2569 fuerit
1960 2512 2141 2565 simplem
2162 2543 2172 2562 ,
2202 2510 2246 2551 id
2276 2511 2337 2550 est

1308 2593 1483 2635 intentio
1502 2594 1638 2641 recta,
1663 2593 1796 2633 totum
1816 2596 1967 2640 corpus
1994 2588 2114 2627 tuum
2147 2580 2338 2623 lucidum

1311 2667 1406 2709 erit.
1424 2665 1478 2706 Ut
1491 2663 1604 2704 enim
1618 2661 1719 2702 dicit
1739 2659 2006 2705 Ambrosius,
2023 2653 2200 2696 intentio
2220 2650 2338 2704 operi

1309 2740 1384 2778 tuo
1402 2746 1557 2776 nomen
1583 2731 1778 2785 imponit.
1806 2729 1869 2770 Ex
1888 2740 1974 2781 quo
2005 2726 2204 2779 apparet,
2226 2721 2339 2775 quod

1310 2809 1361 2850 de
1380 2807 1501 2848 oculo
1529 2804 1665 2846 cordis
1691 2800 1914 2852 intelligit,
1938 2800 2061 2851 quus
2085 2796 2244 2849 optima
2259 2794 2340 2834 dis-

1310 2879 1460 2934 positio
1492 2880 1554 2919 est
1591 2874 1833 2928 simplicitas
1850 2904 1860 2921 ,
1893 2870 2126 2912 secundum
2147 2867 2249 2907 illud
2274 2866 2302 2888 ¹²
2328 2875 2339 2904 :

1318 2968 1337 2991 α
1362 2951 1481 3000 Scio,
1504 2949 1614 2989 Deus
1644 2957 1764 2987 meus
1781 2977 1791 2996 ,
1812 2943 1925 2997 quod
1950 2941 2102 2995 probes
2135 2938 2277 2987 corda,
2302 2938 2343 2976 et

1313 3021 1623 3075 simplicitatem
1645 3017 1854 3069 diligas.»
1883 3013 2043 3054 Dicitur
2072 3013 2215 3051 autem
2245 3019 2342 3048 ocu-

1312 3095 1381 3135 lus
1414 3091 1620 3144 simplex,
1651 3088 1724 3141 qui
1755 3086 1930 3126 unicum
1961 3084 2124 3124 bonum
2158 3083 2197 3120 et
2223 3090 2340 3118 sum-

1314 3177 1455 3214 mum,
1493 3161 1605 3215 quod
1643 3156 1897 3199 indivisibile
1935 3156 2024 3202 est,
2062 3150 2251 3192 intendit.
2292 3147 2343 3188 Et

1315 3235 1408 3276 talis
1427 3233 1539 3275 solus
1575 3233 1637 3273 est
1669 3231 1828 3280 rectus,
1862 3227 1935 3280 qui
1973 3223 2106 3266 tendit
2135 3222 2187 3262 ad
2219 3219 2340 3260 illud.

1318 3371 1330 3389 ⁶
1350 3370 1461 3407 Ρφου.,
1479 3373 1532 3406 vi,
1551 3366 1603 3397 23.
1608 3382 1643 3387 —
1667 3363 1678 3381 ⁷
1699 3364 1809 3402 Joan„
1830 3369 1862 3401 v,
1888 3361 1938 3391 35.
1942 3375 1982 3381 —
2001 3357 2014 3378 8
2033 3354 2344 3395 th'lzp„11,15.—

1321 3418 1332 3436 ⁹
1354 3409 1849 3454 Erocl.,xxv,37.—¹⁰1nfra,
1871 3415 1932 3446 xii,
1954 3400 2179 3439 35.—11Job‚
2201 3400 2341 3440 xv111,6

1320 3482 1354 3488 -
1376 3459 1700 3501 1²1Paral.,xx1x,
1722 3459 1771 3490 17.
1792 3474 1826 3480 -
1851 3455 1894 3497 (α)
1918 3453 1998 3487 Coet.
2015 3450 2096 3483 edit.
2116 3456 2229 3490 supei.
