2587 3845
1122 159 1439 202 PROOEMIUM.

216 249 335 289 sitate
365 247 747 288 considerationum
769 248 1080 300 spiritualium3
1100 249 1168 289 vel
1186 261 1240 289 ex

215 318 452 358 diversitate
478 320 713 359 eventuum
744 319 1042 371 temporalium
1052 333 1062 369 ;
1086 319 1156 359 vel
1187 331 1240 359 ex

215 391 445 431 variatione
464 394 650 432 statuum
666 392 812 432 mundi
826 391 1138 444 principalium,
1157 392 1240 432 viee

214 461 367 502 scilicet
388 464 428 502 et
447 463 608 514 patriae.
632 462 774 503 Primo
797 462 903 512 dico,
925 474 979 503 ex
998 463 1241 503 diversitate

214 532 596 573 considerationum
628 533 912 586 spiritualium
936 548 943 573 :
975 533 1099 573 modo
1127 534 1241 574 enim

214 603 354 644 Sancti
375 606 684 644 convertuntur
704 604 756 644 ad
776 603 1153 644 considerationem
1174 604 1240 644 lu-

214 674 397 726 gubrem
419 677 685 726 peccatorum
707 685 883 714 suorum
898 706 908 724 ,
931 677 971 714 et
991 674 1187 725 aliorum,
1203 677 1243 715 et

214 745 294 785 hoc
317 748 380 785 est
420 745 642 798 plangere3
686 744 810 785 modo
839 745 891 785 ad
923 745 1238 798 contemplatio-

215 826 314 854 nem
333 816 591 855 aeternorum
607 814 833 862 bonorum,
854 816 894 854 et
907 814 989 854 hoc
1003 817 1064 855 est
1076 815 1240 856 saltare.

215 885 279 926 Ad
300 885 414 925 hunc
444 885 660 937 planctum
687 885 873 927 invitans
909 885 1144 937 Jeremias,
1177 886 1244 926 di-

216 957 279 997 xit
300 960 311 981 ¹
337 971 345 996 :
381 971 400 995 (ι
424 956 642 1008 Accingite
670 968 746 997 vos
776 956 941 1007 ciliciis,
974 955 1180 1008 plangite,
1205 959 1246 996 et

218 1026 394 1077 ululate;
417 1027 517 1080 quia
536 1039 624 1067 non
655 1030 715 1066 est
736 1038 886 1067 aversa
903 1026 966 1065 ira
985 1026 1140 1066 furoris
1159 1025 1244 1066 Do-

218 1097 361 1138 minia
379 1098 514 1138 vohis.
537 1112 555 1134 ›)
581 1097 629 1137 ln
646 1097 813 1146 cilicio,
848 1096 987 1137 omnis
1017 1096 1246 1148 corporalis

220 1168 386 1208 afflictio
414 1168 667 1219 intelligitur
691 1181 699 1206 ε
724 1167 768 1207 in
788 1167 985 1218 planctu,
1017 1167 1152 1219 culpae
1173 1167 1244 1207 de-

220 1239 405 1288 testatio;
429 1241 470 1278 in
491 1239 671 1288 ululatu,
701 1238 987 1278 detestationis
1016 1238 1245 1278 veliemen-

221 1308 278 1348 tia
294 1311 335 1348 et
355 1308 533 1348 intensio
569 1308 840 1359 designatur,
872 1320 969 1359 quae
1002 1308 1248 1347 exercendae

221 1382 333 1428 sunt,
356 1379 488 1419 donec
521 1378 701 1430 Spiritus
736 1378 866 1418 sancti
897 1378 1120 1418 clementia
1140 1379 1246 1418 inte-

220 1448 309 1489 rius
336 1449 577 1500 experiatur
600 1463 607 1488 :
639 1448 736 1501 qui,
758 1451 805 1488 ut
834 1448 931 1488 dicit
965 1448 1196 1500 Gregorius
1218 1451 1246 1498 ²,

227 1534 246 1557 «
265 1519 358 1560 ideo
376 1519 632 1569 Paracletus,
654 1519 696 1560 id
718 1522 777 1559 est
804 1519 1054 1570 consolator,
1080 1519 1246 1570 dicitur,

222 1593 321 1645 quia
350 1593 452 1633 dum
495 1605 612 1645 spem
651 1593 787 1633 veniae
827 1596 945 1645 parat
964 1624 972 1642 ,
1013 1597 1195 1633 mentem
1227 1605 1252 1632 a

222 1663 388 1704 tristitia
406 1663 562 1704 levati)
587 1665 661 1705 [να
675 1666 815 1704 autem
839 1665 998 1714 furoris
1014 1667 1075 1703 est
1096 1663 1249 1704 volun-

222 1738 300 1784 taS,
323 1734 412 1775 sive
430 1735 598 1774 animus
619 1735 836 1787 puniendi.
862 1735 975 1775 Istud
1002 1737 1063 1775 est
1091 1735 1249 1775 exerci-

224 1808 332 1847 tium
352 1806 566 1859 praecipue
586 1806 924 1858 neophytorum,
946 1809 1118 1858 propter
1138 1806 1252 1858 quod

224 1877 325 1918 dicit
353 1877 464 1917 idem
498 1876 700 1917 Jeremias
722 1880 735 1901 3
759 1891 767 1917 z
797 1876 941 1916 «Filia
972 1876 1117 1929 populi
1143 1877 1250 1927 mei,

225 1950 443 2001 accingere
457 1950 606 1999 cilicio,
621 1962 904 2002 conspergere
919 1949 1074 2000 cinere,
1091 1949 1253 1989 luctum

227 2021 435 2073 unigeniti
451 2021 515 2061 fac
534 2021 610 2061 tibi
632 2021 843 2073 planctum
862 2032 1107 2060 amarum.»
1132 2020 1255 2060 Hunc

226 2092 359 2143 igitur
383 2091 659 2132 affectuosum
679 2091 895 2144 planctum
916 2091 1092 2131 assumit
1112 2090 1253 2131 Eccle-

227 2162 289 2202 sia
308 2162 387 2202 sihi
407 2162 453 2202 in
473 2162 737 2214 temporibus
751 2162 1017 2215 Jejiiniorum
1037 2162 1051 2182 ¹·
1074 2176 1082 2202 :
1112 2177 1130 2199 α
1149 2161 1255 2202 Con-

225 2233 438 2274 vertimini
478 2233 531 2273 ad
564 2245 632 2273 me
669 2233 713 2273 in
743 2236 829 2274 toto
865 2233 989 2273 corde
1020 2236 1181 2281 vestro,
1211 2233 1255 2272 in

221 2304 386 2357 Jejunio
404 2306 445 2344 et
463 2304 588 2354 fletu,
611 2306 653 2343 et
679 2303 851 2356 planctu
875 2319 883 2344 :
911 2319 929 2341 n
951 2308 998 2344 ut
1015 2317 1088 2356 per
1108 2304 1256 2356 planc-

227 2379 321 2415 tum
343 2375 485 2415 veniat
505 2375 556 2415 ad
587 2375 742 2415 saltum
772 2375 919 2426 gaudii
957 2375 1187 2427 spiritualis
1215 2377 1258 2414 et

229 2445 610 2496 contemplationis,
634 2445 794 2485 dicente
814 2444 1038 2485 Psalmista
1057 2445 1069 2466 ⁵
1088 2459 1097 2484 z
1119 2459 1137 2482 α
1158 2444 1258 2485 Con-

230 2515 390 2555 vertisti
413 2515 629 2568 planetum
662 2527 807 2555 mcum
839 2516 882 2554 in
912 2515 1140 2566 gaudium3
1164 2527 1258 2555 con-

231 2585 388 2626 scidisti
408 2598 576 2626 saccum
597 2599 741 2627 meum
757 2618 769 2637 ,
791 2589 832 2626 et
854 2586 1167 2626 circumdedisti
1188 2598 1254 2626 me

230 2658 386 2698 laetitia.
410 2673 428 2695 n
456 2657 608 2699 Saccus
623 2658 891 2708 consciditur,
905 2671 1001 2698 cum
1019 2662 1113 2711 post
1137 2659 1258 2710 signa

230 2728 512 2780 poenitentiae,
535 2729 659 2780 signa
686 2729 844 2770 laetitiae
875 2731 1168 2770 assumuntur.
1202 2729 1258 2770 De

229 2799 310 2839 hoc
329 2811 486 2851 genere
508 2800 639 2840 saltus
658 2800 810 2841 dicitur
829 2801 842 2822 ‘⁵
867 2815 875 2841 z
905 2816 923 2838 α
946 2801 1078 2841 David
1105 2813 1255 2854 percu-

230 2869 358 2910 tiebat
375 2870 419 2909 in
442 2871 615 2922 organis
642 2871 863 2922 armigatis
885 2876 913 2922 ⁷,
937 2873 977 2911 et
1006 2871 1183 2911 saltabat
1202 2874 1260 2912 to-

231 2940 283 2980 tis
302 2940 462 2981 viribus
481 2944 578 2981 ante
599 2941 843 2981 Dominum.
867 2956 884 2978 n
921 2941 1093 2994 Ονῃαηα
1125 2943 1258 2984 cirmi-

231 3015 347 3062 9aca,
369 3011 412 3052 id
431 3015 515 3063 est,
555 3012 608 3052 ad
639 3024 808 3052 armum
840 3012 998 3064 ligata,
1019 3012 1261 3064 significant

231 3092 359 3132 opera
378 3082 502 3122 fortia
529 3083 810 3135 poenitentiae3
833 3083 884 3123 ad
912 3095 1007 3135 quae
1029 3087 1256 3135 percutere,

233 3153 293 3190 est
311 3151 355 3191 in
383 3152 443 3192 eis
471 3153 694 3193 efficaciter
714 3165 757 3193 se
776 3165 986 3203 exercere,
1011 3157 1051 3194 et
1081 3154 1127 3194 in
1159 3166 1258 3195 con-

233 3221 514 3272 templationis
551 3223 840 3274 altitudinem,
862 3224 981 3276 quasi
1007 3236 1082 3276 per
1101 3225 1259 3265 saltum

276 3302 287 3322 ¹
304 3302 502 3345 Jerem.,1v,
517 3306 590 3337 8.-
606 3306 618 3326 ²
635 3307 748 3347 Greg,
764 3307 798 3337 in
815 3307 957 3346 Ειάηφ,
970 3307 1064 3338 hom.
1078 3315 1160 3347 xxx,
1175 3317 1209 3338 n.
1228 3311 1258 3340 3.

234 3349 300 3371 ⁵—ss
317 3350 446 3385 Jerem„
474 3360 525 3389 vt,
553 3355 602 3384 26.
619 3370 659 3376 —
677 3354 690 3374 '⁴
709 3353 806 3392 Joel„
830 3361 867 3392 11,
890 3355 939 3384 12.
955 3371 994 3376 —
1015 3355 1028 3376 5
1049 3354 1140 3385 Psal.
1162 3363 1258 3394 xxxx,

237 3399 284 3428 12.
307 3415 346 3419 —
373 3399 386 3418 ⁶
414 3399 439 3429 ll
478 3400 565 3440 Rem,
594 3409 647 3441 vi,
685 3404 735 3433 14.
762 3419 797 3424 —-
832 3403 841 3420 '¹
870 3403 1090 3443 Septuaginta
1123 3412 1129 3434 :
1161 3405 1258 3435 Δαυὶδ

235 3444 426 3486 ἀνεκρούετο
446 3447 477 3478 ἐν
497 3448 640 3490 ὀργάνοις
659 3451 893 3491 ἡρμοσμένοις,
914 3449 947 3481 id
971 3452 1039 3490 est,
1060 3450 1170 3481 David
1184 3450 1258 3490 pul-

2267 171 2343 210 139

1313 250 1469 291 levare.
1491 250 1537 290 In
1559 251 1926 304 contemplationis
1937 252 2203 295 altitudinem
2214 256 2344 298 libere

1315 321 1459 361 volant
1479 321 1656 374 Angeli3
1683 322 1754 362 sed
1781 322 1935 363 saltant
1962 325 2131 363 tantum
2150 325 2345 368 homines

1317 392 1480 442 miseri,
1504 393 1604 444 quia
1634 392 1678 432 in
1709 392 1836 432 altam
1866 394 2231 446 contemplationis
2251 408 2344 448 spe-

1316 463 1454 502 culam
1474 464 1620 514 evecti,
1656 463 1753 513 cito,
1775 475 1949 515 corpore
1968 468 2246 515 aggravante,
2271 479 2340 507 co-

1317 536 1480 584 guntur
1500 533 1646 574 relabi.
1682 533 1729 573 ln
1758 535 1880 586 cujus
1908 535 2096 586 figuram
2116 535 2250 587 pisces
2271 537 2347 578 ha-

1318 604 1463 643 bentes
1489 616 1688 656 squamas
1711 607 1751 645 et
1782 604 2005 657 pinnulas,
2027 607 2258 647 secundum
2289 608 2351 648 le-

1320 686 1434 726 gem,
1450 675 1600 715 mundi
1613 677 1877 727 reputantur,
1889 676 1990 728 quia
2004 688 2079 729 per
2094 677 2206 718 vices
2224 690 2352 730 super

1319 756 1450 797 aquas
1474 746 1527 795 (α)
1550 745 1728 785 saltibus
1746 746 1945 786 levantur
1964 750 1978 771 ⁸
2001 761 2010 788 ε
2040 747 2219 799 «Omne,
2236 749 2352 801 quod

1319 815 1446 856 habet
1481 816 1680 867 pinnulas
1715 819 1756 856 et
1783 829 1982 869 squamas
2016 821 2106 859 tam
2136 819 2184 859 in
2227 820 2349 869 mari,

1320 898 1449 938 quam
1478 887 1523 926 in
1543 887 1793 928 fluminibus
1812 891 1852 928 et
1872 889 2048 940 stagnis,
2071 891 2346 931 comedetis.»

1324 956 1371 997 Et
1390 957 1498 998 infra
1513 958 1527 978 ⁹
1550 972 1558 998 :
1587 974 1606 997 (ι
1627 958 1838 1011 Quidquid
1872 962 2015 999 autem
2047 960 2237 1000 ambulat
2257 961 2352 1012 qui-

1322 1027 1417 1068 dem
1444 1041 1570 1081 super
1601 1032 1785 1082 quatuor
1817 1030 1963 1082 pedeS,
2003 1030 2076 1070 sed
2102 1030 2228 1070 habet
2258 1030 2352 1071 lon—

1325 1099 1445 1151 giora
1464 1104 1576 1141 retro
1594 1113 1742 1150 crura,
1780 1112 1854 1152 per
1876 1112 1972 1152 quae
1993 1101 2089 1141 salit
2123 1113 2249 1154 super
2267 1104 2354 1141 ter-

1322 1172 1660 1221 ram,comedere
1677 1173 1850 1213 debetis.
1878 1171 2154 1212 »¹0<‹Ecceiste
2165 1173 2280 1213 venit
2295 1185 2354 1213 sa-

1323 1241 1428 1281 liens
1449 1242 1491 1281 in
1512 1243 1744 1291 montibus,
1767 1246 1807 1283 et
1820 1242 2061 1283 transiliens
2076 1243 2214 1283 colles.
2229 1257 2248 1279 »
2275 1242 2355 1283 Per

1324 1317 1482 1354 montes
1505 1316 1545 1352 et
1562 1313 1683 1354 colles
1704 1313 2023 1364 intelliguntur,
2056 1313 2130 1365 qui
2156 1313 2199 1352 in
2219 1313 2357 1354 Eccle-

1324 1382 1385 1421 sia
1403 1385 1501 1422 sunt
1521 1383 1844 1432 eminentiores;
1875 1383 1918 1422 in
1939 1383 2093 1435 quibus
2113 1383 2226 1434 salit,
2256 1384 2358 1436 quia

1326 1453 1583 1493 visitationis
1617 1465 1705 1493 suae
1748 1453 1923 1493 dulcedo
1959 1465 2046 1493 non
2081 1457 2244 1505 manet,
2286 1455 2359 1496 sed

1326 1524 1499 1574 transit,
1533 1527 1581 1564 ut
1613 1523 1709 1564 dicit
1730 1523 1874 1564 Glossa
1904 1537 1914 1564 ε
1952 1523 2184 1564 «Transilit
2217 1525 2357 1576 colles,

1327 1595 1427 1646 quia
1451 1606 1604 1646 parum
1635 1594 1820 1635 elevatos
1852 1594 2052 1647 relinquit
2088 1607 2177 1635 suae
2215 1608 2358 1637 exces-

1327 1665 1431 1706 sivae
1467 1665 1699 1706 dulcedinis
1738 1668 1946 1718 expertes.
1989 1681 2008 1703 n
2050 1665 2130 1706 Pro
2159 1669 2355 1719 utroque,

1327 1740 1472 1777 contra
1508 1737 1711 1789 reprobos
1745 1736 1771 1757 ¹¹
1798 1750 1806 1776 :
1841 1751 1860 1774 α
1899 1736 2134 1777 Cecinimus
2160 1738 2296 1786 vohis,
2318 1741 2359 1779 et

1327 1820 1415 1847 non
1456 1808 1656 1857 saltastis3
1698 1807 2050 1860 lamentavimus,
2080 1811 2120 1848 et
2139 1820 2224 1849 non
2244 1809 2360 1861 plan-

1327 1879 1462 1919 xistis.
1485 1894 1504 1915 n

1382 1949 1578 2001 Amplius
1600 1949 1783 1989 secundo
1816 1950 1864 1989 fit
1896 1949 1989 1990 haec
2015 1949 2195 1991 variatio
2214 1950 2358 2003 planc-

1328 2023 1396 2061 tus
1427 2024 1468 2061 et
1503 2020 1634 2061 saltus
1672 2032 1750 2073 pro
1783 2020 2023 2062 diversitate
2055 2022 2360 2073 temporalium

1329 2094 1575 2133 eventuum.
1611 2091 1794 2144 Tempus
1831 2093 2003 2144 quidem
2036 2092 2268 2146 plangendi
2303 2096 2363 2134 est

1328 2162 1374 2202 in
1390 2162 1585 2203 Ecclesiae
1600 2162 1876 2203 tribulatione
1890 2177 1900 2212 3
1922 2165 2090 2216 tempus
2105 2163 2300 2213 saltandi,
2322 2165 2362 2204 et

1332 2235 1491 2285 gratias
1510 2234 1680 2286 agendi,
1704 2235 1748 2274 in
1776 2234 1972 2275 Ecclesiae
2002 2235 2272 2276 revelatione.
2296 2234 2362 2275 Ad

1324 2304 1409 2344 hoc
1448 2317 1585 2356 genus
1623 2305 1755 2345 saltus
1797 2305 1994 2346 invitavit
2030 2305 2276 2355 Hieremias,
2299 2305 2362 2344 di-

1330 2387 1427 2415 cens
1452 2379 1482 2400 ²⁹-
1504 2388 1512 2414 :
1532 2391 1550 2413 α
1571 2375 1708 2428 Super
1730 2378 1894 2416 montes
1914 2387 2131 2416 assumam
2149 2376 2298 2416 fletum
2316 2387 2364 2415 ac

1330 2444 1589 2495 lamentum,
1621 2447 1661 2484 et
1693 2457 1823 2497 super
1852 2457 2004 2498 sponsa
2033 2446 2186 2486 deserti
2218 2445 2361 2498 planc-

1332 2518 1443 2565 tum,
1487 2514 1687 2567 quoniam
1713 2515 1884 2555 incensa
1919 2518 2042 2566 sunt;
2065 2530 2084 2552 ι)
2110 2518 2150 2556 et
2169 2515 2278 2555 infra
2300 2516 2327 2537 ¹³
2351 2529 2360 2557 :

1338 2603 1357 2625 (t
1367 2587 1584 2628 Avolucre
1603 2588 1696 2629 coeli
1708 2600 1843 2641 usque
1858 2588 1909 2629 ad
1922 2600 2073 2641 pecora
2087 2587 2364 2638 transmigra-

1332 2662 1507 2710 verunt,
1531 2661 1571 2699 et
1595 2662 1910 2700 recesserunt.»
1936 2659 2024 2700 Hoc
2055 2659 2155 2700 dicit
2182 2659 2234 2699 ad
2259 2658 2364 2699 litte-

1332 2742 1424 2770 ram
1440 2730 1673 2771 Hieremias
1685 2731 1734 2771 de
1748 2731 1981 2772 vastatione
1999 2731 2244 2784 Synagogae
2258 2731 2366 2770 facta

1333 2813 1408 2854 per
1437 2801 1672 2852 Chaldaeos3
1699 2802 1811 2854 quod
1843 2805 1977 2854 potest
2009 2801 2192 2853 intelligi
2221 2801 2365 2842 verius

1332 2873 1384 2913 de
1425 2873 1658 2913 vastatione
1690 2872 1900 2923 Ecclesiae,
1928 2872 2036 2912 facta
2071 2884 2146 2924 per
2170 2871 2365 2912 homines

1333 2942 1601 2992 immundos,
1644 2942 1720 2994 qui
1765 2943 1874 2983 sicut
1911 2944 2144 2997 Synagoga
2175 2943 2363 2984 adversi-

1332 3016 1437 3062 tate,
1482 3013 1540 3053 sic
1594 3014 1761 3054 adversi
1814 3014 1862 3066 (b)
1916 3018 2016 3055 sunt
2070 3015 2362 3067 prosperitate.

1335 3083 1514 3135 Montes,
1558 3084 1600 3124 id
1649 3088 1732 3134 est,
1767 3085 1850 3125 viri
1886 3085 2173 3135 ecclesiastici3
2213 3096 2366 3138 sponsa

1334 3155 1515 3206 deserti,
1536 3155 1578 3195 id
1614 3158 1690 3204 est,
1722 3155 1909 3207 religiosi
1920 3170 1930 3205 ;
1962 3155 2170 3204 volucres,
2211 3155 2253 3194 id
2284 3156 2360 3205 est,

1333 3249 1428 3281 sabat
1463 3250 1497 3280 in
1533 3250 1668 3289 ονραηὶ.)Ἴ
1700 3249 1904 3287 modulatis,
1929 3250 2025 3291 juxta
2051 3249 2364 3290 interpretationem

1334 3297 1413 3329 edit.
1432 3298 1545 3337 Jager.
1562 3296 1706 3338 Vulgata
1723 3306 1805 3328 vero
1819 3297 1901 3328 nihil
1915 3297 2023 3329 simile
2039 3297 2200 3329 habet.—-
2221 3295 2234 3317 8
2246 3296 2362 3336 Levia,

1333 3352 1382 3384 M,
1400 3345 1429 3375 9.
1450 3361 1484 3366 -—
1500 3344 1514 3365 ⁹
1532 3343 1630 3383 ibid„
1650 3346 1702 3375 21.
1721 3361 1761 3367 —
1785 3345 1806 3367 ·⁰
1823 3345 1934 3382 Cant„
1956 3353 1993 3381 11,
2006 3346 2037 3376 8.
2054 3361 2095 3368 -
2116 3344 2138 3364 ¹¹
2162 3342 2299 3382 Mami„
2314 3349 2364 3383 xl,

1335 3393 1384 3422 17.
1405 3408 1444 3414 —
1466 3391 1490 3413 ¹2
1509 3391 1644 3430 Jerem..
1663 3398 1714 3431 lx,
1738 3393 1787 3422 10.
1807 3409 1848 3414 —
1875 3391 1899 3413 ¹³
1919 3391 2004 3422 lbid.

1378 3452 1419 3491 (a)
1439 3450 1521 3483 Coet.
1540 3450 1620 3482 edit.
1641 3459 1778 3491 quaS.—-
1794 3450 1838 3492 (b)
1860 3451 1935 3490 Leq.
1953 3448 2114 3490 perversi.
