<?xml version="1.0" encoding="UTF-8"?>
<!DOCTYPE html PUBLIC "-//W3C//DTD XHTML 1.0 Transitional//EN"
    "http://www.w3.org/TR/xhtml1/DTD/xhtml1-transitional.dtd">
<html xmlns="http://www.w3.org/1999/xhtml" xml:lang="en" lang="en">
 <head>
  <title>
</title>
<meta http-equiv="Content-Type" content="text/html;charset=utf-8" />
  <meta name='ocr-system' content='tesseract 3.04.00' />
  <meta name='ocr-capabilities' content='ocr_page ocr_carea ocr_par ocr_line ocrx_word'/>
</head>
<body>
  <div class='ocr_page' id='page_1' title='image "./operaomniasixtiv10bonauoft/operaomniasixtiv10bonauoft_0171.png"; bbox 0 0 2587 3845; ppageno 0'>
   <div class='ocr_carea' id='block_1_1' title="bbox 1133 152 1362 195">
    <p class='ocr_par' dir='ltr' id='par_1_1' title="bbox 1133 152 1362 195">
     <span class='ocr_line' id='line_1_1' title="bbox 1133 152 1362 195; baseline -0.004 0"><span class='ocrx_word' id='word_1_1' title='bbox 1133 152 1301 195; x_wconf 87' lang='lat' dir='ltr'><strong>CAPUT</strong></span> <span class='ocrx_word' id='word_1_2' title='bbox 1330 154 1362 194; x_wconf 90' lang='grc' dir='ltr'><em>Ι.</em></span> 
     </span>
    </p>
   </div>
   <div class='ocr_carea' id='block_1_2' title="bbox 185 243 1218 2924">
    <p class='ocr_par' dir='ltr' id='par_1_2' title="bbox 185 243 1218 2429">
     <span class='ocr_line' id='line_1_2' title="bbox 191 243 1215 308; baseline -0.011 -13"><span class='ocrx_word' id='word_1_3' title='bbox 191 253 342 308; x_wconf 74' lang='lat' dir='ltr'><em>pienda</em></span> <span class='ocrx_word' id='word_1_4' title='bbox 363 260 373 289; x_wconf 90' lang='lat'><strong>:</strong></span> <span class='ocrx_word' id='word_1_5' title='bbox 398 250 499 291; x_wconf 84' lang='lat' dir='ltr'><em>Cum</em></span> <span class='ocrx_word' id='word_1_6' title='bbox 525 248 689 290; x_wconf 86' lang='lat' dir='ltr'><em>caderet</em></span> <span class='ocrx_word' id='word_1_7' title='bbox 716 246 898 300; x_wconf 74' lang='lat' dir='ltr'><em>populus</em></span> <span class='ocrx_word' id='word_1_8' title='bbox 921 244 1033 296; x_wconf 72' lang='lat' dir='ltr'><em>ejus,</em></span> <span class='ocrx_word' id='word_1_9' title='bbox 1059 243 1215 284; x_wconf 83' lang='lat' dir='ltr'><em>scilicet</em></span> 
     </span>
     <span class='ocr_line' id='line_1_3' title="bbox 189 312 1211 369; baseline -0.012 -5"><span class='ocrx_word' id='word_1_10' title='bbox 189 322 450 369; x_wconf 82' lang='lat' dir='ltr'><em>Judaeorum,</em></span> <span class='ocrx_word' id='word_1_11' title='bbox 473 319 522 359; x_wconf 83' lang='lat' dir='ltr'><em>in</em></span> <span class='ocrx_word' id='word_1_12' title='bbox 553 329 684 359; x_wconf 88' lang='lat' dir='ltr'><em>manu</em></span> <span class='ocrx_word' id='word_1_13' title='bbox 717 316 877 365; x_wconf 78' lang='lat' dir='ltr'><em>hostili,</em></span> <span class='ocrx_word' id='word_1_14' title='bbox 900 314 1053 354; x_wconf 86' lang='lat' dir='ltr'><em>scilicet</em></span> <span class='ocrx_word' id='word_1_15' title='bbox 1091 312 1211 353; x_wconf 86' lang='lat' dir='ltr'><em>Chal-</em></span> 
     </span>
     <span class='ocr_line' id='line_1_4' title="bbox 189 387 1215 437; baseline -0.008 -6"><span class='ocrx_word' id='word_1_16' title='bbox 189 392 380 432; x_wconf 87' lang='lat' dir='ltr'><em>daeorum</em></span> <span class='ocrx_word' id='word_1_17' title='bbox 403 403 411 430; x_wconf 91' lang='lat'>:</span> <span class='ocrx_word' id='word_1_18' title='bbox 434 392 472 431; x_wconf 90' lang='lat' dir='ltr'><em>et</em></span> <span class='ocrx_word' id='word_1_19' title='bbox 499 400 585 431; x_wconf 89' lang='lat' dir='ltr'><em>non</em></span> <span class='ocrx_word' id='word_1_20' title='bbox 617 392 720 431; x_wconf 78' lang='lat' dir='ltr'><em>esset</em></span> <span class='ocrx_word' id='word_1_21' title='bbox 752 387 1010 435; x_wconf 70' lang='lat' dir='ltr'><em>auxiliator,</em></span> <span class='ocrx_word' id='word_1_22' title='bbox 1045 387 1215 437; x_wconf 82' lang='lat' dir='ltr'><em>propter</em></span> 
     </span>
     <span class='ocr_line' id='line_1_5' title="bbox 188 459 1211 514; baseline -0.008 -12"><span class='ocrx_word' id='word_1_23' title='bbox 188 464 356 514; x_wconf 87' lang='lat' dir='ltr'><em>peccata</em></span> <span class='ocrx_word' id='word_1_24' title='bbox 386 473 482 511; x_wconf 87' lang='lat' dir='ltr'><em>sua,</em></span> <span class='ocrx_word' id='word_1_25' title='bbox 523 461 593 501; x_wconf 91' lang='lat' dir='ltr'><em>Dei</em></span> <span class='ocrx_word' id='word_1_26' title='bbox 622 461 780 501; x_wconf 80' lang='lat' dir='ltr'><em>auxilio</em></span> <span class='ocrx_word' id='word_1_27' title='bbox 809 459 1021 498; x_wconf 85' lang='lat' dir='ltr'><em>subtracto</em></span> <span class='ocrx_word' id='word_1_28' title='bbox 1055 471 1063 496; x_wconf 89' lang='lat'><strong>:</strong></span> <span class='ocrx_word' id='word_1_29' title='bbox 1095 459 1211 505; x_wconf 85' lang='lat' dir='ltr'><em>tunc,</em></span> 
     </span>
     <span class='ocr_line' id='line_1_6' title="bbox 187 527 1214 583; baseline -0.007 -11"><span class='ocrx_word' id='word_1_30' title='bbox 187 532 301 583; x_wconf 86' lang='lat' dir='ltr'><em>dico,</em></span> <span class='ocrx_word' id='word_1_31' title='bbox 341 531 566 574; x_wconf 77' lang='lat' dir='ltr'><em>recordata</em></span> <span class='ocrx_word' id='word_1_32' title='bbox 607 536 669 574; x_wconf 85' lang='lat' dir='ltr'><em>est</em></span> <span class='ocrx_word' id='word_1_33' title='bbox 705 529 957 577; x_wconf 78' lang='lat' dir='ltr'><em>Jerusalem,</em></span> <span class='ocrx_word' id='word_1_34' title='bbox 995 527 1214 567; x_wconf 84' lang='lat' dir='ltr'><em>continens</em></span> 
     </span>
     <span class='ocr_line' id='line_1_7' title="bbox 187 597 1213 656; baseline -0.007 -13"><span class='ocrx_word' id='word_1_35' title='bbox 187 615 264 656; x_wconf 90' lang='lat' dir='ltr'><em>pro</em></span> <span class='ocrx_word' id='word_1_36' title='bbox 281 605 489 653; x_wconf 82' lang='lat' dir='ltr'><em>contentO,</em></span> <span class='ocrx_word' id='word_1_37' title='bbox 509 602 675 645; x_wconf 88' lang='lat' dir='ltr'><em>dierum</em></span> <span class='ocrx_word' id='word_1_38' title='bbox 695 600 950 654; x_wconf 74' lang='lat' dir='ltr'><em>afflictionis</em></span> <span class='ocrx_word' id='word_1_39' title='bbox 981 609 1082 647; x_wconf 64' lang='lat' dir='ltr'><em>sure,</em></span> <span class='ocrx_word' id='word_1_40' title='bbox 1118 597 1213 650; x_wconf 80' lang='lat' dir='ltr'><em>qui-</em></span> 
     </span>
     <span class='ocr_line' id='line_1_8' title="bbox 187 669 1213 724; baseline -0.006 -10"><span class='ocrx_word' id='word_1_41' title='bbox 187 674 268 715; x_wconf 88' lang='lat' dir='ltr'><em>bus</em></span> <span class='ocrx_word' id='word_1_42' title='bbox 288 674 494 714; x_wconf 86' lang='lat' dir='ltr'><em>Dominus</em></span> <span class='ocrx_word' id='word_1_43' title='bbox 531 686 625 714; x_wconf 90' lang='lat' dir='ltr'><em>eam</em></span> <span class='ocrx_word' id='word_1_44' title='bbox 659 671 883 724; x_wconf 74' lang='lat' dir='ltr'><em>multiplici</em></span> <span class='ocrx_word' id='word_1_45' title='bbox 914 670 1086 722; x_wconf 84' lang='lat' dir='ltr'><em>flagello</em></span> <span class='ocrx_word' id='word_1_46' title='bbox 1107 669 1213 709; x_wconf 82' lang='lat' dir='ltr'><em>affii-</em></span> 
     </span>
     <span class='ocr_line' id='line_1_9' title="bbox 187 740 1215 795; baseline -0.006 -10"><span class='ocrx_word' id='word_1_47' title='bbox 187 744 269 795; x_wconf 87' lang='lat' dir='ltr'><em>xit,</em></span> <span class='ocrx_word' id='word_1_48' title='bbox 315 747 362 785; x_wconf 90' lang='lat' dir='ltr'><em>ut</em></span> <span class='ocrx_word' id='word_1_49' title='bbox 409 745 477 786; x_wconf 89' lang='lat' dir='ltr'><em>vel</em></span> <span class='ocrx_word' id='word_1_50' title='bbox 523 745 582 785; x_wconf 88' lang='lat' dir='ltr'><em>sic</em></span> <span class='ocrx_word' id='word_1_51' title='bbox 625 745 967 792; x_wconf 86' lang='lat' dir='ltr'><em>converteretur,</em></span> <span class='ocrx_word' id='word_1_52' title='bbox 1015 740 1128 781; x_wconf 88' lang='lat' dir='ltr'><em>unde</em></span> <span class='ocrx_word' id='word_1_53' title='bbox 1172 740 1215 779; x_wconf 92' lang='lat' dir='ltr'><em>in</em></span> 
     </span>
     <span class='ocr_line' id='line_1_10' title="bbox 187 812 1216 865; baseline -0.006 -8"><span class='ocrx_word' id='word_1_54' title='bbox 187 816 354 858; x_wconf 82' lang='lat' dir='ltr'><em>Psalmo</em></span> <span class='ocrx_word' id='word_1_55' title='bbox 386 818 397 839; x_wconf 85' lang='lat'><strong>¹</strong></span> <span class='ocrx_word' id='word_1_56' title='bbox 433 831 442 857; x_wconf 73' lang='grc' dir='ltr'>ε</span> <span class='ocrx_word' id='word_1_57' title='bbox 469 831 487 855; x_wconf 73' lang='grc' dir='ltr'><em>(ι</em></span> <span class='ocrx_word' id='word_1_58' title='bbox 511 816 690 856; x_wconf 81' lang='lat' dir='ltr'><em>visitabo</em></span> <span class='ocrx_word' id='word_1_59' title='bbox 730 815 775 855; x_wconf 91' lang='lat' dir='ltr'><em>in</em></span> <span class='ocrx_word' id='word_1_60' title='bbox 810 815 938 865; x_wconf 83' lang='lat' dir='ltr'><em>virga</em></span> <span class='ocrx_word' id='word_1_61' title='bbox 972 812 1216 865; x_wconf 75' lang='lat' dir='ltr'><em>iniquitates</em></span> 
     </span>
     <span class='ocr_line' id='line_1_11' title="bbox 187 887 1209 943; baseline -0.008 -14"><span class='ocrx_word' id='word_1_62' title='bbox 187 900 351 943; x_wconf 86' lang='lat' dir='ltr'><em>eorum,</em></span> <span class='ocrx_word' id='word_1_63' title='bbox 379 890 419 928; x_wconf 90' lang='lat' dir='ltr'><em>et</em></span> <span class='ocrx_word' id='word_1_64' title='bbox 456 889 500 928; x_wconf 90' lang='lat' dir='ltr'><em>in</em></span> <span class='ocrx_word' id='word_1_65' title='bbox 534 887 781 928; x_wconf 88' lang='lat' dir='ltr'><em>verberibus</em></span> <span class='ocrx_word' id='word_1_66' title='bbox 808 887 977 938; x_wconf 87' lang='lat' dir='ltr'><em>peccata</em></span> <span class='ocrx_word' id='word_1_67' title='bbox 1002 896 1166 924; x_wconf 90' lang='lat' dir='ltr'><em>eorum.</em></span> <span class='ocrx_word' id='word_1_68' title='bbox 1191 898 1209 920; x_wconf 73' lang='lat' dir='ltr'><em>n</em></span> 
     </span>
     <span class='ocr_line' id='line_1_12' title="bbox 187 957 1214 1012; baseline -0.002 -12"><span class='ocrx_word' id='word_1_69' title='bbox 187 959 239 1000; x_wconf 87' lang='lat' dir='ltr'><em>Et</em></span> <span class='ocrx_word' id='word_1_70' title='bbox 273 962 413 1012; x_wconf 85' lang='lat' dir='ltr'><em>repete</em></span> <span class='ocrx_word' id='word_1_71' title='bbox 455 973 464 1000; x_wconf 73' lang='grc' dir='ltr'>ε</span> <span class='ocrx_word' id='word_1_72' title='bbox 503 959 738 1001; x_wconf 87' lang='lat' dir='ltr'><em>Recordata</em></span> <span class='ocrx_word' id='word_1_73' title='bbox 782 961 843 1000; x_wconf 86' lang='lat' dir='ltr'><em>est</em></span> <span class='ocrx_word' id='word_1_74' title='bbox 890 957 1214 1009; x_wconf 62' lang='lat' dir='ltr'><em>praevaricatio-</em></span> 
     </span>
     <span class='ocr_line' id='line_1_13' title="bbox 187 1028 1216 1081; baseline -0.004 -11"><span class='ocrx_word' id='word_1_75' title='bbox 187 1031 258 1072; x_wconf 78' lang='lat' dir='ltr'><em>nis</em></span> <span class='ocrx_word' id='word_1_76' title='bbox 293 1040 396 1080; x_wconf 80' lang='lat' dir='ltr'><em>suoe,</em></span> <span class='ocrx_word' id='word_1_77' title='bbox 433 1030 476 1070; x_wconf 89' lang='lat' dir='ltr'><em>id</em></span> <span class='ocrx_word' id='word_1_78' title='bbox 509 1033 590 1079; x_wconf 87' lang='lat' dir='ltr'><em>est,</em></span> <span class='ocrx_word' id='word_1_79' title='bbox 628 1028 1007 1081; x_wconf 84' lang='lat' dir='ltr'><em>transgressionis,</em></span> <span class='ocrx_word' id='word_1_80' title='bbox 1042 1030 1216 1079; x_wconf 86' lang='lat' dir='ltr'><em>propter</em></span> 
     </span>
     <span class='ocr_line' id='line_1_14' title="bbox 189 1097 1217 1153; baseline -0.003 -12"><span class='ocrx_word' id='word_1_81' title='bbox 189 1113 319 1153; x_wconf 86' lang='lat' dir='ltr'><em>quam</em></span> <span class='ocrx_word' id='word_1_82' title='bbox 344 1101 500 1141; x_wconf 87' lang='lat' dir='ltr'><em>meruit</em></span> <span class='ocrx_word' id='word_1_83' title='bbox 537 1113 561 1140; x_wconf 90' lang='lat' dir='ltr'><em>a</em></span> <span class='ocrx_word' id='word_1_84' title='bbox 598 1100 775 1140; x_wconf 89' lang='lat' dir='ltr'><em>Domino</em></span> <span class='ocrx_word' id='word_1_85' title='bbox 812 1098 1032 1150; x_wconf 82' lang='lat' dir='ltr'><em>flagellari.</em></span> <span class='ocrx_word' id='word_1_86' title='bbox 1067 1097 1117 1138; x_wconf 89' lang='lat' dir='ltr'><em>Et</em></span> <span class='ocrx_word' id='word_1_87' title='bbox 1153 1110 1217 1138; x_wconf 91' lang='lat' dir='ltr'><em>re-</em></span> 
     </span>
     <span class='ocr_line' id='line_1_15' title="bbox 189 1169 1214 1224; baseline 0 -12"><span class='ocrx_word' id='word_1_88' title='bbox 189 1174 283 1224; x_wconf 87' lang='lat' dir='ltr'><em>pete</em></span> <span class='ocrx_word' id='word_1_89' title='bbox 306 1185 314 1212; x_wconf 87' lang='lat'>:</span> <span class='ocrx_word' id='word_1_90' title='bbox 335 1172 389 1213; x_wconf 88' lang='lat' dir='ltr'><em>Et</em></span> <span class='ocrx_word' id='word_1_91' title='bbox 406 1171 629 1214; x_wconf 79' lang='lat' dir='ltr'><em>recordata</em></span> <span class='ocrx_word' id='word_1_92' title='bbox 655 1175 716 1213; x_wconf 86' lang='lat' dir='ltr'><em>est</em></span> <span class='ocrx_word' id='word_1_93' title='bbox 732 1171 921 1213; x_wconf 86' lang='lat' dir='ltr'><em>omnium</em></span> <span class='ocrx_word' id='word_1_94' title='bbox 948 1169 1214 1212; x_wconf 79' lang='lat' dir='ltr'><em>desiderabi-</em></span> 
     </span>
     <span class='ocr_line' id='line_1_16' title="bbox 190 1239 1216 1293; baseline -0.004 -10"><span class='ocrx_word' id='word_1_95' title='bbox 190 1242 310 1292; x_wconf 84' lang='lat' dir='ltr'><em>lium,</em></span> <span class='ocrx_word' id='word_1_96' title='bbox 331 1243 371 1282; x_wconf 91' lang='lat' dir='ltr'><em>id</em></span> <span class='ocrx_word' id='word_1_97' title='bbox 392 1246 468 1292; x_wconf 75' lang='lat' dir='ltr'><em>est,</em></span> <span class='ocrx_word' id='word_1_98' title='bbox 487 1239 696 1282; x_wconf 87' lang='lat' dir='ltr'><em>bonorum</em></span> <span class='ocrx_word' id='word_1_99' title='bbox 711 1273 722 1292; x_wconf 89' lang='lat'><em>,</em></span> <span class='ocrx_word' id='word_1_100' title='bbox 743 1254 841 1293; x_wconf 78' lang='lat' dir='ltr'><em>quae</em></span> <span class='ocrx_word' id='word_1_101' title='bbox 864 1241 970 1282; x_wconf 88' lang='lat' dir='ltr'><em>Deus</em></span> <span class='ocrx_word' id='word_1_102' title='bbox 997 1241 1035 1280; x_wconf 86' lang='lat' dir='ltr'><em>ei</em></span> <span class='ocrx_word' id='word_1_103' title='bbox 1069 1244 1216 1280; x_wconf 81' lang='lat' dir='ltr'><em>contu-</em></span> 
     </span>
     <span class='ocr_line' id='line_1_17' title="bbox 188 1311 1216 1364; baseline -0.001 -12"><span class='ocrx_word' id='word_1_104' title='bbox 188 1313 313 1361; x_wconf 85' lang='lat' dir='ltr'><em>lerat,</em></span> <span class='ocrx_word' id='word_1_105' title='bbox 348 1323 442 1364; x_wconf 81' lang='lat' dir='ltr'><em>quoe</em></span> <span class='ocrx_word' id='word_1_106' title='bbox 479 1312 683 1354; x_wconf 76' lang='lat' dir='ltr'><em>habuerat</em></span> <span class='ocrx_word' id='word_1_107' title='bbox 703 1312 896 1352; x_wconf 83' lang='lat' dir='ltr'><em>adiebus</em></span> <span class='ocrx_word' id='word_1_108' title='bbox 929 1312 1137 1363; x_wconf 73' lang='lat' dir='ltr'><em>antiquis,</em></span> <span class='ocrx_word' id='word_1_109' title='bbox 1173 1311 1216 1351; x_wconf 88' lang='lat' dir='ltr'><em>in</em></span> 
     </span>
     <span class='ocr_line' id='line_1_18' title="bbox 188 1381 1215 1435; baseline -0.003 -11"><span class='ocrx_word' id='word_1_110' title='bbox 188 1382 386 1435; x_wconf 88' lang='lat' dir='ltr'><em>AEgypto,</em></span> <span class='ocrx_word' id='word_1_111' title='bbox 408 1385 450 1422; x_wconf 92' lang='lat' dir='ltr'><em>et</em></span> <span class='ocrx_word' id='word_1_112' title='bbox 468 1382 510 1421; x_wconf 92' lang='lat' dir='ltr'><em>in</em></span> <span class='ocrx_word' id='word_1_113' title='bbox 531 1382 716 1432; x_wconf 88' lang='lat' dir='ltr'><em>deserto,</em></span> <span class='ocrx_word' id='word_1_114' title='bbox 752 1385 792 1421; x_wconf 83' lang='lat' dir='ltr'><em>et</em></span> <span class='ocrx_word' id='word_1_115' title='bbox 820 1381 863 1420; x_wconf 91' lang='lat' dir='ltr'><em>in</em></span> <span class='ocrx_word' id='word_1_116' title='bbox 883 1384 996 1421; x_wconf 81' lang='lat' dir='ltr'><em>terra</em></span> <span class='ocrx_word' id='word_1_117' title='bbox 1031 1382 1215 1433; x_wconf 85' lang='lat' dir='ltr'><em>promis-</em></span> 
     </span>
     <span class='ocr_line' id='line_1_19' title="bbox 189 1451 1216 1505; baseline -0.002 -11"><span class='ocrx_word' id='word_1_118' title='bbox 189 1454 338 1503; x_wconf 91' lang='lat' dir='ltr'><em>sionis;</em></span> <span class='ocrx_word' id='word_1_119' title='bbox 360 1453 429 1494; x_wconf 88' lang='lat' dir='ltr'><em>vel</em></span> <span class='ocrx_word' id='word_1_120' title='bbox 463 1456 651 1505; x_wconf 87' lang='lat' dir='ltr'><em>tempore</em></span> <span class='ocrx_word' id='word_1_121' title='bbox 678 1451 937 1502; x_wconf 71' lang='lat' dir='ltr'><em>Salomonis,</em></span> <span class='ocrx_word' id='word_1_122' title='bbox 980 1453 1152 1504; x_wconf 88' lang='lat' dir='ltr'><em>quando</em></span> <span class='ocrx_word' id='word_1_123' title='bbox 1173 1453 1216 1492; x_wconf 90' lang='grc'><em>111</em></span> 
     </span>
     <span class='ocr_line' id='line_1_20' title="bbox 187 1523 1217 1578; baseline -0.002 -13"><span class='ocrx_word' id='word_1_124' title='bbox 187 1524 462 1578; x_wconf 80' lang='lat' dir='ltr'><em>prosperitate</em></span> <span class='ocrx_word' id='word_1_125' title='bbox 493 1524 681 1564; x_wconf 77' lang='lat' dir='ltr'><em>maxima</em></span> <span class='ocrx_word' id='word_1_126' title='bbox 708 1523 844 1564; x_wconf 73' lang='lat' dir='ltr'><em>Judaei</em></span> <span class='ocrx_word' id='word_1_127' title='bbox 874 1523 1128 1563; x_wconf 74' lang='lat' dir='ltr'><em>floruerunt.</em></span> <span class='ocrx_word' id='word_1_128' title='bbox 1167 1523 1217 1564; x_wconf 87' lang='lat' dir='ltr'><em>Et</em></span> 
     </span>
     <span class='ocr_line' id='line_1_21' title="bbox 188 1594 1218 1646; baseline -0.002 -10"><span class='ocrx_word' id='word_1_129' title='bbox 188 1596 282 1636; x_wconf 85' lang='lat' dir='ltr'><em>haec</em></span> <span class='ocrx_word' id='word_1_130' title='bbox 322 1594 466 1634; x_wconf 79' lang='lat' dir='ltr'><em>omnia</em></span> <span class='ocrx_word' id='word_1_131' title='bbox 509 1594 787 1634; x_wconf 77' lang='lat' dir='ltr'><em>calamitatem</em></span> <span class='ocrx_word' id='word_1_132' title='bbox 829 1597 1095 1645; x_wconf 76' lang='lat' dir='ltr'><em>exaggerant</em></span> <span class='ocrx_word' id='word_1_133' title='bbox 1143 1606 1218 1646; x_wconf 85' lang='lat' dir='ltr'><em>per</em></span> 
     </span>
     <span class='ocr_line' id='line_1_22' title="bbox 189 1666 1216 1719; baseline -0.001 -12"><span class='ocrx_word' id='word_1_134' title='bbox 189 1667 469 1719; x_wconf 77' lang='lat' dir='ltr'><em>multiplicem</em></span> <span class='ocrx_word' id='word_1_135' title='bbox 508 1666 609 1706; x_wconf 89' lang='lat' dir='ltr'><em>mali</em></span> <span class='ocrx_word' id='word_1_136' title='bbox 652 1666 882 1705; x_wconf 78' lang='lat' dir='ltr'><em>illationem</em></span> <span class='ocrx_word' id='word_1_137' title='bbox 918 1679 1050 1718; x_wconf 83' lang='lat' dir='ltr'><em>:quae</em></span> <span class='ocrx_word' id='word_1_138' title='bbox 1089 1667 1216 1707; x_wconf 83' lang='lat' dir='ltr'><em>etiam</em></span> 
     </span>
     <span class='ocr_line' id='line_1_23' title="bbox 188 1737 1217 1790; baseline -0.001 -11"><span class='ocrx_word' id='word_1_139' title='bbox 188 1740 457 1790; x_wconf 80' lang='lat' dir='ltr'><em>exaggerant</em></span> <span class='ocrx_word' id='word_1_140' title='bbox 479 1750 554 1790; x_wconf 87' lang='lat' dir='ltr'><em>per</em></span> <span class='ocrx_word' id='word_1_141' title='bbox 573 1737 674 1777; x_wconf 89' lang='lat' dir='ltr'><em>honi</em></span> <span class='ocrx_word' id='word_1_142' title='bbox 706 1737 1098 1788; x_wconf 83' lang='lat' dir='ltr'><em>vilipensationem,</em></span> <span class='ocrx_word' id='word_1_143' title='bbox 1127 1738 1217 1778; x_wconf 87' lang='lat' dir='ltr'><em>cul-</em></span> 
     </span>
     <span class='ocr_line' id='line_1_24' title="bbox 187 1807 1218 1860; baseline -0.001 -11"><span class='ocrx_word' id='word_1_144' title='bbox 187 1812 256 1849; x_wconf 87' lang='lat' dir='ltr'><em>tus</em></span> <span class='ocrx_word' id='word_1_145' title='bbox 287 1809 442 1849; x_wconf 85' lang='lat' dir='ltr'><em>scilieet</em></span> <span class='ocrx_word' id='word_1_146' title='bbox 476 1808 633 1858; x_wconf 87' lang='lat' dir='ltr'><em>divini,</em></span> <span class='ocrx_word' id='word_1_147' title='bbox 665 1819 749 1860; x_wconf 86' lang='lat' dir='ltr'><em>quo</em></span> <span class='ocrx_word' id='word_1_148' title='bbox 779 1807 912 1847; x_wconf 86' lang='lat' dir='ltr'><em>Deum</em></span> <span class='ocrx_word' id='word_1_149' title='bbox 943 1808 1101 1848; x_wconf 82' lang='lat' dir='ltr'><em>solebat</em></span> <span class='ocrx_word' id='word_1_150' title='bbox 1134 1808 1218 1860; x_wconf 81' lang='lat' dir='ltr'><em>pla-</em></span> 
     </span>
     <span class='ocr_line' id='line_1_25' title="bbox 189 1878 1214 1931; baseline 0.003 -13"><span class='ocrx_word' id='word_1_151' title='bbox 189 1891 298 1930; x_wconf 86' lang='lat' dir='ltr'><em>care,</em></span> <span class='ocrx_word' id='word_1_152' title='bbox 321 1882 362 1919; x_wconf 89' lang='lat' dir='ltr'><em>et</em></span> <span class='ocrx_word' id='word_1_153' title='bbox 381 1879 432 1919; x_wconf 86' lang='lat' dir='ltr'><em>de</em></span> <span class='ocrx_word' id='word_1_154' title='bbox 449 1879 641 1919; x_wconf 84' lang='lat' dir='ltr'><em>hostibus</em></span> <span class='ocrx_word' id='word_1_155' title='bbox 660 1879 938 1931; x_wconf 84' lang='lat' dir='ltr'><em>triumphare.</em></span> <span class='ocrx_word' id='word_1_156' title='bbox 958 1878 1076 1919; x_wconf 88' lang='lat' dir='ltr'><em>Unde</em></span> <span class='ocrx_word' id='word_1_157' title='bbox 1099 1892 1108 1919; x_wconf 89' lang='lat'>:</span> <span class='ocrx_word' id='word_1_158' title='bbox 1139 1880 1214 1921; x_wconf 74' lang='lat' dir='ltr'><em>Vi·-</em></span> 
     </span>
     <span class='ocr_line' id='line_1_26' title="bbox 186 1948 1218 2000; baseline 0.002 -10"><span class='ocrx_word' id='word_1_159' title='bbox 186 1948 342 1991; x_wconf 80' lang='lat' dir='ltr'><em>derunt</em></span> <span class='ocrx_word' id='word_1_160' title='bbox 363 1960 454 1991; x_wconf 86' lang='lat' dir='ltr'><em>eam</em></span> <span class='ocrx_word' id='word_1_161' title='bbox 480 1950 640 1999; x_wconf 79' lang='lat' dir='ltr'><em>hostes,</em></span> <span class='ocrx_word' id='word_1_162' title='bbox 663 1950 873 2000; x_wconf 78' lang='lat' dir='ltr'><em>Chaldaei3</em></span> <span class='ocrx_word' id='word_1_163' title='bbox 905 1953 945 1990; x_wconf 86' lang='lat' dir='ltr'><em>et</em></span> <span class='ocrx_word' id='word_1_164' title='bbox 974 1950 1218 1993; x_wconf 75' lang='lat' dir='ltr'><em>deriserunt</em></span> 
     </span>
     <span class='ocr_line' id='line_1_27' title="bbox 187 2020 1218 2075; baseline 0 -13"><span class='ocrx_word' id='word_1_165' title='bbox 187 2020 376 2072; x_wconf 82' lang='lat' dir='ltr'><em>sabbata,</em></span> <span class='ocrx_word' id='word_1_166' title='bbox 395 2021 494 2074; x_wconf 88' lang='lat' dir='ltr'><em>quia</em></span> <span class='ocrx_word' id='word_1_167' title='bbox 514 2034 613 2062; x_wconf 90' lang='lat' dir='ltr'><em>vere</em></span> <span class='ocrx_word' id='word_1_168' title='bbox 638 2022 725 2061; x_wconf 88' lang='lat' dir='ltr'><em>risu</em></span> <span class='ocrx_word' id='word_1_169' title='bbox 754 2022 885 2073; x_wconf 87' lang='lat' dir='ltr'><em>digna</em></span> <span class='ocrx_word' id='word_1_170' title='bbox 921 2034 930 2062; x_wconf 90' lang='lat'>:</span> <span class='ocrx_word' id='word_1_171' title='bbox 965 2022 1065 2075; x_wconf 79' lang='lat' dir='ltr'><em>quia</em></span> <span class='ocrx_word' id='word_1_172' title='bbox 1097 2025 1218 2063; x_wconf 87' lang='lat' dir='ltr'><em>erant</em></span> 
     </span>
     <span class='ocr_line' id='line_1_28' title="bbox 188 2091 1215 2146; baseline 0.002 -15"><span class='ocrx_word' id='word_1_173' title='bbox 188 2091 238 2131; x_wconf 89' lang='lat' dir='ltr'><em>ad</em></span> <span class='ocrx_word' id='word_1_174' title='bbox 265 2091 573 2144; x_wconf 83' lang='lat' dir='ltr'><em>impetrandam</em></span> <span class='ocrx_word' id='word_1_175' title='bbox 602 2093 785 2143; x_wconf 79' lang='lat' dir='ltr'><em>gratiam</em></span> <span class='ocrx_word' id='word_1_176' title='bbox 816 2092 1003 2133; x_wconf 85' lang='lat' dir='ltr'><em>invalida</em></span> <span class='ocrx_word' id='word_1_177' title='bbox 1030 2107 1038 2133; x_wconf 93' lang='lat'>:</span> <span class='ocrx_word' id='word_1_178' title='bbox 1072 2094 1215 2146; x_wconf 85' lang='lat' dir='ltr'><em>quies-</em></span> 
     </span>
     <span class='ocr_line' id='line_1_29' title="bbox 187 2162 1215 2217; baseline 0.002 -14"><span class='ocrx_word' id='word_1_179' title='bbox 187 2162 336 2204; x_wconf 83' lang='lat' dir='ltr'><em>cebant</em></span> <span class='ocrx_word' id='word_1_180' title='bbox 367 2163 481 2203; x_wconf 77' lang='lat' dir='ltr'><em>enim</em></span> <span class='ocrx_word' id='word_1_181' title='bbox 527 2164 579 2204; x_wconf 88' lang='lat' dir='ltr'><em>ab</em></span> <span class='ocrx_word' id='word_1_182' title='bbox 624 2176 749 2217; x_wconf 86' lang='lat' dir='ltr'><em>opere</em></span> <span class='ocrx_word' id='word_1_183' title='bbox 787 2164 1011 2214; x_wconf 68' lang='lat' dir='ltr'><em>exteriori,</em></span> <span class='ocrx_word' id='word_1_184' title='bbox 1047 2177 1133 2205; x_wconf 90' lang='lat' dir='ltr'><em>non</em></span> <span class='ocrx_word' id='word_1_185' title='bbox 1162 2165 1215 2205; x_wconf 87' lang='lat' dir='ltr'><em>ab</em></span> 
     </span>
     <span class='ocr_line' id='line_1_30' title="bbox 185 2235 1215 2290; baseline 0.002 -15"><span class='ocrx_word' id='word_1_186' title='bbox 185 2246 311 2286; x_wconf 87' lang='lat' dir='ltr'><em>opere</em></span> <span class='ocrx_word' id='word_1_187' title='bbox 350 2235 587 2286; x_wconf 82' lang='lat' dir='ltr'><em>criminali,</em></span> <span class='ocrx_word' id='word_1_188' title='bbox 627 2236 703 2277; x_wconf 81' lang='lat' dir='ltr'><em>vix</em></span> <span class='ocrx_word' id='word_1_189' title='bbox 737 2236 886 2276; x_wconf 85' lang='lat' dir='ltr'><em>intenti</em></span> <span class='ocrx_word' id='word_1_190' title='bbox 921 2236 1076 2277; x_wconf 80' lang='lat' dir='ltr'><em>divinae</em></span> <span class='ocrx_word' id='word_1_191' title='bbox 1107 2237 1215 2290; x_wconf 88' lang='lat' dir='ltr'><em>legis</em></span> 
     </span>
     <span class='ocr_line' id='line_1_31' title="bbox 187 2306 1212 2362; baseline 0.003 -16"><span class='ocrx_word' id='word_1_192' title='bbox 187 2306 463 2347; x_wconf 84' lang='lat' dir='ltr'><em>meditationi.</em></span> <span class='ocrx_word' id='word_1_193' title='bbox 487 2306 603 2348; x_wconf 88' lang='lat' dir='ltr'><em>Unde</em></span> <span class='ocrx_word' id='word_1_194' title='bbox 623 2308 637 2328; x_wconf 73' lang='lat'><strong>²</strong></span> <span class='ocrx_word' id='word_1_195' title='bbox 659 2321 667 2347; x_wconf 90' lang='lat'>:</span> <span class='ocrx_word' id='word_1_196' title='bbox 700 2321 719 2345; x_wconf 74' lang='grc' dir='ltr'>α</span> <span class='ocrx_word' id='word_1_197' title='bbox 738 2306 919 2348; x_wconf 81' lang='lat' dir='ltr'><em>Sabbata</em></span> <span class='ocrx_word' id='word_1_198' title='bbox 938 2309 1031 2359; x_wconf 86' lang='lat' dir='ltr'><em>ejus</em></span> <span class='ocrx_word' id='word_1_199' title='bbox 1060 2308 1103 2348; x_wconf 91' lang='lat' dir='ltr'><em>in</em></span> <span class='ocrx_word' id='word_1_200' title='bbox 1137 2321 1212 2362; x_wconf 92' lang='lat' dir='ltr'><em>op-</em></span> 
     </span>
     <span class='ocr_line' id='line_1_32' title="bbox 186 2377 464 2429; baseline -0.007 -12"><span class='ocrx_word' id='word_1_201' title='bbox 186 2377 423 2429; x_wconf 88' lang='lat' dir='ltr'><em>probrium.</em></span> <span class='ocrx_word' id='word_1_202' title='bbox 445 2391 464 2414; x_wconf 73' lang='grc'><em>1)</em></span> 
     </span>
    </p>

    <p class='ocr_par' dir='ltr' id='par_1_3' title="bbox 187 2447 1215 2924">
     <span class='ocr_line' id='line_1_33' title="bbox 240 2447 1215 2498; baseline 0.002 -11"><span class='ocrx_word' id='word_1_203' title='bbox 240 2447 503 2498; x_wconf 88' lang='lat' dir='ltr'><em>Allegorice,</em></span> <span class='ocrx_word' id='word_1_204' title='bbox 542 2447 798 2497; x_wconf 80' lang='lat' dir='ltr'><em>Jerusalem,</em></span> <span class='ocrx_word' id='word_1_205' title='bbox 836 2447 878 2487; x_wconf 91' lang='lat' dir='ltr'><em>id</em></span> <span class='ocrx_word' id='word_1_206' title='bbox 910 2450 998 2498; x_wconf 88' lang='lat' dir='ltr'><em>est,</em></span> <span class='ocrx_word' id='word_1_207' title='bbox 1034 2448 1215 2490; x_wconf 76' lang='lat' dir='ltr'><em>Ecclesia</em></span> 
     </span>
     <span class='ocr_line' id='line_1_34' title="bbox 187 2516 1215 2571; baseline 0.002 -14"><span class='ocrx_word' id='word_1_208' title='bbox 187 2516 256 2558; x_wconf 87' lang='lat' dir='ltr'><em>vel</em></span> <span class='ocrx_word' id='word_1_209' title='bbox 275 2516 417 2556; x_wconf 86' lang='lat' dir='ltr'><em>anima</em></span> <span class='ocrx_word' id='word_1_210' title='bbox 437 2516 762 2568; x_wconf 88' lang='lat' dir='ltr'><em>contemplativa</em></span> <span class='ocrx_word' id='word_1_211' title='bbox 783 2517 825 2556; x_wconf 90' lang='lat' dir='ltr'><em>in</em></span> <span class='ocrx_word' id='word_1_212' title='bbox 848 2517 1119 2559; x_wconf 84' lang='lat' dir='ltr'><em>tribulatione</em></span> <span class='ocrx_word' id='word_1_213' title='bbox 1139 2532 1215 2571; x_wconf 83' lang='lat' dir='ltr'><em>po-</em></span> 
     </span>
     <span class='ocr_line' id='line_1_35' title="bbox 189 2586 1213 2641; baseline 0.006 -15"><span class='ocrx_word' id='word_1_214' title='bbox 189 2586 289 2637; x_wconf 88' lang='lat' dir='ltr'><em>sita,</em></span> <span class='ocrx_word' id='word_1_215' title='bbox 313 2587 532 2629; x_wconf 81' lang='lat' dir='ltr'><em>recordata</em></span> <span class='ocrx_word' id='word_1_216' title='bbox 553 2592 613 2630; x_wconf 84' lang='lat' dir='ltr'><em>est</em></span> <span class='ocrx_word' id='word_1_217' title='bbox 638 2588 805 2630; x_wconf 85' lang='lat' dir='ltr'><em>dierum</em></span> <span class='ocrx_word' id='word_1_218' title='bbox 825 2589 1082 2640; x_wconf 77' lang='lat' dir='ltr'><em>afflictionis</em></span> <span class='ocrx_word' id='word_1_219' title='bbox 1111 2601 1213 2641; x_wconf 70' lang='lat' dir='ltr'><em>sure,</em></span> 
     </span>
     <span class='ocr_line' id='line_1_36' title="bbox 189 2657 1212 2712; baseline 0.005 -15"><span class='ocrx_word' id='word_1_220' title='bbox 189 2657 343 2710; x_wconf 88' lang='lat' dir='ltr'><em>quibus</em></span> <span class='ocrx_word' id='word_1_221' title='bbox 354 2658 495 2710; x_wconf 87' lang='lat' dir='ltr'><em>aliqua</em></span> <span class='ocrx_word' id='word_1_222' title='bbox 511 2659 738 2700; x_wconf 84' lang='lat' dir='ltr'><em>tentatione</em></span> <span class='ocrx_word' id='word_1_223' title='bbox 760 2660 884 2710; x_wconf 86' lang='lat' dir='ltr'><em>gravi</em></span> <span class='ocrx_word' id='word_1_224' title='bbox 897 2661 1155 2712; x_wconf 87' lang='lat' dir='ltr'><em>probabatur</em></span> <span class='ocrx_word' id='word_1_225' title='bbox 1172 2664 1185 2686; x_wconf 82' lang='lat'>³</span> <span class='ocrx_word' id='word_1_226' title='bbox 1202 2675 1212 2702; x_wconf 77' lang='grc' dir='ltr'>ε</span> 
     </span>
     <span class='ocr_line' id='line_1_37' title="bbox 195 2728 1209 2782; baseline 0.004 -15"><span class='ocrx_word' id='word_1_227' title='bbox 195 2741 214 2766; x_wconf 76' lang='grc' dir='ltr'><em>(ι</em></span> <span class='ocrx_word' id='word_1_228' title='bbox 232 2728 422 2768; x_wconf 83' lang='lat' dir='ltr'><em>Afflictus</em></span> <span class='ocrx_word' id='word_1_229' title='bbox 441 2740 552 2778; x_wconf 89' lang='lat' dir='ltr'><em>sum,</em></span> <span class='ocrx_word' id='word_1_230' title='bbox 572 2732 612 2770; x_wconf 92' lang='lat' dir='ltr'><em>et</em></span> <span class='ocrx_word' id='word_1_231' title='bbox 630 2730 878 2770; x_wconf 87' lang='lat' dir='ltr'><em>humiliatus</em></span> <span class='ocrx_word' id='word_1_232' title='bbox 899 2743 994 2771; x_wconf 91' lang='lat' dir='ltr'><em>sum</em></span> <span class='ocrx_word' id='word_1_233' title='bbox 1022 2732 1149 2771; x_wconf 89' lang='lat' dir='ltr'><em>nimis</em></span> <span class='ocrx_word' id='word_1_234' title='bbox 1164 2746 1174 2782; x_wconf 80' lang='lat'><em>3</em></span> <span class='ocrx_word' id='word_1_235' title='bbox 1190 2746 1209 2771; x_wconf 78' lang='lat'><em>›&gt;</em></span> 
     </span>
     <span class='ocr_line' id='line_1_38' title="bbox 189 2798 1212 2844; baseline 0.006 -7"><span class='ocrx_word' id='word_1_236' title='bbox 189 2798 203 2820; x_wconf 71' lang='lat'>⁸</span> <span class='ocrx_word' id='word_1_237' title='bbox 224 2814 244 2837; x_wconf 84' lang='lat'><em>&lt;‹</em></span> <span class='ocrx_word' id='word_1_238' title='bbox 264 2799 311 2839; x_wconf 92' lang='lat' dir='ltr'><em>In</em></span> <span class='ocrx_word' id='word_1_239' title='bbox 333 2800 686 2842; x_wconf 87' lang='lat' dir='ltr'><em>amaritudinibus</em></span> <span class='ocrx_word' id='word_1_240' title='bbox 707 2805 897 2842; x_wconf 88' lang='lat' dir='ltr'><em>moratur</em></span> <span class='ocrx_word' id='word_1_241' title='bbox 908 2803 1054 2843; x_wconf 88' lang='lat' dir='ltr'><em>oculus</em></span> <span class='ocrx_word' id='word_1_242' title='bbox 1077 2816 1212 2844; x_wconf 87' lang='grc'>1110115.</span> 
     </span>
     <span class='ocr_line' id='line_1_39' title="bbox 189 2869 1215 2924; baseline 0.004 -12"><span class='ocrx_word' id='word_1_243' title='bbox 189 2869 263 2912; x_wconf 71' lang='lat' dir='ltr'><em>Vel</em></span> <span class='ocrx_word' id='word_1_244' title='bbox 278 2872 668 2923; x_wconf 75' lang='lat' dir='ltr'><em>praevaricaiz&#39;onis,</em></span> <span class='ocrx_word' id='word_1_245' title='bbox 703 2883 800 2924; x_wconf 82' lang='lat' dir='ltr'><em>quae</em></span> <span class='ocrx_word' id='word_1_246' title='bbox 818 2872 976 2924; x_wconf 85' lang='lat' dir='ltr'><em>flagelli</em></span> <span class='ocrx_word' id='word_1_247' title='bbox 997 2875 1215 2916; x_wconf 83' lang='lat' dir='ltr'><em>exactione</em></span> 
     </span>
    </p>
   </div>
   <div class='ocr_carea' id='block_1_3' title="bbox 123 2942 1213 2997">
    <p class='ocr_par' dir='ltr' id='par_1_4' title="bbox 123 2942 1213 2997">
     <span class='ocr_line' id='line_1_40' title="bbox 123 2942 1213 2997; baseline 0.005 -16"><span class='ocrx_word' id='word_1_248' title='bbox 123 2980 126 2981; x_wconf 31' lang='lat'><em>.</em></span> <span class='ocrx_word' id='word_1_249' title='bbox 190 2943 476 2994; x_wconf 84' lang='lat' dir='ltr'><em>purgabatur;</em></span> <span class='ocrx_word' id='word_1_250' title='bbox 498 2942 847 2986; x_wconf 82' lang='lat' dir='ltr'><em>desiderabilium</em></span> <span class='ocrx_word' id='word_1_251' title='bbox 867 2955 1053 2996; x_wconf 85' lang='lat' dir='ltr'><em>suorum,</em></span> <span class='ocrx_word' id='word_1_252' title='bbox 1076 2946 1118 2986; x_wconf 90' lang='lat' dir='ltr'><em>id</em></span> <span class='ocrx_word' id='word_1_253' title='bbox 1138 2949 1213 2997; x_wconf 83' lang='lat' dir='ltr'><em>est,</em></span> 
     </span>
    </p>
   </div>
   <div class='ocr_carea' id='block_1_4' title="bbox 190 3013 1216 3281">
    <p class='ocr_par' dir='ltr' id='par_1_5' title="bbox 190 3013 1216 3281">
     <span class='ocr_line' id='line_1_41' title="bbox 191 3013 1215 3058; baseline 0.005 -6"><span class='ocrx_word' id='word_1_254' title='bbox 191 3014 447 3054; x_wconf 65' lang='lat' dir='ltr'><em>aeternorum</em></span> <span class='ocrx_word' id='word_1_255' title='bbox 467 3013 678 3054; x_wconf 90' lang='lat' dir='ltr'><em>bonorum</em></span> <span class='ocrx_word' id='word_1_256' title='bbox 696 3015 710 3036; x_wconf 73' lang='lat'>5</span> <span class='ocrx_word' id='word_1_257' title='bbox 733 3029 741 3055; x_wconf 91' lang='lat'><strong>:</strong></span> <span class='ocrx_word' id='word_1_258' title='bbox 770 3014 844 3055; x_wconf 83' lang='lat' dir='ltr'><em>«In</em></span> <span class='ocrx_word' id='word_1_259' title='bbox 857 3015 924 3056; x_wconf 83' lang='lat' dir='ltr'><em>die</em></span> <span class='ocrx_word' id='word_1_260' title='bbox 937 3017 1148 3057; x_wconf 89' lang='lat' dir='ltr'><em>malorum</em></span> <span class='ocrx_word' id='word_1_261' title='bbox 1162 3030 1215 3058; x_wconf 90' lang='lat' dir='ltr'><em>ne</em></span> 
     </span>
     <span class='ocr_line' id='line_1_42' title="bbox 190 3082 1213 3139; baseline 0.007 -17"><span class='ocrx_word' id='word_1_262' title='bbox 190 3082 414 3124; x_wconf 89' lang='lat' dir='ltr'><em>immemor</em></span> <span class='ocrx_word' id='word_1_263' title='bbox 451 3085 507 3124; x_wconf 90' lang='lat' dir='ltr'><em>sis</em></span> <span class='ocrx_word' id='word_1_264' title='bbox 534 3085 760 3126; x_wconf 88' lang='lat' dir='ltr'><em>bonorum.</em></span> <span class='ocrx_word' id='word_1_265' title='bbox 782 3100 801 3123; x_wconf 80' lang='lat'><em>›&gt;</em></span> <span class='ocrx_word' id='word_1_266' title='bbox 826 3085 914 3126; x_wconf 87' lang='lat' dir='ltr'><em>Hac</em></span> <span class='ocrx_word' id='word_1_267' title='bbox 946 3086 1116 3139; x_wconf 85' lang='lat' dir='ltr'><em>quidem</em></span> <span class='ocrx_word' id='word_1_268' title='bbox 1146 3100 1213 3129; x_wconf 89' lang='lat' dir='ltr'><em>re-</em></span> 
     </span>
     <span class='ocr_line' id='line_1_43' title="bbox 197 3153 1216 3210; baseline 0.007 -18"><span class='ocrx_word' id='word_1_269' title='bbox 197 3153 434 3195; x_wconf 83' lang='lat' dir='ltr'><em>cordatione</em></span> <span class='ocrx_word' id='word_1_270' title='bbox 455 3158 553 3196; x_wconf 91' lang='lat' dir='ltr'><em>sunt</em></span> <span class='ocrx_word' id='word_1_271' title='bbox 572 3156 736 3197; x_wconf 83' lang='lat' dir='ltr'><em>assidue</em></span> <span class='ocrx_word' id='word_1_272' title='bbox 746 3157 983 3198; x_wconf 79' lang='lat' dir='ltr'><em>revocanda</em></span> <span class='ocrx_word' id='word_1_273' title='bbox 1001 3158 1111 3198; x_wconf 86' lang='lat' dir='ltr'><em>mala</em></span> <span class='ocrx_word' id='word_1_274' title='bbox 1125 3170 1216 3210; x_wconf 87' lang='lat' dir='ltr'><em>poe-</em></span> 
     </span>
     <span class='ocr_line' id='line_1_44' title="bbox 191 3223 1213 3281; baseline 0.007 -18"><span class='ocrx_word' id='word_1_275' title='bbox 191 3223 317 3275; x_wconf 83' lang='lat' dir='ltr'><em>nalia,</em></span> <span class='ocrx_word' id='word_1_276' title='bbox 329 3228 376 3266; x_wconf 86' lang='lat' dir='ltr'><em>ut</em></span> <span class='ocrx_word' id='word_1_277' title='bbox 390 3226 476 3269; x_wconf 87' lang='lat' dir='ltr'><em>vita</em></span> <span class='ocrx_word' id='word_1_278' title='bbox 488 3239 674 3280; x_wconf 83' lang='lat' dir='ltr'><em>praesens</em></span> <span class='ocrx_word' id='word_1_279' title='bbox 687 3228 945 3281; x_wconf 86' lang='lat' dir='ltr'><em>contemptui</em></span> <span class='ocrx_word' id='word_1_280' title='bbox 958 3229 1163 3270; x_wconf 85' lang='lat' dir='ltr'><em>habeatur</em></span> <span class='ocrx_word' id='word_1_281' title='bbox 1176 3230 1190 3251; x_wconf 78' lang='lat'><strong>⁶</strong></span> <span class='ocrx_word' id='word_1_282' title='bbox 1204 3244 1213 3270; x_wconf 78' lang='lat' dir='ltr'>z</span> 
     </span>
    </p>
   </div>
   <div class='ocr_carea' id='block_1_5' title="bbox 192 3354 1217 3496">
    <p class='ocr_par' dir='ltr' id='par_1_6' title="bbox 192 3354 1217 3496">
     <span class='ocr_line' id='line_1_45' title="bbox 237 3354 1215 3401; baseline 0.008 -16"><span class='ocrx_word' id='word_1_283' title='bbox 237 3354 352 3388; x_wconf 81' lang='lat' dir='ltr'><em>¹Psal.</em></span> <span class='ocrx_word' id='word_1_284' title='bbox 375 3364 551 3398; x_wconf 81' lang='lat' dir='ltr'><em>Lxxxvm,</em></span> <span class='ocrx_word' id='word_1_285' title='bbox 577 3359 629 3390; x_wconf 84' lang='lat'><em>33.</em></span> <span class='ocrx_word' id='word_1_286' title='bbox 654 3376 693 3383; x_wconf 92' lang='lat'><em>--</em></span> <span class='ocrx_word' id='word_1_287' title='bbox 719 3359 730 3378; x_wconf 82' lang='lat'><em>²</em></span> <span class='ocrx_word' id='word_1_288' title='bbox 756 3360 766 3391; x_wconf 89' lang='lat'>1</span> <span class='ocrx_word' id='word_1_289' title='bbox 792 3360 913 3400; x_wconf 61' lang='lat' dir='ltr'><em>Maca„</em></span> <span class='ocrx_word' id='word_1_290' title='bbox 935 3368 963 3401; x_wconf 86' lang='lat'><em>1,</em></span> <span class='ocrx_word' id='word_1_291' title='bbox 983 3362 1013 3393; x_wconf 81' lang='lat'><em>4.</em></span> <span class='ocrx_word' id='word_1_292' title='bbox 1034 3378 1073 3384; x_wconf 91' lang='lat'>—</span> <span class='ocrx_word' id='word_1_293' title='bbox 1094 3361 1105 3380; x_wconf 76' lang='lat'>³</span> <span class='ocrx_word' id='word_1_294' title='bbox 1121 3361 1215 3395; x_wconf 80' lang='lat' dir='ltr'><em>Psal.</em></span> 
     </span>
     <span class='ocr_line' id='line_1_46' title="bbox 192 3404 1217 3446; baseline 0.009 -15"><span class='ocrx_word' id='word_1_295' title='bbox 192 3408 331 3442; x_wconf 79' lang='lat' dir='ltr'><em>xxxvu,</em></span> <span class='ocrx_word' id='word_1_296' title='bbox 352 3404 382 3434; x_wconf 87' lang='grc'><em>9.</em></span> <span class='ocrx_word' id='word_1_297' title='bbox 402 3420 443 3427; x_wconf 89' lang='grc'>-</span> <span class='ocrx_word' id='word_1_298' title='bbox 466 3404 480 3427; x_wconf 75' lang='lat'><em>⁷·</em></span> <span class='ocrx_word' id='word_1_299' title='bbox 503 3405 578 3446; x_wconf 88' lang='lat' dir='ltr'><em>Job,</em></span> <span class='ocrx_word' id='word_1_300' title='bbox 604 3414 695 3446; x_wconf 77' lang='lat' dir='ltr'><em>xvii,</em></span> <span class='ocrx_word' id='word_1_301' title='bbox 722 3408 752 3439; x_wconf 86' lang='lat'><em>2.</em></span> <span class='ocrx_word' id='word_1_302' title='bbox 779 3423 819 3430; x_wconf 88' lang='lat'><em>——</em></span> <span class='ocrx_word' id='word_1_303' title='bbox 847 3408 860 3429; x_wconf 75' lang='lat'>5</span> <span class='ocrx_word' id='word_1_304' title='bbox 880 3408 1001 3446; x_wconf 85' lang='lat' dir='ltr'><em>Eccle.‚</em></span> <span class='ocrx_word' id='word_1_305' title='bbox 1025 3416 1080 3446; x_wconf 78' lang='lat' dir='ltr'><em>xi,</em></span> <span class='ocrx_word' id='word_1_306' title='bbox 1101 3410 1153 3440; x_wconf 82' lang='lat'><em>27.</em></span> <span class='ocrx_word' id='word_1_307' title='bbox 1176 3426 1217 3432; x_wconf 92' lang='lat'>—</span> 
     </span>
     <span class='ocr_line' id='line_1_47' title="bbox 193 3448 1215 3496; baseline 0.008 -18"><span class='ocrx_word' id='word_1_308' title='bbox 193 3448 206 3470; x_wconf 80' lang='lat'><strong>⁶</strong></span> <span class='ocrx_word' id='word_1_309' title='bbox 223 3448 358 3490; x_wconf 64' lang='lat' dir='ltr'><em>Jerem„</em></span> <span class='ocrx_word' id='word_1_310' title='bbox 379 3457 420 3490; x_wconf 87' lang='lat' dir='ltr'><em>x,</em></span> <span class='ocrx_word' id='word_1_311' title='bbox 443 3452 491 3482; x_wconf 78' lang='lat'><em>19.</em></span> <span class='ocrx_word' id='word_1_312' title='bbox 513 3469 553 3475; x_wconf 88' lang='lat'><em>-—</em></span> <span class='ocrx_word' id='word_1_313' title='bbox 578 3454 588 3472; x_wconf 87' lang='lat'><strong>⁷</strong></span> <span class='ocrx_word' id='word_1_314' title='bbox 608 3452 720 3494; x_wconf 66' lang='lat' dir='ltr'><em>Apoc„</em></span> <span class='ocrx_word' id='word_1_315' title='bbox 747 3461 791 3494; x_wconf 88' lang='lat'><em>11,</em></span> <span class='ocrx_word' id='word_1_316' title='bbox 816 3455 845 3485; x_wconf 81' lang='lat'><em>5.</em></span> <span class='ocrx_word' id='word_1_317' title='bbox 866 3472 906 3478; x_wconf 93' lang='lat'><em>—-</em></span> <span class='ocrx_word' id='word_1_318' title='bbox 931 3454 945 3476; x_wconf 81' lang='lat'>⁸</span> <span class='ocrx_word' id='word_1_319' title='bbox 965 3456 1043 3495; x_wconf 79' lang='lat' dir='ltr'><em>Isa.,</em></span> <span class='ocrx_word' id='word_1_320' title='bbox 1067 3463 1215 3496; x_wconf 68' lang='lat' dir='ltr'><em>xxxvni,</em></span> 
     </span>
    </p>
   </div>
   <div class='ocr_carea' id='block_1_6' title="bbox 1288 161 2325 3284">
    <p class='ocr_par' dir='ltr' id='par_1_7' title="bbox 1288 161 2325 3214">
     <span class='ocr_line' id='line_1_48' title="bbox 2241 161 2312 200; baseline 0 0"><span class='ocrx_word' id='word_1_321' title='bbox 2241 161 2312 200; x_wconf 77' lang='lat'><em>151</em></span> 
     </span>
     <span class='ocr_line' id='line_1_49' title="bbox 1293 242 2310 297; baseline 0.005 -15"><span class='ocrx_word' id='word_1_322' title='bbox 1293 258 1312 281; x_wconf 88' lang='lat'>«</span> <span class='ocrx_word' id='word_1_323' title='bbox 1333 242 1432 284; x_wconf 75' lang='lat' dir='ltr'><em>Hcec</em></span> <span class='ocrx_word' id='word_1_324' title='bbox 1453 245 1515 283; x_wconf 89' lang='lat' dir='ltr'><em>est</em></span> <span class='ocrx_word' id='word_1_325' title='bbox 1534 243 1759 284; x_wconf 81' lang='lat' dir='ltr'><em>infirmitas</em></span> <span class='ocrx_word' id='word_1_326' title='bbox 1784 255 1898 295; x_wconf 85' lang='lat' dir='ltr'><em>mea,</em></span> <span class='ocrx_word' id='word_1_327' title='bbox 1934 246 2110 297; x_wconf 87' lang='lat' dir='ltr'><em>portabo</em></span> <span class='ocrx_word' id='word_1_328' title='bbox 2138 247 2268 289; x_wconf 88' lang='lat' dir='ltr'><em>illam.</em></span> <span class='ocrx_word' id='word_1_329' title='bbox 2291 263 2310 287; x_wconf 74' lang='lat' dir='ltr'><em>n</em></span> 
     </span>
     <span class='ocr_line' id='line_1_50' title="bbox 1288 314 2319 367; baseline 0.006 -13"><span class='ocrx_word' id='word_1_330' title='bbox 1288 314 1393 354; x_wconf 90' lang='lat' dir='ltr'><em>Ilinc</em></span> <span class='ocrx_word' id='word_1_331' title='bbox 1423 319 1638 366; x_wconf 83' lang='lat' dir='ltr'><em>peccantes</em></span> <span class='ocrx_word' id='word_1_332' title='bbox 1667 326 1741 367; x_wconf 87' lang='lat' dir='ltr'><em>per</em></span> <span class='ocrx_word' id='word_1_333' title='bbox 1772 316 1980 366; x_wconf 87' lang='lat' dir='ltr'><em>gemitum</em></span> <span class='ocrx_word' id='word_1_334' title='bbox 2003 316 2220 357; x_wconf 88' lang='lat' dir='ltr'><em>assiduum</em></span> <span class='ocrx_word' id='word_1_335' title='bbox 2248 331 2319 361; x_wconf 81' lang='lat' dir='ltr'><em>ex-</em></span> 
     </span>
     <span class='ocr_line' id='line_1_51' title="bbox 1288 385 2316 440; baseline 0.005 -16"><span class='ocrx_word' id='word_1_336' title='bbox 1288 386 1503 437; x_wconf 86' lang='lat' dir='ltr'><em>perientur</em></span> <span class='ocrx_word' id='word_1_337' title='bbox 1523 385 1567 425; x_wconf 82' lang='lat'><em>7:</em></span> <span class='ocrx_word' id='word_1_338' title='bbox 1599 400 1617 422; x_wconf 77' lang='grc' dir='ltr'>α</span> <span class='ocrx_word' id='word_1_339' title='bbox 1648 385 1806 426; x_wconf 85' lang='lat' dir='ltr'><em>Memor</em></span> <span class='ocrx_word' id='word_1_340' title='bbox 1836 389 1924 427; x_wconf 87' lang='lat' dir='ltr'><em>esto</em></span> <span class='ocrx_word' id='word_1_341' title='bbox 1959 387 2071 427; x_wconf 87' lang='lat' dir='ltr'><em>unde</em></span> <span class='ocrx_word' id='word_1_342' title='bbox 2098 389 2316 440; x_wconf 84' lang='lat' dir='ltr'><em>excideris,</em></span> 
     </span>
     <span class='ocr_line' id='line_1_52' title="bbox 1289 456 2314 510; baseline 0.001 -15"><span class='ocrx_word' id='word_1_343' title='bbox 1289 458 1329 495; x_wconf 82' lang='lat' dir='ltr'><em>et</em></span> <span class='ocrx_word' id='word_1_344' title='bbox 1349 468 1428 506; x_wconf 85' lang='lat' dir='ltr'><em>age</em></span> <span class='ocrx_word' id='word_1_345' title='bbox 1447 456 1735 508; x_wconf 83' lang='lat' dir='ltr'><em>poenitentiam</em></span> <span class='ocrx_word' id='word_1_346' title='bbox 1760 471 1767 497; x_wconf 77' lang='lat' dir='ltr'><em>t</em></span> <span class='ocrx_word' id='word_1_347' title='bbox 1792 460 1833 497; x_wconf 92' lang='lat' dir='ltr'><em>et</em></span> <span class='ocrx_word' id='word_1_348' title='bbox 1865 458 2003 509; x_wconf 87' lang='lat' dir='ltr'><em>prima</em></span> <span class='ocrx_word' id='word_1_349' title='bbox 2029 470 2157 510; x_wconf 85' lang='lat' dir='ltr'><em>opera</em></span> <span class='ocrx_word' id='word_1_350' title='bbox 2179 459 2242 500; x_wconf 85' lang='lat' dir='ltr'><em>fac</em></span> <span class='ocrx_word' id='word_1_351' title='bbox 2263 474 2272 500; x_wconf 75' lang='grc' dir='ltr'>ε</span> <span class='ocrx_word' id='word_1_352' title='bbox 2295 474 2314 497; x_wconf 79' lang='grc'><em>))</em></span> 
     </span>
     <span class='ocr_line' id='line_1_53' title="bbox 1289 526 2320 578; baseline 0.006 -14"><span class='ocrx_word' id='word_1_353' title='bbox 1289 527 1302 547; x_wconf 69' lang='grc'>8</span> <span class='ocrx_word' id='word_1_354' title='bbox 1328 542 1347 565; x_wconf 72' lang='grc' dir='ltr'><em>(ι</em></span> <span class='ocrx_word' id='word_1_355' title='bbox 1370 526 1625 578; x_wconf 84' lang='lat' dir='ltr'><em>Recogitabo</em></span> <span class='ocrx_word' id='word_1_356' title='bbox 1655 528 1729 567; x_wconf 86' lang='lat' dir='ltr'><em>tibi</em></span> <span class='ocrx_word' id='word_1_357' title='bbox 1761 540 1907 569; x_wconf 89' lang='lat' dir='ltr'><em>omnes</em></span> <span class='ocrx_word' id='word_1_358' title='bbox 1940 541 2075 569; x_wconf 87' lang='lat' dir='ltr'><em>annos</em></span> <span class='ocrx_word' id='word_1_359' title='bbox 2113 541 2256 578; x_wconf 90' lang='lat' dir='ltr'><em>meos,</em></span> <span class='ocrx_word' id='word_1_360' title='bbox 2274 530 2320 571; x_wconf 90' lang='lat' dir='ltr'><em>in</em></span> 
     </span>
     <span class='ocr_line' id='line_1_54' title="bbox 1289 598 2321 641; baseline 0.004 -4"><span class='ocrx_word' id='word_1_361' title='bbox 1289 598 1571 638; x_wconf 85' lang='lat' dir='ltr'><em>amaritudine</em></span> <span class='ocrx_word' id='word_1_362' title='bbox 1598 598 1752 639; x_wconf 63' lang='lat' dir='ltr'><em>animae</em></span> <span class='ocrx_word' id='word_1_363' title='bbox 1779 611 1901 639; x_wconf 82' lang='lat' dir='ltr'><em>meae.</em></span> <span class='ocrx_word' id='word_1_364' title='bbox 1924 613 1943 636; x_wconf 89' lang='lat'>»</span> <span class='ocrx_word' id='word_1_365' title='bbox 1969 599 2074 640; x_wconf 90' lang='lat' dir='ltr'><em>Item</em></span> <span class='ocrx_word' id='word_1_366' title='bbox 2104 602 2203 640; x_wconf 89' lang='lat' dir='ltr'><em>sunt</em></span> <span class='ocrx_word' id='word_1_367' title='bbox 2224 600 2321 641; x_wconf 86' lang='lat' dir='ltr'><em>assi-</em></span> 
     </span>
     <span class='ocr_line' id='line_1_55' title="bbox 1289 669 2321 724; baseline 0.004 -16"><span class='ocrx_word' id='word_1_368' title='bbox 1289 669 1371 709; x_wconf 88' lang='lat' dir='ltr'><em>due</em></span> <span class='ocrx_word' id='word_1_369' title='bbox 1390 669 1625 708; x_wconf 85' lang='lat' dir='ltr'><em>revocauda</em></span> <span class='ocrx_word' id='word_1_370' title='bbox 1645 669 1847 709; x_wconf 83' lang='lat' dir='ltr'><em>beneficia</em></span> <span class='ocrx_word' id='word_1_371' title='bbox 1867 669 2024 720; x_wconf 88' lang='lat' dir='ltr'><em>divina,</em></span> <span class='ocrx_word' id='word_1_372' title='bbox 2050 671 2139 711; x_wconf 88' lang='lat' dir='ltr'><em>sive</em></span> <span class='ocrx_word' id='word_1_373' title='bbox 2159 673 2291 724; x_wconf 87' lang='lat' dir='ltr'><em>praete</em></span> <span class='ocrx_word' id='word_1_374' title='bbox 2306 693 2321 701; x_wconf 89' lang='lat'>-</span> 
     </span>
     <span class='ocr_line' id='line_1_56' title="bbox 1290 737 2320 788; baseline 0.004 -10"><span class='ocrx_word' id='word_1_375' title='bbox 1290 738 1384 785; x_wconf 83' lang='lat' dir='ltr'><em>rita,</em></span> <span class='ocrx_word' id='word_1_376' title='bbox 1407 737 1496 778; x_wconf 82' lang='lat' dir='ltr'><em>sive</em></span> <span class='ocrx_word' id='word_1_377' title='bbox 1515 738 1674 788; x_wconf 81' lang='lat' dir='ltr'><em>sutura,</em></span> <span class='ocrx_word' id='word_1_378' title='bbox 1706 741 1753 778; x_wconf 90' lang='lat' dir='ltr'><em>ut</em></span> <span class='ocrx_word' id='word_1_379' title='bbox 1771 739 1967 780; x_wconf 87' lang='lat' dir='ltr'><em>continue</em></span> <span class='ocrx_word' id='word_1_380' title='bbox 2001 742 2169 781; x_wconf 85' lang='lat' dir='ltr'><em>ametur</em></span> <span class='ocrx_word' id='word_1_381' title='bbox 2192 756 2201 781; x_wconf 91' lang='lat'>:</span> <span class='ocrx_word' id='word_1_382' title='bbox 2225 741 2320 782; x_wconf 90' lang='lat' dir='ltr'><em>ideo</em></span> 
     </span>
     <span class='ocr_line' id='line_1_57' title="bbox 1290 809 2317 855; baseline 0.006 -6"><span class='ocrx_word' id='word_1_383' title='bbox 1290 809 1420 850; x_wconf 85' lang='lat' dir='ltr'><em>dicit:</em></span> <span class='ocrx_word' id='word_1_384' title='bbox 1449 810 1647 851; x_wconf 79' lang='lat' dir='ltr'><em>Omnium</em></span> <span class='ocrx_word' id='word_1_385' title='bbox 1681 810 2032 853; x_wconf 87' lang='lat' dir='ltr'><em>desiderabilium</em></span> <span class='ocrx_word' id='word_1_386' title='bbox 2062 822 2268 855; x_wconf 86' lang='lat' dir='ltr'><em>suorum:</em></span> <span class='ocrx_word' id='word_1_387' title='bbox 2303 816 2317 838; x_wconf 84' lang='lat'>⁹</span> 
     </span>
     <span class='ocr_line' id='line_1_58' title="bbox 1290 880 2315 935; baseline 0.002 -15"><span class='ocrx_word' id='word_1_388' title='bbox 1290 880 1497 921; x_wconf 77' lang='lat' dir='ltr'><em>Memores</em></span> <span class='ocrx_word' id='word_1_389' title='bbox 1527 881 1710 921; x_wconf 88' lang='lat' dir='ltr'><em>uberum</em></span> <span class='ocrx_word' id='word_1_390' title='bbox 1742 885 1917 923; x_wconf 86' lang='lat' dir='ltr'><em>tuorum</em></span> <span class='ocrx_word' id='word_1_391' title='bbox 1949 895 2075 935; x_wconf 87' lang='lat' dir='ltr'><em>super</em></span> <span class='ocrx_word' id='word_1_392' title='bbox 2105 883 2271 925; x_wconf 87' lang='lat' dir='ltr'><em>vinum.</em></span> <span class='ocrx_word' id='word_1_393' title='bbox 2296 898 2315 922; x_wconf 74' lang='lat' dir='ltr'><em>n</em></span> 
     </span>
     <span class='ocr_line' id='line_1_59' title="bbox 1291 952 2317 1006; baseline 0.003 -13"><span class='ocrx_word' id='word_1_394' title='bbox 1291 953 1371 993; x_wconf 80' lang='lat' dir='ltr'><em>Sed</em></span> <span class='ocrx_word' id='word_1_395' title='bbox 1402 952 1576 1004; x_wconf 88' lang='lat' dir='ltr'><em>quidam</em></span> <span class='ocrx_word' id='word_1_396' title='bbox 1608 952 1736 992; x_wconf 88' lang='lat' dir='ltr'><em>nimis</em></span> <span class='ocrx_word' id='word_1_397' title='bbox 1772 953 1888 994; x_wconf 85' lang='lat' dir='ltr'><em>tarde</em></span> <span class='ocrx_word' id='word_1_398' title='bbox 1920 953 2000 994; x_wconf 88' lang='lat' dir='ltr'><em>ista</em></span> <span class='ocrx_word' id='word_1_399' title='bbox 2033 955 2274 1006; x_wconf 84' lang='lat' dir='ltr'><em>recogitant</em></span> <span class='ocrx_word' id='word_1_400' title='bbox 2306 969 2317 997; x_wconf 76' lang='lat' dir='ltr'><em>t</em></span> 
     </span>
     <span class='ocr_line' id='line_1_60' title="bbox 1290 1023 2323 1078; baseline 0.005 -15"><span class='ocrx_word' id='word_1_401' title='bbox 1290 1036 1366 1076; x_wconf 88' lang='lat' dir='ltr'><em>pro</em></span> <span class='ocrx_word' id='word_1_402' title='bbox 1385 1024 1542 1076; x_wconf 85' lang='lat' dir='ltr'><em>quibus</em></span> <span class='ocrx_word' id='word_1_403' title='bbox 1571 1023 1761 1076; x_wconf 87' lang='lat' dir='ltr'><em>sequitur</em></span> <span class='ocrx_word' id='word_1_404' title='bbox 1785 1036 1795 1064; x_wconf 73' lang='grc' dir='ltr'>ε</span> <span class='ocrx_word' id='word_1_405' title='bbox 1822 1024 1923 1066; x_wconf 82' lang='lat' dir='ltr'><em>Cum</em></span> <span class='ocrx_word' id='word_1_406' title='bbox 1951 1024 2113 1068; x_wconf 78' lang='lat' dir='ltr'><em>caderet</em></span> <span class='ocrx_word' id='word_1_407' title='bbox 2139 1026 2323 1078; x_wconf 71' lang='lat' dir='ltr'><em>populus</em></span> 
     </span>
     <span class='ocr_line' id='line_1_61' title="bbox 1291 1096 2323 1149; baseline 0.002 -12"><span class='ocrx_word' id='word_1_408' title='bbox 1291 1096 1394 1148; x_wconf 75' lang='lat' dir='ltr'><em>eJ&#39;us,</em></span> <span class='ocrx_word' id='word_1_409' title='bbox 1419 1096 1459 1135; x_wconf 90' lang='lat' dir='ltr'><em>id</em></span> <span class='ocrx_word' id='word_1_410' title='bbox 1481 1098 1565 1145; x_wconf 87' lang='lat' dir='ltr'><em>est,</em></span> <span class='ocrx_word' id='word_1_411' title='bbox 1590 1096 1770 1136; x_wconf 58' lang='lat' dir='ltr'><em>diversae</em></span> <span class='ocrx_word' id='word_1_412' title='bbox 1802 1109 1992 1149; x_wconf 62' lang='lat' dir='ltr'><em>personas</em></span> <span class='ocrx_word' id='word_1_413' title='bbox 2024 1098 2244 1149; x_wconf 68' lang='lat' dir='ltr'><em>Ecclesiae,</em></span> <span class='ocrx_word' id='word_1_414' title='bbox 2281 1100 2323 1139; x_wconf 89' lang='lat' dir='ltr'><em>et</em></span> 
     </span>
     <span class='ocr_line' id='line_1_62' title="bbox 1291 1167 2322 1219; baseline 0.004 -12"><span class='ocrx_word' id='word_1_415' title='bbox 1291 1167 1584 1219; x_wconf 70' lang='lat' dir='ltr'><em>cogitationes,</em></span> <span class='ocrx_word' id='word_1_416' title='bbox 1601 1171 1640 1208; x_wconf 91' lang='lat' dir='ltr'><em>et</em></span> <span class='ocrx_word' id='word_1_417' title='bbox 1661 1168 1944 1219; x_wconf 85' lang='lat' dir='ltr'><em>defensiones;</em></span> <span class='ocrx_word' id='word_1_418' title='bbox 1968 1182 2046 1210; x_wconf 89' lang='lat' dir='ltr'><em>nec</em></span> <span class='ocrx_word' id='word_1_419' title='bbox 2065 1182 2212 1210; x_wconf 89' lang='lat' dir='ltr'><em>omnes</em></span> <span class='ocrx_word' id='word_1_420' title='bbox 2229 1170 2322 1210; x_wconf 89' lang='lat' dir='ltr'><em>sin-</em></span> 
     </span>
     <span class='ocr_line' id='line_1_63' title="bbox 1293 1239 2320 1293; baseline 0.005 -16"><span class='ocrx_word' id='word_1_421' title='bbox 1293 1239 1499 1290; x_wconf 84' lang='lat' dir='ltr'><em>gulariter</em></span> <span class='ocrx_word' id='word_1_422' title='bbox 1531 1239 1685 1279; x_wconf 58' lang='lat' dir='ltr'><em>animae</em></span> <span class='ocrx_word' id='word_1_423' title='bbox 1716 1254 1724 1279; x_wconf 75' lang='grc' dir='ltr'>ι</span> <span class='ocrx_word' id='word_1_424' title='bbox 1757 1241 1805 1281; x_wconf 91' lang='lat' dir='ltr'><em>in</em></span> <span class='ocrx_word' id='word_1_425' title='bbox 1835 1252 1966 1282; x_wconf 86' lang='lat' dir='ltr'><em>manu</em></span> <span class='ocrx_word' id='word_1_426' title='bbox 1996 1241 2158 1292; x_wconf 79' lang='lat' dir='ltr'><em>hostili,</em></span> <span class='ocrx_word' id='word_1_427' title='bbox 2182 1241 2224 1282; x_wconf 90' lang='lat' dir='ltr'><em>id</em></span> <span class='ocrx_word' id='word_1_428' title='bbox 2244 1244 2320 1293; x_wconf 87' lang='lat' dir='ltr'><em>est,</em></span> 
     </span>
     <span class='ocr_line' id='line_1_64' title="bbox 1290 1311 2319 1365; baseline 0.005 -15"><span class='ocrx_word' id='word_1_429' title='bbox 1290 1311 1331 1350; x_wconf 89' lang='lat' dir='ltr'><em>in</em></span> <span class='ocrx_word' id='word_1_430' title='bbox 1356 1312 1560 1362; x_wconf 75' lang='lat' dir='ltr'><em>potestate</em></span> <span class='ocrx_word' id='word_1_431' title='bbox 1580 1311 1756 1361; x_wconf 87' lang='lat' dir='ltr'><em>diaboli,</em></span> <span class='ocrx_word' id='word_1_432' title='bbox 1781 1315 1819 1352; x_wconf 87' lang='lat' dir='ltr'><em>el</em></span> <span class='ocrx_word' id='word_1_433' title='bbox 1838 1322 1923 1353; x_wconf 88' lang='lat' dir='ltr'><em>non</em></span> <span class='ocrx_word' id='word_1_434' title='bbox 1942 1316 2045 1355; x_wconf 78' lang='lat' dir='ltr'><em>esset</em></span> <span class='ocrx_word' id='word_1_435' title='bbox 2063 1314 2319 1365; x_wconf 61' lang='lat' dir='ltr'><em>auxiliator,</em></span> 
     </span>
     <span class='ocr_line' id='line_1_65' title="bbox 1290 1381 2324 1430; baseline 0.005 -10"><span class='ocrx_word' id='word_1_436' title='bbox 1290 1381 1374 1421; x_wconf 89' lang='lat' dir='ltr'><em>Deo</em></span> <span class='ocrx_word' id='word_1_437' title='bbox 1401 1381 1642 1430; x_wconf 80' lang='lat' dir='ltr'><em>deserente,</em></span> <span class='ocrx_word' id='word_1_438' title='bbox 1673 1393 1749 1421; x_wconf 89' lang='grc'>1100</span> <span class='ocrx_word' id='word_1_439' title='bbox 1786 1381 1962 1422; x_wconf 91' lang='grc'>1101111110</span> <span class='ocrx_word' id='word_1_440' title='bbox 1991 1383 2220 1425; x_wconf 84' lang='lat' dir='ltr'><em>subvenire</em></span> <span class='ocrx_word' id='word_1_441' title='bbox 2253 1397 2324 1425; x_wconf 90' lang='lat' dir='ltr'><em>va-</em></span> 
     </span>
     <span class='ocr_line' id='line_1_66' title="bbox 1290 1452 2323 1507; baseline 0.005 -16"><span class='ocrx_word' id='word_1_442' title='bbox 1290 1452 1402 1492; x_wconf 88' lang='lat' dir='ltr'><em>lente</em></span> <span class='ocrx_word' id='word_1_443' title='bbox 1424 1455 1453 1477; x_wconf 85' lang='lat'><em>¹⁰</em></span> <span class='ocrx_word' id='word_1_444' title='bbox 1478 1467 1485 1492; x_wconf 92' lang='lat'>:</span> <span class='ocrx_word' id='word_1_445' title='bbox 1509 1452 1768 1493; x_wconf 89' lang='lat' dir='ltr'><em>«Considera</em></span> <span class='ocrx_word' id='word_1_446' title='bbox 1795 1464 1923 1505; x_wconf 89' lang='lat' dir='ltr'><em>opera</em></span> <span class='ocrx_word' id='word_1_447' title='bbox 1943 1453 2039 1504; x_wconf 88' lang='lat' dir='ltr'><em>Dei,</em></span> <span class='ocrx_word' id='word_1_448' title='bbox 2062 1455 2176 1507; x_wconf 84' lang='lat' dir='ltr'><em>quod</em></span> <span class='ocrx_word' id='word_1_449' title='bbox 2197 1467 2323 1496; x_wconf 89' lang='lat' dir='ltr'><em>nemo</em></span> 
     </span>
     <span class='ocr_line' id='line_1_67' title="bbox 1290 1523 2325 1578; baseline 0.006 -16"><span class='ocrx_word' id='word_1_450' title='bbox 1290 1523 1420 1575; x_wconf 86' lang='lat' dir='ltr'><em>possit</em></span> <span class='ocrx_word' id='word_1_451' title='bbox 1441 1523 1674 1574; x_wconf 85' lang='lat' dir='ltr'><em>corrigere,</em></span> <span class='ocrx_word' id='word_1_452' title='bbox 1696 1536 1825 1576; x_wconf 87' lang='lat' dir='ltr'><em>quem</em></span> <span class='ocrx_word' id='word_1_453' title='bbox 1854 1524 1923 1565; x_wconf 89' lang='grc'>1110</span> <span class='ocrx_word' id='word_1_454' title='bbox 1953 1524 2204 1578; x_wconf 75' lang='lat' dir='ltr'><em>despexerit.</em></span> <span class='ocrx_word' id='word_1_455' title='bbox 2228 1540 2248 1563; x_wconf 83' lang='lat'>»</span> <span class='ocrx_word' id='word_1_456' title='bbox 2273 1526 2325 1567; x_wconf 86' lang='lat' dir='ltr'><em>Et</em></span> 
     </span>
     <span class='ocr_line' id='line_1_68' title="bbox 1290 1594 2320 1648; baseline 0.005 -14"><span class='ocrx_word' id='word_1_457' title='bbox 1290 1594 1403 1635; x_wconf 83' lang='lat' dir='ltr'><em>istud</em></span> <span class='ocrx_word' id='word_1_458' title='bbox 1424 1594 1676 1646; x_wconf 87' lang='lat' dir='ltr'><em>intelligitur</em></span> <span class='ocrx_word' id='word_1_459' title='bbox 1709 1596 1943 1635; x_wconf 89' lang='lat' dir='ltr'><em>secundum</em></span> <span class='ocrx_word' id='word_1_460' title='bbox 1974 1597 2172 1648; x_wconf 88' lang='lat' dir='ltr'><em>regulam</em></span> <span class='ocrx_word' id='word_1_461' title='bbox 2207 1597 2320 1639; x_wconf 89' lang='lat' dir='ltr'><em>Cice-</em></span> 
     </span>
     <span class='ocr_line' id='line_1_69' title="bbox 1290 1665 2320 1720; baseline 0.005 -15"><span class='ocrx_word' id='word_1_462' title='bbox 1290 1666 1422 1716; x_wconf 89' lang='lat' dir='ltr'><em>ronis,</em></span> <span class='ocrx_word' id='word_1_463' title='bbox 1444 1665 1614 1717; x_wconf 85' lang='lat' dir='ltr'><em>quando</em></span> <span class='ocrx_word' id='word_1_464' title='bbox 1633 1665 1840 1706; x_wconf 87' lang='lat' dir='ltr'><em>transitur</em></span> <span class='ocrx_word' id='word_1_465' title='bbox 1863 1666 1912 1707; x_wconf 89' lang='lat' dir='ltr'><em>de</em></span> <span class='ocrx_word' id='word_1_466' title='bbox 1933 1667 2068 1719; x_wconf 89' lang='lat' dir='ltr'><em>specie</em></span> <span class='ocrx_word' id='word_1_467' title='bbox 2087 1667 2138 1708; x_wconf 88' lang='lat' dir='ltr'><em>ad</em></span> <span class='ocrx_word' id='word_1_468' title='bbox 2153 1680 2291 1720; x_wconf 88' lang='lat' dir='ltr'><em>genus</em></span> <span class='ocrx_word' id='word_1_469' title='bbox 2311 1683 2320 1711; x_wconf 90' lang='lat'>:</span> 
     </span>
     <span class='ocr_line' id='line_1_70' title="bbox 1291 1736 2323 1791; baseline 0.005 -16"><span class='ocrx_word' id='word_1_470' title='bbox 1291 1737 1492 1789; x_wconf 86' lang='lat' dir='ltr'><em>quoniam</em></span> <span class='ocrx_word' id='word_1_471' title='bbox 1513 1749 1611 1776; x_wconf 88' lang='lat' dir='ltr'><em>cum</em></span> <span class='ocrx_word' id='word_1_472' title='bbox 1632 1736 1733 1776; x_wconf 87' lang='lat' dir='ltr'><em>mali</em></span> <span class='ocrx_word' id='word_1_473' title='bbox 1753 1736 1960 1786; x_wconf 81' lang='lat' dir='ltr'><em>laborant,</em></span> <span class='ocrx_word' id='word_1_474' title='bbox 1975 1738 2186 1778; x_wconf 90' lang='lat' dir='ltr'><em>bonorum</em></span> <span class='ocrx_word' id='word_1_475' title='bbox 2207 1752 2323 1791; x_wconf 82' lang='lat' dir='ltr'><em>prae-</em></span> 
     </span>
     <span class='ocr_line' id='line_1_71' title="bbox 1290 1807 2325 1858; baseline 0.005 -11"><span class='ocrx_word' id='word_1_476' title='bbox 1290 1807 1508 1848; x_wconf 86' lang='lat' dir='ltr'><em>teritorum</em></span> <span class='ocrx_word' id='word_1_477' title='bbox 1521 1808 1795 1848; x_wconf 88' lang='lat' dir='ltr'><em>recordantur</em></span> <span class='ocrx_word' id='word_1_478' title='bbox 1809 1823 1818 1858; x_wconf 90' lang='lat'>;</span> <span class='ocrx_word' id='word_1_479' title='bbox 1833 1808 1891 1848; x_wconf 90' lang='lat' dir='ltr'><em>sic</em></span> <span class='ocrx_word' id='word_1_480' title='bbox 1905 1808 1930 1829; x_wconf 89' lang='lat'><em>¹¹</em></span> <span class='ocrx_word' id='word_1_481' title='bbox 1947 1819 1987 1848; x_wconf 88' lang='lat'><em>:«</em></span> <span class='ocrx_word' id='word_1_482' title='bbox 2001 1808 2106 1849; x_wconf 91' lang='lat' dir='ltr'><em>Cum</em></span> <span class='ocrx_word' id='word_1_483' title='bbox 2118 1809 2325 1852; x_wconf 87' lang='lat' dir='ltr'><em>occideret</em></span> 
     </span>
     <span class='ocr_line' id='line_1_72' title="bbox 1289 1878 2321 1931; baseline 0.004 -13"><span class='ocrx_word' id='word_1_484' title='bbox 1289 1889 1374 1927; x_wconf 81' lang='grc'>005,</span> <span class='ocrx_word' id='word_1_485' title='bbox 1397 1879 1647 1931; x_wconf 72' lang='lat' dir='ltr'><em>quaerebant</em></span> <span class='ocrx_word' id='word_1_486' title='bbox 1672 1891 1786 1919; x_wconf 89' lang='lat' dir='ltr'><em>eum.</em></span> <span class='ocrx_word' id='word_1_487' title='bbox 1810 1892 1829 1915; x_wconf 80' lang='lat'><em>›)</em></span> <span class='ocrx_word' id='word_1_488' title='bbox 1869 1878 2076 1922; x_wconf 78' lang='lat' dir='ltr'><em>Viderunt</em></span> <span class='ocrx_word' id='word_1_489' title='bbox 2110 1891 2215 1930; x_wconf 71' lang='lat' dir='ltr'><em>earn,</em></span> <span class='ocrx_word' id='word_1_490' title='bbox 2241 1882 2321 1922; x_wconf 89' lang='grc'>501-</span> 
     </span>
     <span class='ocr_line' id='line_1_73' title="bbox 1289 1948 2323 2003; baseline 0.004 -15"><span class='ocrx_word' id='word_1_491' title='bbox 1289 1949 1386 1989; x_wconf 88' lang='lat' dir='ltr'><em>licet</em></span> <span class='ocrx_word' id='word_1_492' title='bbox 1425 1948 1683 2000; x_wconf 86' lang='lat' dir='ltr'><em>Jerusalem,</em></span> <span class='ocrx_word' id='word_1_493' title='bbox 1719 1950 1761 1989; x_wconf 89' lang='lat' dir='ltr'><em>id</em></span> <span class='ocrx_word' id='word_1_494' title='bbox 1789 1952 1851 1990; x_wconf 88' lang='lat' dir='ltr'><em>est</em></span> <span class='ocrx_word' id='word_1_495' title='bbox 1878 1950 2021 1991; x_wconf 88' lang='lat' dir='ltr'><em>anima</em></span> <span class='ocrx_word' id='word_1_496' title='bbox 2060 1952 2323 2003; x_wconf 85' lang='lat' dir='ltr'><em>contempla-</em></span> 
     </span>
     <span class='ocr_line' id='line_1_74' title="bbox 1290 2020 2321 2071; baseline 0.006 -12"><span class='ocrx_word' id='word_1_497' title='bbox 1290 2020 1402 2070; x_wconf 86' lang='lat' dir='ltr'><em>tiva;</em></span> <span class='ocrx_word' id='word_1_498' title='bbox 1437 2021 1586 2070; x_wconf 77' lang='lat' dir='ltr'><em>hostes,</em></span> <span class='ocrx_word' id='word_1_499' title='bbox 1617 2021 1659 2060; x_wconf 90' lang='lat' dir='ltr'><em>id</em></span> <span class='ocrx_word' id='word_1_500' title='bbox 1691 2022 1767 2071; x_wconf 84' lang='lat' dir='ltr'><em>est,</em></span> <span class='ocrx_word' id='word_1_501' title='bbox 1802 2021 2031 2062; x_wconf 67' lang='lat' dir='ltr'><em>daemones.</em></span> <span class='ocrx_word' id='word_1_502' title='bbox 2067 2022 2122 2064; x_wconf 85' lang='lat' dir='ltr'><em>El</em></span> <span class='ocrx_word' id='word_1_503' title='bbox 2157 2022 2321 2065; x_wconf 80' lang='lat' dir='ltr'><em>derise-</em></span> 
     </span>
     <span class='ocr_line' id='line_1_75' title="bbox 1290 2092 2322 2142; baseline 0.002 -9"><span class='ocrx_word' id='word_1_504' title='bbox 1290 2096 1406 2142; x_wconf 75' lang='lat' dir='ltr'><em>runt,</em></span> <span class='ocrx_word' id='word_1_505' title='bbox 1446 2095 1521 2133; x_wconf 84' lang='lat' dir='ltr'><em>etc.</em></span> <span class='ocrx_word' id='word_1_506' title='bbox 1568 2105 1577 2132; x_wconf 95' lang='lat'><strong>:</strong></span> <span class='ocrx_word' id='word_1_507' title='bbox 1613 2092 1812 2133; x_wconf 86' lang='lat' dir='ltr'><em>Rabanus</em></span> <span class='ocrx_word' id='word_1_508' title='bbox 1854 2107 1863 2132; x_wconf 80' lang='lat' dir='ltr'><em>t</em></span> <span class='ocrx_word' id='word_1_509' title='bbox 1907 2108 1925 2131; x_wconf 77' lang='grc' dir='ltr'>α</span> <span class='ocrx_word' id='word_1_510' title='bbox 1953 2093 2101 2134; x_wconf 90' lang='lat' dir='ltr'><em>Hostes</em></span> <span class='ocrx_word' id='word_1_511' title='bbox 2131 2094 2322 2136; x_wconf 84' lang='lat' dir='ltr'><em>videntes</em></span> 
     </span>
     <span class='ocr_line' id='line_1_76' title="bbox 1289 2163 2319 2217; baseline 0.003 -15"><span class='ocrx_word' id='word_1_512' title='bbox 1289 2164 1477 2211; x_wconf 87' lang='lat' dir='ltr'><em>sabbata,</em></span> <span class='ocrx_word' id='word_1_513' title='bbox 1495 2163 1699 2213; x_wconf 85' lang='lat' dir='ltr'><em>derident,</em></span> <span class='ocrx_word' id='word_1_514' title='bbox 1720 2176 1818 2203; x_wconf 89' lang='lat' dir='ltr'><em>cum</em></span> <span class='ocrx_word' id='word_1_515' title='bbox 1839 2163 2018 2216; x_wconf 87' lang='lat' dir='ltr'><em>maligni</em></span> <span class='ocrx_word' id='word_1_516' title='bbox 2036 2164 2209 2217; x_wconf 87' lang='lat' dir='ltr'><em>spiritus</em></span> <span class='ocrx_word' id='word_1_517' title='bbox 2228 2164 2319 2217; x_wconf 84' lang='lat' dir='ltr'><em>ipsa</em></span> 
     </span>
     <span class='ocr_line' id='line_1_77' title="bbox 1290 2235 2323 2289; baseline 0.003 -15"><span class='ocrx_word' id='word_1_518' title='bbox 1290 2235 1519 2275; x_wconf 88' lang='lat' dir='ltr'><em>vacationis</em></span> <span class='ocrx_word' id='word_1_519' title='bbox 1550 2236 1635 2275; x_wconf 88' lang='lat' dir='ltr'><em>otia</em></span> <span class='ocrx_word' id='word_1_520' title='bbox 1662 2236 1714 2276; x_wconf 89' lang='lat' dir='ltr'><em>ad</em></span> <span class='ocrx_word' id='word_1_521' title='bbox 1747 2236 2025 2288; x_wconf 87' lang='lat' dir='ltr'><em>cogitationes</em></span> <span class='ocrx_word' id='word_1_522' title='bbox 2043 2236 2209 2276; x_wconf 85' lang='lat' dir='ltr'><em>illicitas</em></span> <span class='ocrx_word' id='word_1_523' title='bbox 2225 2249 2323 2289; x_wconf 87' lang='lat' dir='ltr'><em>per-</em></span> 
     </span>
     <span class='ocr_line' id='line_1_78' title="bbox 1288 2306 2323 2360; baseline 0.004 -15"><span class='ocrx_word' id='word_1_524' title='bbox 1288 2306 1464 2346; x_wconf 87' lang='lat' dir='ltr'><em>trahunt</em></span> <span class='ocrx_word' id='word_1_525' title='bbox 1486 2321 1494 2347; x_wconf 90' lang='lat'>:</span> <span class='ocrx_word' id='word_1_526' title='bbox 1517 2318 1803 2359; x_wconf 73' lang='lat' dir='ltr'><em>unaqiiaequae</em></span> <span class='ocrx_word' id='word_1_527' title='bbox 1825 2307 1937 2346; x_wconf 87' lang='lat' dir='ltr'><em>enim</em></span> <span class='ocrx_word' id='word_1_528' title='bbox 1967 2307 2110 2347; x_wconf 87' lang='lat' dir='ltr'><em>anima</em></span> <span class='ocrx_word' id='word_1_529' title='bbox 2126 2341 2136 2357; x_wconf 85' lang='lat'><em>‚</em></span> <span class='ocrx_word' id='word_1_530' title='bbox 2160 2319 2246 2360; x_wconf 86' lang='lat' dir='ltr'><em>quo</em></span> <span class='ocrx_word' id='word_1_531' title='bbox 2262 2320 2323 2350; x_wconf 84' lang='lat' dir='ltr'><em>re-</em></span> 
     </span>
     <span class='ocr_line' id='line_1_79' title="bbox 1291 2378 2320 2420; baseline 0.004 -4"><span class='ocrx_word' id='word_1_532' title='bbox 1291 2380 1404 2417; x_wconf 90' lang='lat' dir='ltr'><em>mota</em></span> <span class='ocrx_word' id='word_1_533' title='bbox 1418 2378 1470 2417; x_wconf 86' lang='lat' dir='ltr'><em>ab</em></span> <span class='ocrx_word' id='word_1_534' title='bbox 1490 2378 1675 2418; x_wconf 74' lang='lat' dir='ltr'><em>externis</em></span> <span class='ocrx_word' id='word_1_535' title='bbox 1692 2379 1928 2419; x_wconf 84' lang='lat' dir='ltr'><em>actionibus</em></span> <span class='ocrx_word' id='word_1_536' title='bbox 1948 2379 2108 2419; x_wconf 86' lang='lat' dir='ltr'><em>servire</em></span> <span class='ocrx_word' id='word_1_537' title='bbox 2121 2379 2204 2420; x_wconf 89' lang='lat' dir='ltr'><em>Deo</em></span> <span class='ocrx_word' id='word_1_538' title='bbox 2229 2391 2320 2420; x_wconf 86' lang='lat' dir='ltr'><em>cre-</em></span> 
     </span>
     <span class='ocr_line' id='line_1_80' title="bbox 1290 2451 2322 2505; baseline 0.004 -16"><span class='ocrx_word' id='word_1_539' title='bbox 1290 2451 1418 2499; x_wconf 88' lang='lat' dir='ltr'><em>ditur,</em></span> <span class='ocrx_word' id='word_1_540' title='bbox 1444 2463 1493 2490; x_wconf 88' lang='lat' dir='ltr'><em>eo</em></span> <span class='ocrx_word' id='word_1_541' title='bbox 1513 2452 1650 2502; x_wconf 89' lang='lat' dir='ltr'><em>magis</em></span> <span class='ocrx_word' id='word_1_542' title='bbox 1681 2464 1752 2491; x_wconf 86' lang='lat' dir='ltr'><em>cor</em></span> <span class='ocrx_word' id='word_1_543' title='bbox 1781 2453 1994 2504; x_wconf 86' lang='lat' dir='ltr'><em>tyrannidi</em></span> <span class='ocrx_word' id='word_1_544' title='bbox 2027 2453 2172 2493; x_wconf 86' lang='lat' dir='ltr'><em>illicita</em></span> <span class='ocrx_word' id='word_1_545' title='bbox 2201 2453 2322 2505; x_wconf 88' lang='lat' dir='ltr'><em>cogi-</em></span> 
     </span>
     <span class='ocr_line' id='line_1_81' title="bbox 1289 2521 2322 2576; baseline 0.003 -16"><span class='ocrx_word' id='word_1_546' title='bbox 1289 2521 1416 2561; x_wconf 85' lang='lat' dir='ltr'><em>tando</em></span> <span class='ocrx_word' id='word_1_547' title='bbox 1437 2521 1682 2561; x_wconf 85' lang='lat' dir='ltr'><em>famulatur.</em></span> <span class='ocrx_word' id='word_1_548' title='bbox 1716 2521 1857 2562; x_wconf 85' lang='lat' dir='ltr'><em>Sancti</em></span> <span class='ocrx_word' id='word_1_549' title='bbox 1893 2522 2007 2563; x_wconf 89' lang='lat' dir='ltr'><em>enim</em></span> <span class='ocrx_word' id='word_1_550' title='bbox 2044 2523 2151 2573; x_wconf 85' lang='lat' dir='ltr'><em>viri,</em></span> <span class='ocrx_word' id='word_1_551' title='bbox 2184 2523 2259 2576; x_wconf 89' lang='lat' dir='ltr'><em>qui</em></span> <span class='ocrx_word' id='word_1_552' title='bbox 2297 2536 2322 2564; x_wconf 87' lang='lat' dir='ltr'><em>a</em></span> 
     </span>
     <span class='ocr_line' id='line_1_82' title="bbox 1290 2592 2322 2645; baseline 0.004 -15"><span class='ocrx_word' id='word_1_553' title='bbox 1290 2592 1439 2631; x_wconf 90' lang='lat' dir='ltr'><em>mundi</em></span> <span class='ocrx_word' id='word_1_554' title='bbox 1471 2592 1670 2644; x_wconf 88' lang='lat' dir='ltr'><em>operibus</em></span> <span class='ocrx_word' id='word_1_555' title='bbox 1708 2604 1795 2632; x_wconf 91' lang='lat' dir='ltr'><em>non</em></span> <span class='ocrx_word' id='word_1_556' title='bbox 1824 2604 2021 2645; x_wconf 87' lang='lat' dir='ltr'><em>corpore,</em></span> <span class='ocrx_word' id='word_1_557' title='bbox 2057 2593 2129 2633; x_wconf 88' lang='lat' dir='ltr'><em>sed</em></span> <span class='ocrx_word' id='word_1_558' title='bbox 2159 2593 2322 2635; x_wconf 85' lang='lat' dir='ltr'><em>virtute</em></span> 
     </span>
     <span class='ocr_line' id='line_1_83' title="bbox 1290 2662 2323 2717; baseline 0.004 -16"><span class='ocrx_word' id='word_1_559' title='bbox 1290 2662 1475 2714; x_wconf 81' lang='lat' dir='ltr'><em>sapiunt,</em></span> <span class='ocrx_word' id='word_1_560' title='bbox 1502 2662 1753 2703; x_wconf 82' lang='lat' dir='ltr'><em>laboriosius</em></span> <span class='ocrx_word' id='word_1_561' title='bbox 1779 2663 2018 2714; x_wconf 89' lang='lat' dir='ltr'><em>dormiunt,</em></span> <span class='ocrx_word' id='word_1_562' title='bbox 2041 2676 2171 2716; x_wconf 85' lang='lat' dir='ltr'><em>quam</em></span> <span class='ocrx_word' id='word_1_563' title='bbox 2205 2664 2323 2717; x_wconf 85' lang='lat' dir='ltr'><em>vigi-</em></span> 
     </span>
     <span class='ocr_line' id='line_1_84' title="bbox 1289 2733 2321 2786; baseline 0.004 -14"><span class='ocrx_word' id='word_1_564' title='bbox 1289 2733 1375 2773; x_wconf 86' lang='lat' dir='ltr'><em>lare</em></span> <span class='ocrx_word' id='word_1_565' title='bbox 1397 2736 1641 2786; x_wconf 86' lang='lat' dir='ltr'><em>potuerunt.</em></span> <span class='ocrx_word' id='word_1_566' title='bbox 1666 2748 1685 2771; x_wconf 84' lang='lat'><em>›)</em></span> <span class='ocrx_word' id='word_1_567' title='bbox 1708 2734 1805 2775; x_wconf 83' lang='lat' dir='ltr'><em>Haec</em></span> <span class='ocrx_word' id='word_1_568' title='bbox 1827 2734 2039 2775; x_wconf 88' lang='lat' dir='ltr'><em>Rabanus.</em></span> <span class='ocrx_word' id='word_1_569' title='bbox 2062 2735 2112 2775; x_wconf 87' lang='lat' dir='ltr'><em>Et</em></span> <span class='ocrx_word' id='word_1_570' title='bbox 2126 2735 2321 2777; x_wconf 85' lang='lat' dir='ltr'><em>similiter</em></span> 
     </span>
     <span class='ocr_line' id='line_1_85' title="bbox 1292 2804 2322 2857; baseline 0.004 -12"><span class='ocrx_word' id='word_1_571' title='bbox 1292 2804 1547 2856; x_wconf 81' lang='lat' dir='ltr'><em>Gregorius,</em></span> <span class='ocrx_word' id='word_1_572' title='bbox 1573 2817 1700 2857; x_wconf 84' lang='lat' dir='ltr'><em>super</em></span> <span class='ocrx_word' id='word_1_573' title='bbox 1719 2805 1824 2845; x_wconf 90' lang='lat' dir='ltr'><em>illud</em></span> <span class='ocrx_word' id='word_1_574' title='bbox 1842 2805 1920 2847; x_wconf 71' lang='grc' dir='ltr'><em>,1οὂ</em></span> <span class='ocrx_word' id='word_1_575' title='bbox 1943 2807 1970 2831; x_wconf 83' lang='lat'><em>¹²</em></span> <span class='ocrx_word' id='word_1_576' title='bbox 1989 2818 1999 2846; x_wconf 72' lang='grc' dir='ltr'>ε</span> <span class='ocrx_word' id='word_1_577' title='bbox 2025 2806 2201 2852; x_wconf 83' lang='lat' dir='ltr'><em>Quando</em></span> <span class='ocrx_word' id='word_1_578' title='bbox 2222 2807 2322 2850; x_wconf 81' lang='lat' dir='ltr'><em>solet</em></span> 
     </span>
     <span class='ocr_line' id='line_1_86' title="bbox 1290 2877 2316 2929; baseline 0.002 -11"><span class='ocrx_word' id='word_1_579' title='bbox 1290 2887 1413 2929; x_wconf 78' lang='lat' dir='ltr'><em>sopor</em></span> <span class='ocrx_word' id='word_1_580' title='bbox 1425 2888 1623 2929; x_wconf 76' lang='lat' dir='ltr'><em>occupare</em></span> <span class='ocrx_word' id='word_1_581' title='bbox 1638 2877 1843 2926; x_wconf 82' lang='lat' dir='ltr'><em>homines,</em></span> <span class='ocrx_word' id='word_1_582' title='bbox 1857 2877 1906 2918; x_wconf 84' lang='lat' dir='ltr'><em>de</em></span> <span class='ocrx_word' id='word_1_583' title='bbox 1921 2877 2135 2918; x_wconf 84' lang='lat' dir='ltr'><em>desidiosis</em></span> <span class='ocrx_word' id='word_1_584' title='bbox 2153 2879 2251 2920; x_wconf 85' lang='lat' dir='ltr'><em>dicit</em></span> <span class='ocrx_word' id='word_1_585' title='bbox 2263 2880 2292 2905; x_wconf 85' lang='lat'><em>¹³</em></span> <span class='ocrx_word' id='word_1_586' title='bbox 2306 2894 2316 2920; x_wconf 72' lang='grc' dir='ltr'><strong><em>ε</em></strong></span> 
     </span>
     <span class='ocr_line' id='line_1_87' title="bbox 1297 2946 2321 3001; baseline 0.007 -18"><span class='ocrx_word' id='word_1_587' title='bbox 1297 2960 1316 2983; x_wconf 91' lang='lat'>«</span> <span class='ocrx_word' id='word_1_588' title='bbox 1344 2946 1508 2995; x_wconf 81' lang='lat' dir='ltr'><em>Quibus</em></span> <span class='ocrx_word' id='word_1_589' title='bbox 1538 2946 1789 2999; x_wconf 85' lang='lat' dir='ltr'><em>plerumque</em></span> <span class='ocrx_word' id='word_1_590' title='bbox 1823 2947 2051 2999; x_wconf 88' lang='lat' dir='ltr'><em>contingit,</em></span> <span class='ocrx_word' id='word_1_591' title='bbox 2084 2950 2133 2988; x_wconf 91' lang='lat' dir='ltr'><em>ut</em></span> <span class='ocrx_word' id='word_1_592' title='bbox 2162 2951 2321 3001; x_wconf 85' lang='lat' dir='ltr'><em>quanto</em></span> 
     </span>
     <span class='ocr_line' id='line_1_88' title="bbox 1291 3018 2318 3069; baseline 0.002 -11"><span class='ocrx_word' id='word_1_593' title='bbox 1291 3019 1481 3059; x_wconf 86' lang='lat' dir='ltr'><em>securius</em></span> <span class='ocrx_word' id='word_1_594' title='bbox 1529 3019 1581 3058; x_wconf 86' lang='lat' dir='ltr'><em>ab</em></span> <span class='ocrx_word' id='word_1_595' title='bbox 1618 3018 1805 3058; x_wconf 80' lang='lat' dir='ltr'><em>externis</em></span> <span class='ocrx_word' id='word_1_596' title='bbox 1852 3019 2086 3059; x_wconf 88' lang='lat' dir='ltr'><em>actionibus</em></span> <span class='ocrx_word' id='word_1_597' title='bbox 2139 3021 2318 3069; x_wconf 87' lang='lat' dir='ltr'><em>cessant,</em></span> 
     </span>
     <span class='ocr_line' id='line_1_89' title="bbox 1291 3090 2320 3143; baseline 0.001 -13"><span class='ocrx_word' id='word_1_598' title='bbox 1291 3091 1409 3131; x_wconf 87' lang='lat' dir='ltr'><em>tanto</em></span> <span class='ocrx_word' id='word_1_599' title='bbox 1447 3090 1574 3130; x_wconf 85' lang='lat' dir='ltr'><em>latius</em></span> <span class='ocrx_word' id='word_1_600' title='bbox 1617 3090 1851 3131; x_wconf 76' lang='lat' dir='ltr'><em>immundae</em></span> <span class='ocrx_word' id='word_1_601' title='bbox 1889 3090 1933 3130; x_wconf 91' lang='lat' dir='ltr'><em>in</em></span> <span class='ocrx_word' id='word_1_602' title='bbox 1971 3102 2015 3131; x_wconf 87' lang='lat' dir='ltr'><em>se</em></span> <span class='ocrx_word' id='word_1_603' title='bbox 2053 3090 2320 3143; x_wconf 88' lang='lat' dir='ltr'><em>cogitationis</em></span> 
     </span>
     <span class='ocr_line' id='line_1_90' title="bbox 1292 3160 2169 3214; baseline -0.003 -13"><span class='ocrx_word' id='word_1_604' title='bbox 1292 3161 1515 3214; x_wconf 82' lang='lat' dir='ltr'><em>strepitum</em></span> <span class='ocrx_word' id='word_1_605' title='bbox 1547 3173 1622 3214; x_wconf 89' lang='lat' dir='ltr'><em>per</em></span> <span class='ocrx_word' id='word_1_606' title='bbox 1644 3161 1778 3201; x_wconf 90' lang='lat' dir='ltr'><em>otium</em></span> <span class='ocrx_word' id='word_1_607' title='bbox 1805 3160 1855 3214; x_wconf 90' lang='lat' dir='ltr'><em>(a)</em></span> <span class='ocrx_word' id='word_1_608' title='bbox 1879 3164 2128 3213; x_wconf 87' lang='lat' dir='ltr'><em>congerant.</em></span> <span class='ocrx_word' id='word_1_609' title='bbox 2150 3175 2169 3198; x_wconf 79' lang='lat'><em>›&gt;</em></span> 
     </span>
    </p>

    <p class='ocr_par' dir='ltr' id='par_1_8' title="bbox 1345 3230 2319 3284">
     <span class='ocr_line' id='line_1_91' title="bbox 1345 3230 2319 3284; baseline 0 -12"><span class='ocrx_word' id='word_1_610' title='bbox 1345 3235 1385 3272; x_wconf 83' lang='lat'><em>8.</em></span> <span class='ocrx_word' id='word_1_611' title='bbox 1407 3232 1623 3274; x_wconf 86' lang='lat' dir='ltr'><em>Peccatum</em></span> <span class='ocrx_word' id='word_1_612' title='bbox 1637 3233 1838 3284; x_wconf 79' lang='lat' dir='ltr'><em>peccavit,</em></span> <span class='ocrx_word' id='word_1_613' title='bbox 1859 3234 1935 3272; x_wconf 87' lang='lat' dir='ltr'><em>etc.</em></span> <span class='ocrx_word' id='word_1_614' title='bbox 1950 3231 2049 3272; x_wconf 87' lang='lat' dir='ltr'><em>Haec</em></span> <span class='ocrx_word' id='word_1_615' title='bbox 2061 3234 2124 3272; x_wconf 85' lang='lat' dir='ltr'><em>est</em></span> <span class='ocrx_word' id='word_1_616' title='bbox 2138 3230 2319 3272; x_wconf 86' lang='lat' dir='ltr'><em>secunda</em></span> 
     </span>
    </p>
   </div>
   <div class='ocr_carea' id='block_1_7' title="bbox 1291 3359 2320 3500">
    <p class='ocr_par' dir='ltr' id='par_1_9' title="bbox 1291 3359 2320 3500">
     <span class='ocr_line' id='line_1_92' title="bbox 1294 3359 2318 3404; baseline -0.003 -9"><span class='ocrx_word' id='word_1_617' title='bbox 1294 3366 1342 3395; x_wconf 83' lang='lat'><em>15.</em></span> <span class='ocrx_word' id='word_1_618' title='bbox 1362 3381 1403 3387; x_wconf 94' lang='lat'><em>-—</em></span> <span class='ocrx_word' id='word_1_619' title='bbox 1428 3364 1442 3386; x_wconf 79' lang='lat'>⁹</span> <span class='ocrx_word' id='word_1_620' title='bbox 1465 3363 1577 3404; x_wconf 71' lang='lat' dir='ltr'><em>Cam‘.5</em></span> <span class='ocrx_word' id='word_1_621' title='bbox 1599 3372 1631 3402; x_wconf 91' lang='lat'><em>1,</em></span> <span class='ocrx_word' id='word_1_622' title='bbox 1653 3366 1682 3395; x_wconf 85' lang='lat'><em>3.</em></span> <span class='ocrx_word' id='word_1_623' title='bbox 1708 3380 1747 3387; x_wconf 91' lang='lat'><em>—-</em></span> <span class='ocrx_word' id='word_1_624' title='bbox 1775 3364 1797 3383; x_wconf 83' lang='lat'><em>¹·</em></span> <span class='ocrx_word' id='word_1_625' title='bbox 1817 3362 1939 3400; x_wconf 68' lang='lat' dir='ltr'><em>Eccle„</em></span> <span class='ocrx_word' id='word_1_626' title='bbox 1961 3369 2026 3401; x_wconf 86' lang='lat' dir='ltr'><em>v11,</em></span> <span class='ocrx_word' id='word_1_627' title='bbox 2047 3361 2096 3392; x_wconf 75' lang='lat'><em>14.</em></span> <span class='ocrx_word' id='word_1_628' title='bbox 2116 3376 2158 3383; x_wconf 91' lang='lat'>—</span> <span class='ocrx_word' id='word_1_629' title='bbox 2184 3359 2204 3378; x_wconf 83' lang='lat'><em>¹¹</em></span> <span class='ocrx_word' id='word_1_630' title='bbox 2226 3360 2318 3392; x_wconf 77' lang='lat' dir='ltr'><em>Psal.</em></span> 
     </span>
     <span class='ocr_line' id='line_1_93' title="bbox 1291 3407 2318 3452; baseline -0.004 -10"><span class='ocrx_word' id='word_1_631' title='bbox 1291 3418 1430 3450; x_wconf 78' lang='lat' dir='ltr'><em>Lxxvu,</em></span> <span class='ocrx_word' id='word_1_632' title='bbox 1459 3412 1511 3442; x_wconf 72' lang='lat'><em>34.</em></span> <span class='ocrx_word' id='word_1_633' title='bbox 1532 3427 1572 3434; x_wconf 91' lang='lat'>-</span> <span class='ocrx_word' id='word_1_634' title='bbox 1606 3412 1630 3432; x_wconf 81' lang='lat'><em>¹²</em></span> <span class='ocrx_word' id='word_1_635' title='bbox 1656 3411 1735 3452; x_wconf 83' lang='lat' dir='ltr'><em>Job,</em></span> <span class='ocrx_word' id='word_1_636' title='bbox 1767 3418 1800 3451; x_wconf 82' lang='grc' dir='ltr'><em>ν,</em></span> <span class='ocrx_word' id='word_1_637' title='bbox 1831 3412 1879 3442; x_wconf 89' lang='grc'><em>13.</em></span> <span class='ocrx_word' id='word_1_638' title='bbox 1911 3426 1949 3433; x_wconf 91' lang='grc'>-</span> <span class='ocrx_word' id='word_1_639' title='bbox 1982 3409 2005 3430; x_wconf 82' lang='lat'><em>¹³</em></span> <span class='ocrx_word' id='word_1_640' title='bbox 2034 3409 2148 3448; x_wconf 73' lang='lat' dir='ltr'><em>Greg...</em></span> <span class='ocrx_word' id='word_1_641' title='bbox 2182 3407 2318 3446; x_wconf 62' lang='lat' dir='ltr'><em>Merui„</em></span> 
     </span>
     <span class='ocr_line' id='line_1_94' title="bbox 1291 3453 2320 3500; baseline -0.002 -11"><span class='ocrx_word' id='word_1_642' title='bbox 1291 3457 1348 3490; x_wconf 89' lang='lat' dir='ltr'><em>lib.</em></span> <span class='ocrx_word' id='word_1_643' title='bbox 1369 3459 1410 3499; x_wconf 83' lang='lat' dir='ltr'><em>V,</em></span> <span class='ocrx_word' id='word_1_644' title='bbox 1423 3467 1452 3490; x_wconf 89' lang='lat' dir='ltr'><em>c.</em></span> <span class='ocrx_word' id='word_1_645' title='bbox 1467 3466 1553 3498; x_wconf 76' lang='lat' dir='ltr'><em>xxti,</em></span> <span class='ocrx_word' id='word_1_646' title='bbox 1565 3458 1608 3491; x_wconf 84' lang='lat' dir='ltr'><em>al.</em></span> <span class='ocrx_word' id='word_1_647' title='bbox 1621 3466 1694 3500; x_wconf 77' lang='grc'>11111,</span> <span class='ocrx_word' id='word_1_648' title='bbox 1706 3468 1742 3498; x_wconf 87' lang='lat' dir='ltr'><em>n,</em></span> <span class='ocrx_word' id='word_1_649' title='bbox 1754 3459 1852 3491; x_wconf 79' lang='lat'><em>55.—</em></span> <span class='ocrx_word' id='word_1_650' title='bbox 1863 3457 1910 3498; x_wconf 83' lang='lat' dir='ltr'><em>(a)</em></span> <span class='ocrx_word' id='word_1_651' title='bbox 1925 3456 2003 3489; x_wconf 86' lang='lat' dir='ltr'><em>Caet.</em></span> <span class='ocrx_word' id='word_1_652' title='bbox 2017 3455 2097 3488; x_wconf 82' lang='lat' dir='ltr'><em>edit.</em></span> <span class='ocrx_word' id='word_1_653' title='bbox 2110 3453 2190 3486; x_wconf 87' lang='lat' dir='ltr'><em>add.</em></span> <span class='ocrx_word' id='word_1_654' title='bbox 2204 3463 2320 3490; x_wconf 86' lang='lat' dir='ltr'><em>omne.</em></span> 
     </span>
    </p>
   </div>
  </div>
 </body>
</html>
