2634 3853
295 50 373 88 224

294 135 534 188 praedicatio
557 138 649 189 eJus
666 137 944 189 praefigurata
964 136 1043 176 suit
1063 136 1107 174 in
1126 132 1325 185 praedica-

294 206 409 247 tione
444 206 578 259 Moysi
600 208 634 247 ¹:
662 223 681 245 (ι
704 207 844 248 Estote
869 206 1003 259 parati
1032 205 1076 244 in
1101 204 1213 244 diem
1240 206 1323 242 ter-

294 276 422 326 tium;
445 291 464 314 »
489 280 536 317 ut
555 277 810 330 accipiamus
837 277 948 318 diem
974 287 1050 329 pro
1070 287 1203 324 anno,
1225 273 1325 326 qnia

294 347 419 388 tertio
456 359 566 387 anno
610 350 701 399 post
741 347 1083 399 praedicationem
1122 344 1295 386 Joannis
1312 376 1322 394 ,

295 416 484 458 Christus
508 421 649 469 aperte
679 418 939 470 praedicavit.
973 417 1041 458 Sic
1067 428 1245 457 exorsus
1265 417 1327 455 est

297 486 468 529 Samuel
499 489 511 509 '³
535 501 544 527 :
585 504 603 525 α
633 488 872 541 Praeparate
910 488 1034 528 corda
1072 489 1212 528 vestra
1250 485 1326 525 Do-

294 558 431 607 mino,
454 572 472 594 n
497 561 574 598 etc.
600 558 667 598 Sic
687 562 727 598 et
755 559 894 599 omnis
922 558 1185 610 praedicator.
1209 555 1326 597 Unde

294 626 429 668 Beda:
459 644 477 663 «
498 628 575 675 Qui
602 628 729 668 fidem
758 631 799 669 et
826 641 953 681 opera
981 628 1203 679 praedicat,
1225 625 1326 678 quid

294 697 427 746 aliud,
451 710 580 749 quam
600 699 786 739 venienti
815 699 994 739 Domino
1023 699 1075 739 ad
1105 697 1230 738 corda
1253 709 1326 737 au-

293 767 499 808 dientium
519 769 634 809 viam
654 774 890 822 praeparat?
911 783 930 807 n

348 842 411 879 18.
446 841 486 880 E
490 844 507 882 c
538 839 659 882 (lixit
689 840 952 890 Zacharias,
983 843 1059 880 etc.
1100 838 1323 891 Descripsit

294 909 410 950 Evan
415 910 565 961 gelista
580 911 895 963 conceptionem
907 910 1184 950 Praecursoris
1197 922 1327 962 quan-

292 984 383 1020 tum
401 981 452 1020 ad
473 984 695 1033 parentum
718 981 998 1021 conditionem
1022 984 1062 1021 et
1082 980 1325 1032 angelicam

291 1051 635 1104 promissionem3
677 1052 746 1092 hic
790 1051 988 1092 describit
1026 1055 1235 1104 quantum
1274 1052 1323 1092 ad

291 1122 582 1173 promissionis
603 1123 971 1164 confirmationem
985 1156 994 1172 ,
1016 1134 1147 1175 quam
1169 1122 1326 1163 descri-

290 1191 351 1232 bit
371 1192 451 1233 hoc
469 1193 633 1234 ordine.
654 1194 798 1234 Primo
815 1194 930 1234 enim
951 1193 1235 1234 introducitur
1250 1193 1325 1234 du-

290 1263 423 1303 bietas
446 1265 693 1313 sacerdotis3
717 1264 901 1305 secundo
922 1264 1147 1304 auctoritas
1168 1264 1322 1312 nuntii,

292 1333 349 1373 ibi
382 1335 437 1386 (v.
469 1338 529 1377 119:
560 1350 567 1375 :
594 1335 650 1377 Ec
678 1334 935 1387 respondens
962 1335 1173 1386 Αηῃεῑιιε,
1203 1335 1325 1375 tertio

295 1405 470 1456 signum
484 1405 767 1455 auctoritatis,
786 1405 845 1445 ibi
867 1408 924 1455 (v.
946 1405 1008 1457 20)
1031 1419 1038 1445 :
1058 1405 1114 1447 Εἰ
1135 1416 1221 1446 ecce
1241 1406 1325 1447 erz‘s

296 1480 452 1527 tacens,
475 1479 624 1529 quarto
645 1476 903 1517 evidentiam
920 1476 1050 1527 signi,
1068 1476 1126 1516 ibi
1148 1476 1204 1527 (v.
1222 1477 1284 1528 21)
1310 1491 1318 1516 :

294 1548 349 1589 Et
373 1552 462 1590 erat
482 1548 592 1600 plebs
610 1553 849 1600 expectans.
872 1547 1103 1588 Introducit
1124 1559 1229 1598 ergo
1250 1548 1325 1588 du-

291 1619 538 1659 bitationem
561 1619 810 1668 sacerdotis,
835 1630 933 1658 cum
957 1618 1056 1657 dicit
1079 1632 1087 1657 :
1120 1619 1174 1659 Ec
1202 1618 1325 1661 aava

291 1690 533 1731 Zacharias
560 1689 617 1731 ad
642 1689 848 1742 Anqelam
871 1703 879 1729 :
914 1689 1028 1730 Unde
1061 1689 1135 1732 hoc
1155 1691 1290 1732 sciam
1309 1706 1324 1731 .-

290 1760 332 1801 1(1
353 1764 430 1809 est,
446 1773 529 1813 quo
542 1761 665 1812 signo
680 1761 967 1801 certificabor‘?
983 1764 996 1785 3
1018 1776 1037 1798 ((
1049 1760 1185 1801 Judaei
1201 1761 1324 1812 signa

293 1834 456 1885 petunt,
473 1835 513 1872 et
527 1832 660 1872 Graeci
675 1832 922 1884 sapientiam
934 1834 1152 1885 quaerunt.
1172 1846 1190 1870 ›)
1207 1831 1324 1873 Unde

293 1905 416 1951 nota,
438 1902 551 1954 quod
571 1902 743 1954 quidam
772 1902 898 1954 signa
924 1904 1123 1954 quaerunt
1153 1904 1324 1954 propter

293 1972 623 2024 publicationem
651 1972 786 2013 divini
813 1972 1033 2025 promissi,
1056 1973 1164 2013 sicut
1186 1972 1320 2013 Abra-

293 2042 395 2083 ham
414 2043 428 2064 ⁴
450 2057 489 2083 :a
509 2043 683 2083 Domine
701 2043 825 2092 Deus,
849 2043 962 2084 unde
989 2043 1097 2083 scire
1125 2056 1319 2096 possum,

294 2113 408 2166 quod
422 2126 693 2166 possessurus
711 2114 792 2154 sim
811 2116 997 2155 terram?
1017 2129 1036 2152 »
1064 2113 1244 2163 Quidam
1261 2127 1325 2155 re-

295 2187 442 2225 cusant
462 2187 633 2237 propter
651 2184 977 2225 obstinationem
993 2184 1133 2225 delicti
1147 2186 1321 2238 proprii,

295 2255 403 2296 sicut
420 2255 560 2296 Achaz
579 2259 592 2280 5
616 2268 626 2296 ε
655 2271 673 2293 «
692 2254 790 2296 Pete
809 2255 885 2295 tibi
905 2255 1081 2307 signum
1102 2268 1127 2295 a
1148 2255 1324 2297 Domino

294 2324 378 2365 Deo
396 2328 482 2376 tuo,
498 2340 517 2363 ›>
543 2328 620 2366 etc.
640 2324 819 2374 Quidam
832 2338 935 2367 vero
957 2326 1182 2379 requirunt
1202 2339 1326 2379 prop-

293 2398 358 2436 ter
395 2396 706 2437 haesitationem
743 2397 897 2448 animi,
939 2398 1047 2438 sicut
1081 2397 1321 2448 Zacharias3

295 2468 410 2509 unde
442 2468 668 2520 subjUngit
695 2469 904 2509 rationem
923 2469 1145 2509 dubitandi
1188 2480 1197 2508 τ
1236 2470 1324 2521 qu

297 2539 411 2581 enim
430 2550 525 2580 sam
551 2549 701 2589 senem,
730 2543 767 2580 et
791 2550 904 2580 uxor
928 2550 1020 2581 mea
1047 2540 1254 2591 processit
1277 2541 1325 2581 in

297 2609 445 2651 diebus
457 2610 564 2651 sais.
581 2609 631 2649 Et
645 2610 704 2648 ita
715 2609 957 2661 impotestas
973 2621 1026 2649 ex
1039 2612 1157 2662 parte
1172 2610 1326 2650 utrius-

296 2691 378 2732 que
405 2679 610 2732 parentis,
632 2684 672 2720 et
687 2681 778 2732 J'am
797 2691 883 2720 non
904 2683 966 2720 est
992 2684 1161 2733 tempus
1193 2692 1322 2732 gene-

296 2750 442 2799 randi,
465 2750 537 2790 sed
558 2749 711 2802 potius,
733 2750 965 2790 secundum
985 2750 1089 2791 illud
1114 2751 1126 2772 ὃ
1147 2764 1187 2791 :«
1208 2751 1326 2792 Tem-

296 2832 378 2873 pus
394 2823 457 2861 est
475 2820 602 2872 longe
623 2820 715 2860 fieri
736 2820 787 2860 ab
809 2820 1090 2873 amplexibus.
1117 2836 1136 2859 »
1162 2822 1212 2862 Et
1231 2822 1324 2863 ideo

297 2891 527 2940 dubitabat,
545 2894 583 2930 et
597 2891 832 2931 haesitabat.
849 2892 904 2931 At
917 2904 1003 2932 non
1018 2893 1077 2932 sic
1090 2892 1322 2943 Abraham,

298 2962 350 3003 de
369 2974 453 3014 quo
473 2962 486 2983 ⁷
504 2974 514 3001 :
530 2961 706 3002 «Etnon
722 2962 964 3003 infirmatus
983 2966 1044 3004 est
1063 2964 1108 3004 in
1127 2964 1225 3015 fide,
1248 2977 1326 3005 nec

299 3033 577 3074 consideravit
595 3045 746 3085 corpus
773 3046 902 3074 suum
931 3038 1175 3076 emortuum
1191 3067 1201 3086 ,
1225 3047 1325 3075 cum

298 3104 385 3144 fere
412 3106 582 3144 centum
613 3115 826 3144 annorum
855 3107 986 3156 esset,
1015 3108 1055 3146 et
1085 3109 1325 3147 emortuam

343 3234 493 3276 ιΕ.1εο(]ἶ.,
513 3242 591 3275 xlx,
617 3236 667 3266 11.
689 3249 730 3256 —
747 3234 904 3274 21Re9.,
924 3241 990 3275 vn,
1012 3236 1043 3266 3.
1063 3251 1104 3257 —
1124 3234 1166 3265 ³1
1190 3235 1279 3274 Cor„
1300 3244 1323 3277 1,

300 3285 351 3315 22.
372 3301 414 3308 —
440 3283 454 3305 Β
481 3282 576 3321 Gen„
604 3289 663 3322 xv,
683 3282 713 3313 8.
733 3297 773 3304 —
802 3281 813 3299 ⁵
832 3283 913 3321 Isa.‚
937 3289 1005 3322 vu,
1034 3285 1083 3314 11,
1102 3299 1144 3305 —-
1171 3283 1183 3300 ⁵
1206 3282 1325 3324 Eccle.,

301 3337 360 3371 111,
379 3332 411 3363 5.
432 3348 468 3355 -
496 3331 511 3353 ⁷
536 3330 640 3370 Rom,
672 3336 719 3370 1v,
747 3330 797 3369 19,
821 3329 935 3360 211-
959 3328 974 3350 ²³
998 3328 1099 3369 Dan„
1120 3336 1188 3370 vn,
1215 3332 1264 3362 10.
1285 3347 1326 3355 -

1020 42 1303 87 EVANGELII
1335 41 1523 84 SANCTI
1552 44 1700 86 LUCAE

1399 132 1575 173 vulvam
1596 133 1726 173 Sarae.
1750 133 1797 173 ln
1814 135 2090 185 promissione
2103 137 2229 178 etiam
2252 136 2325 177 Dei
2341 147 2428 177 non

1399 202 1611 243 haesitavit
1626 203 1876 253 diffidentia;
1894 206 1965 246 sed
1979 207 2239 249 confortatus
2253 210 2316 249 est
2329 207 2426 257 fide,

1401 273 1505 313 dans
1531 274 1712 325 gloriam
1743 274 1846 323 Deo;
1883 275 2126 327 plenissime
2157 278 2309 329 sciens,
2332 278 2430 330 quia

1400 354 1681 397 quaecumque
1702 344 1908 397 promisit,
1931 349 2077 397 potens
2097 350 2160 387 est
2179 351 2221 387 et
2236 348 2387 389 facere.
2404 362 2423 385 »

1401 412 1518 454 Unde
1547 416 1756 455 Abraham
1790 415 1986 466 credidit,
2023 417 2123 469 quia
2152 418 2443 458 consideravit>

1401 484 1591 525 divinam
1608 486 1840 538 potentiam
1854 501 1863 535 ;
1881 487 1952 526 sed
1965 486 2186 527 Zacharias
2202 487 2428 535 haesitavit,

1400 555 1502 606 quia
1532 557 1811 597 consideravit
1841 557 1979 597 solum
2009 557 2245 598 humanam
2279 562 2430 610 poten-

1400 628 1519 667 tiam.
1544 628 1590 668 In
1613 641 1699 681 quo
1726 629 1993 679 instruimur,
2020 630 2133 682 quod
2151 630 2195 669 in
2217 630 2432 671 miraculis

1401 699 1691 750 aspiciendum
1716 704 1776 741 est
1795 701 1839 740 in
1859 713 2004 741 causas
2024 701 2276 754 superiores.

1456 773 1520 810 «19.
1543 771 1598 811 Et
1616 772 1873 823 respondens
1894 772 2078 825 Anqelus
2107 772 2227 815 dioez't
2253 773 2315 823 ei,
2351 775 2428 813 etc.

1401 840 1477 881 Hic
1506 844 1679 882 notatur
1709 843 1849 883 nuntii
1880 844 2110 884 auctoritas
2145 846 2355 896 quantum
2381 843 2433 884 ad

1400 910 1606 951 virtutem
1624 913 1995 965 contemplativam
2009 917 2048 955 et
2069 917 2278 967 quantum
2295 914 2347 954 ad
2365 914 2434 954 ad-

1399 982 1742 1023 ministrativam.
1756 983 1971 1031 Quantum
1981 984 2033 1024 ad
2041 984 2429 1036 contemplativam,

1400 1053 1533 1093 dicit:
1561 1053 1648 1106 qu
1674 1065 1768 1095 sam
1802 1054 1988 1104 Gabriel,
2022 1056 2098 1107 qui
2129 1058 2219 1096 asto
2253 1054 2303 1106 (a)
2336 1058 2432 1096 ante

1399 1124 1551 1165 Deum.
1575 1123 1588 1144 ⁸
1615 1125 1796 1166 «Decies
1822 1125 1975 1165 millies
2004 1128 2180 1166 centena
2205 1125 2336 1165 millia
2367 1137 2431 1165 as-

1400 1194 1602 1235 sistebant
1621 1195 1680 1245 ei;
1702 1211 1721 1232 »
1748 1199 1788 1236 et
1811 1196 1923 1236 inter
1951 1196 2030 1236 hos
2060 1199 2149 1236 erat
2178 1195 2357 1236 Gabriel.
2382 1194 2433 1235 Et

1400 1264 1494 1305 ideo
1508 1265 1612 1305 dixit
1628 1266 1777 1317 regina
1797 1265 1966 1306 Sabain
1984 1266 2130 1317 figura
2149 1265 2365 1306 Salomoni
2384 1266 2398 1287 ⁹
2418 1280 2427 1306 ε

1406 1350 1425 1373 α
1444 1333 1560 1375 Beati
1586 1335 1667 1375 viri
1687 1336 1769 1386 tui,
1794 1340 1835 1377 et
1863 1336 1972 1377 beati
2009 1336 2121 1377 servi
2145 1336 2210 1376 tui
2235 1336 2329 1386 hic,
2358 1337 2432 1389 qui

1400 1407 1510 1445 stant
1525 1417 1666 1445 coram
1679 1409 1721 1446 te
1736 1418 1916 1459 semper,
1934 1409 1974 1447 et
1988 1407 2168 1447 audiunt
2181 1406 2431 1458 sapientiam

1399 1478 1568 1516 tuam.»
1594 1475 1679 1516 Hoc
1697 1477 1802 1517 vidit
1822 1477 2020 1517 Michaeas
2041 1478 2069 1498 ¹⁰
2088 1491 2096 1516 ε
2122 1477 2262 1527 «Vidi,
2279 1477 2429 1530 inquit,

1401 1547 1629 1588 Dominum
1651 1548 1866 1588 sedentem
1894 1560 2021 1600 super
2042 1548 2196 1589 solium
2217 1561 2370 1599 suum,
2393 1553 2433 1589 et

1399 1630 1571 1658 omnem
1591 1619 1828 1660 exercitum
1843 1619 1936 1660 coeli
1951 1620 2214 1661 assistentem
2231 1621 2271 1661 ei
2292 1633 2317 1660 a
2333 1620 2432 1662 dex-

1398 1689 1475 1728 tris
1495 1693 1534 1729 et
1556 1689 1750 1730 sinistris.
1772 1704 1791 1727 ))
1826 1690 2005 1731 Notatur
2034 1703 2142 1743 ergo
2172 1691 2362 1743 dignitas
2388 1692 2433 1731 in

1399 1759 1654 1809 assistendo,
1687 1763 1729 1801 et
1749 1763 1921 1801 notatur
1949 1761 1994 1801 in
2026 1762 2107 1802 hoc
2127 1762 2355 1802 auctoritas
2388 1762 2431 1802 in

1400 1830 1703 1872 denuntiando.
1728 1830 1943 1880 Quantum
1963 1832 2016 1873 ad
2029 1833 2318 1874 ministerium
2334 1832 2431 1873 mis-

1400 1900 1553 1951 sionis,
1577 1901 1675 1942 dicit
1696 1917 1704 1942 :
1727 1902 1781 1944 Εῑ
1802 1904 1958 1945 missus
1980 1914 2075 1944 sam
2097 1903 2214 1956 loqui
2232 1903 2290 1945 ad
2313 1906 2369 1954 te,
2392 1908 2433 1946 et

1400 1970 1487 2012 haec
1509 1971 1590 2013 tibi
1605 1973 1918 2024 evangelizare.
1944 1973 2058 2014 Unde
2075 1974 2126 2015 de
2144 1986 2327 2015 numero
2344 1973 2434 2014 illo-

1399 2054 1498 2082 rum
1517 2044 1620 2093 erat,
1642 2043 1692 2083 de
1713 2043 1870 2095 quibus
1885 2045 2089 2096 scriptum
2107 2047 2170 2085 est
2186 2045 2211 2066 ¹¹
2231 2059 2272 2085 t«
2286 2044 2434 2086 Nonne

1399 2125 1547 2153 omnes
1560 2116 1660 2153 sunt
1675 2113 2021 2154 administratorii
2035 2115 2210 2167 spiritus
2229 2116 2275 2155 in
2289 2116 2433 2156 minis-

1399 2184 1557 2224 terium
1590 2184 1731 2235 missi,
1762 2199 1780 2222 »
1818 2186 1927 2226 etc.‘?
1955 2185 2125 2235 Missus,
2157 2185 2359 2238 inquam,
2392 2188 2433 2226 et

1398 2252 1537 2306 loqui,
1563 2256 1604 2294 et
1633 2254 1925 2306 evangelizare
1947 2255 2014 2308 (b).
2041 2255 2089 2295 In
2117 2255 2286 2308 loquela
2317 2255 2433 2296 enim

1399 2327 1460 2365 est
1472 2324 1751 2376 intelligenda
1769 2326 1984 2378 expressio
1998 2326 2188 2367 veritatis
2209 2327 2238 2349 ¹²
2263 2341 2272 2367 z
2290 2342 2310 2366 c<
2329 2326 2434 2367 Ecce

1399 2395 1466 2436 vir
1487 2395 1653 2436 Gabriel
1674 2408 1803 2449 quem
1824 2397 2017 2438 videram
2037 2398 2082 2437 in
2099 2397 2262 2439 visione
2281 2410 2307 2438 a
2322 2398 2433 2450 prin-

1400 2467 1510 2520 cipio
1528 2500 1538 2518 ,
1562 2468 1642 2508 cito
1667 2468 1817 2509 volans
1836 2468 1978 2520 tetigit
1998 2481 2067 2509 me
2090 2469 2137 2508 in
2155 2471 2344 2522 tempore
2364 2481 2430 2509 sa-

1401 2537 1549 2578 crificii
1568 2537 1822 2590 vespertini,
1855 2541 1896 2578 et
1918 2530 2073 2579 docuit
2088 2550 2180 2589 me,
2203 2541 2244 2579 et
2264 2539 2433 2580 locutus

1402 2610 1465 2648 est.
1485 2608 1608 2648 mihi.
1630 2621 1648 2645 n
1681 2607 1729 2647 In
1758 2608 2121 2659 evangelizatione
2141 2619 2246 2649 vero
2277 2608 2433 2648 intelli-

1401 2679 1541 2730 genda
1558 2681 1620 2719 est
1636 2678 1899 2719 denuntiatio
1912 2679 2112 2719 bonitatis
2129 2693 2137 2719 :
2155 2678 2432 2730 evangelium

1401 2750 1515 2790 enim
1549 2753 1611 2790 est.
1638 2750 1749 2791 hona
1780 2750 2070 2791 nuntiat10232
2104 2749 2195 2790 «Et
2220 2749 2434 2802 respondit

1401 2821 1607 2862 Dominus
1638 2821 1827 2873 Angelo,
1864 2821 1938 2874 qui
1974 2820 2228 2873 loquebatur
2260 2820 2305 2859 in
2337 2832 2430 2871 me,
2488 2858 2492 2859 ⁷

1400 2892 1533 2933 verba
1553 2891 1686 2942 bona,
1705 2892 1838 2933 verba
1857 2891 2148 2932 consolatoria.
2168 2904 2188 2928 ›)
2218 2889 2335 2930 Unde
2355 2890 2432 2931 de-

1400 2963 1525 3003 bebat
1539 2963 1577 3002 ei
1593 2962 1731 3003 dicere
1745 2962 1852 3003 illud
1867 2962 1896 2984 ¹¹'
1917 2976 1957 3002 z«
1973 2961 2200 3013 Ingredere
2217 2993 2226 3012 ,
2246 2961 2347 3014 quia
2364 2962 2433 3003 vir

1401 3033 1521 3074 fortis
1539 3045 1607 3083 65,
1637 3035 1679 3074 et
1700 3034 1810 3074 bona
1837 3033 2054 3073 nuntians.
2085 3046 2104 3069 ›)
2130 3031 2298 3073 Gabriel
2318 3032 2432 3073 enim

1401 3165 1412 3183 ⁹
1433 3165 1475 3196 111
1496 3165 1588 3205 aeq„
1610 3172 1646 3204 x,
1666 3165 1696 3197 8.
1718 3181 1756 3188 —
1782 3163 1807 3186 ¹0
1826 3164 1852 3195 11
1873 3163 2004 3204 Par-al„
2026 3172 2124 3204 xvm,
2146 3166 2196 3196 18.
2212 3181 2247 3188 —-
2275 3165 2296 3186 ¹¹
2318 3163 2432 3204 Helm,

1401 3219 1432 3252 1,
1464 3213 1513 3243 14.
1541 3229 1582 3235 —
1612 3212 1636 3233 ¹²
1664 3212 1769 3252 Dan„
1798 3219 1852 3251 lx,
1889 3213 1938 3243 21.
1976 3229 2017 3235 —
2047 3212 2071 3234 ¹³
2101 3212 2215 3252 Zach„
2249 3220 2280 3252 1,
2316 3213 2366 3244 13.
2391 3229 2433 3236 —

1404 3258 1432 3281 1¹0
1452 3259 1494 3290 ΙΙΙ
1515 3259 1606 3300 Req„
1628 3265 1651 3298 Ι,
1671 3260 1723 3291 42.

1444 3329 1490 3371 (a)
1511 3330 1593 3362 caet.
1609 3329 1690 3363 edit.
1709 3331 1772 3361 sto.
1793 3345 1832 3353 —
1851 3328 1894 3370 (b)
1917 3330 2000 3362 Item
2020 3330 2202 3372 explicare.

2461 3050 2579 3078 Gabriel
