<?xml version="1.0" encoding="UTF-8"?>
<!DOCTYPE html PUBLIC "-//W3C//DTD XHTML 1.0 Transitional//EN"
    "http://www.w3.org/TR/xhtml1/DTD/xhtml1-transitional.dtd">
<html xmlns="http://www.w3.org/1999/xhtml" xml:lang="en" lang="en">
 <head>
  <title>
</title>
<meta http-equiv="Content-Type" content="text/html;charset=utf-8" />
  <meta name='ocr-system' content='tesseract 3.04.00' />
  <meta name='ocr-capabilities' content='ocr_page ocr_carea ocr_par ocr_line ocrx_word'/>
</head>
<body>
  <div class='ocr_page' id='page_1' title='image "./operaomniasixtiv10bonauoft_0438.png"; bbox 0 0 2634 3853; ppageno 0'>
   <div class='ocr_carea' id='block_1_1' title="bbox 240 263 321 304">
    <p class='ocr_par' dir='ltr' id='par_1_1' title="bbox 240 263 321 304">
     <span class='ocr_line' id='line_1_1' title="bbox 240 263 321 304; baseline -0.012 0"><span class='ocrx_word' id='word_1_1' title='bbox 240 263 321 304; x_wconf 76' lang='lat'>418</span> 
     </span>
    </p>
   </div>
   <div class='ocr_carea' id='block_1_2' title="bbox 233 343 1292 3476">
    <p class='ocr_par' dir='ltr' id='par_1_2' title="bbox 233 343 1292 3476">
     <span class='ocr_line' id='line_1_2' title="bbox 241 343 1267 404; baseline -0.013 -9"><span class='ocrx_word' id='word_1_2' title='bbox 241 353 345 394; x_wconf 74' lang='lat' dir='ltr'>toris</span> <span class='ocrx_word' id='word_1_3' title='bbox 365 351 560 402; x_wconf 75' lang='lat' dir='ltr'>Herodis,</span> <span class='ocrx_word' id='word_1_4' title='bbox 579 351 653 404; x_wconf 86' lang='lat' dir='ltr'>qui</span> <span class='ocrx_word' id='word_1_5' title='bbox 672 351 760 391; x_wconf 88' lang='lat' dir='ltr'>erat</span> <span class='ocrx_word' id='word_1_6' title='bbox 778 359 955 402; x_wconf 89' lang='lat' dir='ltr'>persona</span> <span class='ocrx_word' id='word_1_7' title='bbox 974 345 1141 387; x_wconf 81' lang='lat' dir='ltr'>nobilis.</span> <span class='ocrx_word' id='word_1_8' title='bbox 1166 343 1267 384; x_wconf 84' lang='lat' dir='ltr'>Erat</span> 
     </span>
     <span class='ocr_line' id='line_1_3' title="bbox 240 418 1263 475; baseline -0.01 -10"><span class='ocrx_word' id='word_1_9' title='bbox 240 426 281 465; x_wconf 88' lang='lat' dir='ltr'>et</span> <span class='ocrx_word' id='word_1_10' title='bbox 299 423 382 464; x_wconf 87' lang='lat' dir='ltr'>alia</span> <span class='ocrx_word' id='word_1_11' title='bbox 401 423 555 464; x_wconf 88' lang='lat' dir='ltr'>nobilis</span> <span class='ocrx_word' id='word_1_12' title='bbox 574 427 615 464; x_wconf 83' lang='lat' dir='ltr'>et</span> <span class='ocrx_word' id='word_1_13' title='bbox 635 422 789 475; x_wconf 86' lang='lat' dir='ltr'>seipsa,</span> <span class='ocrx_word' id='word_1_14' title='bbox 813 421 863 461; x_wconf 91' lang='lat' dir='ltr'>de</span> <span class='ocrx_word' id='word_1_15' title='bbox 885 432 969 472; x_wconf 89' lang='lat' dir='ltr'>qua</span> <span class='ocrx_word' id='word_1_16' title='bbox 995 418 1084 458; x_wconf 89' lang='lat' dir='ltr'>sine</span> <span class='ocrx_word' id='word_1_17' title='bbox 1105 427 1263 468; x_wconf 86' lang='lat' dir='ltr'>cogno-</span> 
     </span>
     <span class='ocr_line' id='line_1_4' title="bbox 238 489 1264 547; baseline -0.01 -11"><span class='ocrx_word' id='word_1_18' title='bbox 238 496 354 536; x_wconf 88' lang='lat' dir='ltr'>mine</span> <span class='ocrx_word' id='word_1_19' title='bbox 378 495 603 547; x_wconf 71' lang='lat' dir='ltr'>adiungit:</span> <span class='ocrx_word' id='word_1_20' title='bbox 637 494 689 534; x_wconf 77' lang='grc' dir='ltr'>Εῑ</span> <span class='ocrx_word' id='word_1_21' title='bbox 719 493 931 533; x_wconf 74' lang='lat' dir='ltr'>Susanna.</span> <span class='ocrx_word' id='word_1_22' title='bbox 964 489 1045 529; x_wconf 83' lang='lat' dir='ltr'>Has</span> <span class='ocrx_word' id='word_1_23' title='bbox 1076 491 1160 528; x_wconf 78' lang='lat' dir='ltr'>tres</span> <span class='ocrx_word' id='word_1_24' title='bbox 1188 499 1264 527; x_wconf 87' lang='lat' dir='ltr'>no-</span> 
     </span>
     <span class='ocr_line' id='line_1_5' title="bbox 238 560 1265 617; baseline -0.01 -9"><span class='ocrx_word' id='word_1_25' title='bbox 238 568 391 617; x_wconf 73' lang='lat' dir='ltr'>minat,</span> <span class='ocrx_word' id='word_1_26' title='bbox 414 570 460 607; x_wconf 86' lang='lat' dir='ltr'>ut</span> <span class='ocrx_word' id='word_1_27' title='bbox 480 565 742 606; x_wconf 79' lang='lat' dir='ltr'>commendet</span> <span class='ocrx_word' id='word_1_28' title='bbox 762 564 1010 611; x_wconf 81' lang='lat' dir='ltr'>castitatem,</span> <span class='ocrx_word' id='word_1_29' title='bbox 1033 560 1265 601; x_wconf 78' lang='lat' dir='ltr'>secundum</span> 
     </span>
     <span class='ocr_line' id='line_1_6' title="bbox 237 630 1263 692; baseline -0.01 -13"><span class='ocrx_word' id='word_1_30' title='bbox 237 639 443 692; x_wconf 67' lang='lat' dir='ltr'>triplicem</span> <span class='ocrx_word' id='word_1_31' title='bbox 464 636 762 686; x_wconf 81' lang='lat' dir='ltr'>differentiam,</span> <span class='ocrx_word' id='word_1_32' title='bbox 791 635 836 674; x_wconf 90' lang='lat' dir='ltr'>in</span> <span class='ocrx_word' id='word_1_33' title='bbox 855 633 1059 674; x_wconf 88' lang='lat' dir='ltr'>comitatu</span> <span class='ocrx_word' id='word_1_34' title='bbox 1089 630 1263 679; x_wconf 79' lang='lat' dir='ltr'><strong>Christi,</strong></span> 
     </span>
     <span class='ocr_line' id='line_1_7' title="bbox 237 701 1265 758; baseline -0.01 -8"><span class='ocrx_word' id='word_1_35' title='bbox 237 710 392 750; x_wconf 87' lang='lat' dir='ltr'>seilicet</span> <span class='ocrx_word' id='word_1_36' title='bbox 422 708 655 758; x_wconf 80' lang='lat' dir='ltr'>vidualem,</span> <span class='ocrx_word' id='word_1_37' title='bbox 684 705 979 758; x_wconf 82' lang='lat' dir='ltr'>conjugalem,</span> <span class='ocrx_word' id='word_1_38' title='bbox 1008 706 1049 744; x_wconf 87' lang='lat' dir='ltr'>et</span> <span class='ocrx_word' id='word_1_39' title='bbox 1073 701 1265 753; x_wconf 82' lang='lat' dir='ltr'>virgina-</span> 
     </span>
     <span class='ocr_line' id='line_1_8' title="bbox 234 771 1267 829; baseline -0.01 -9"><span class='ocrx_word' id='word_1_40' title='bbox 234 780 333 821; x_wconf 86' lang='lat' dir='ltr'>lem.</span> <span class='ocrx_word' id='word_1_41' title='bbox 355 779 497 820; x_wconf 85' lang='lat' dir='ltr'>Prima</span> <span class='ocrx_word' id='word_1_42' title='bbox 516 778 669 818; x_wconf 84' lang='lat' dir='ltr'>dicitur</span> <span class='ocrx_word' id='word_1_43' title='bbox 689 777 817 817; x_wconf 87' lang='lat' dir='ltr'>fuisse</span> <span class='ocrx_word' id='word_1_44' title='bbox 835 774 1062 829; x_wconf 73' lang='lat' dir='ltr'>peccatrix,</span> <span class='ocrx_word' id='word_1_45' title='bbox 1085 771 1267 813; x_wconf 86' lang='lat' dir='ltr'>secunda</span> 
     </span>
     <span class='ocr_line' id='line_1_9' title="bbox 236 839 1266 901; baseline -0.01 -12"><span class='ocrx_word' id='word_1_46' title='bbox 236 851 484 901; x_wconf 71' lang='lat' dir='ltr'>conjugata,</span> <span class='ocrx_word' id='word_1_47' title='bbox 511 847 561 888; x_wconf 90' lang='lat' dir='ltr'>de</span> <span class='ocrx_word' id='word_1_48' title='bbox 584 846 706 887; x_wconf 83' lang='lat' dir='ltr'>tertia</span> <span class='ocrx_word' id='word_1_49' title='bbox 735 847 898 886; x_wconf 87' lang='lat' dir='ltr'>tacetur</span> <span class='ocrx_word' id='word_1_50' title='bbox 919 846 1168 894; x_wconf 83' lang='lat' dir='ltr'>utrumque.</span> <span class='ocrx_word' id='word_1_51' title='bbox 1191 839 1266 880; x_wconf 87' lang='lat' dir='ltr'>Vel</span> 
     </span>
     <span class='ocr_line' id='line_1_10' title="bbox 234 910 1264 966; baseline -0.011 -6"><span class='ocrx_word' id='word_1_52' title='bbox 234 923 281 960; x_wconf 88' lang='lat' dir='ltr'>nt</span> <span class='ocrx_word' id='word_1_53' title='bbox 308 920 351 959; x_wconf 89' lang='lat' dir='ltr'>in</span> <span class='ocrx_word' id='word_1_54' title='bbox 372 920 449 959; x_wconf 78' lang='lat' dir='ltr'>boc</span> <span class='ocrx_word' id='word_1_55' title='bbox 467 918 712 959; x_wconf 75' lang='lat' dir='ltr'>ostendatur</span> <span class='ocrx_word' id='word_1_56' title='bbox 732 916 893 957; x_wconf 89' lang='lat' dir='ltr'>curatio</span> <span class='ocrx_word' id='word_1_57' title='bbox 914 927 939 955; x_wconf 90' lang='lat' dir='ltr'>a</span> <span class='ocrx_word' id='word_1_58' title='bbox 959 912 1111 966; x_wconf 87' lang='lat' dir='ltr'>triplici</span> <span class='ocrx_word' id='word_1_59' title='bbox 1133 910 1264 963; x_wconf 80' lang='lat' dir='ltr'>aegri-</span> 
     </span>
     <span class='ocr_line' id='line_1_11' title="bbox 233 983 1265 1041; baseline -0.01 -9"><span class='ocrx_word' id='word_1_60' title='bbox 233 992 400 1041; x_wconf 83' lang='lat' dir='ltr'>tudine,</span> <span class='ocrx_word' id='word_1_61' title='bbox 425 991 580 1031; x_wconf 82' lang='lat' dir='ltr'>scilicet</span> <span class='ocrx_word' id='word_1_62' title='bbox 601 989 753 1030; x_wconf 84' lang='lat' dir='ltr'>animae</span> <span class='ocrx_word' id='word_1_63' title='bbox 768 1021 778 1039; x_wconf 92' lang='lat'>,</span> <span class='ocrx_word' id='word_1_64' title='bbox 801 989 842 1029; x_wconf 89' lang='lat' dir='ltr'>et</span> <span class='ocrx_word' id='word_1_65' title='bbox 861 986 1021 1034; x_wconf 82' lang='lat' dir='ltr'>earnis,</span> <span class='ocrx_word' id='word_1_66' title='bbox 1043 986 1084 1025; x_wconf 91' lang='lat' dir='ltr'>et</span> <span class='ocrx_word' id='word_1_67' title='bbox 1102 983 1265 1024; x_wconf 83' lang='lat' dir='ltr'>utrius-</span> 
     </span>
     <span class='ocr_line' id='line_1_12' title="bbox 233 1054 1265 1115; baseline -0.011 -11"><span class='ocrx_word' id='word_1_68' title='bbox 233 1074 330 1115; x_wconf 83' lang='lat' dir='ltr'>que.</span> <span class='ocrx_word' id='word_1_69' title='bbox 370 1061 466 1102; x_wconf 84' lang='lat' dir='ltr'>Ideo</span> <span class='ocrx_word' id='word_1_70' title='bbox 501 1063 584 1101; x_wconf 88' lang='lat' dir='ltr'>tres</span> <span class='ocrx_word' id='word_1_71' title='bbox 614 1071 814 1113; x_wconf 76' lang='lat' dir='ltr'>personas</span> <span class='ocrx_word' id='word_1_72' title='bbox 842 1059 1011 1098; x_wconf 85' lang='lat' dir='ltr'>curatas</span> <span class='ocrx_word' id='word_1_73' title='bbox 1041 1054 1265 1107; x_wconf 77' lang='lat' dir='ltr'>exprimit,</span> 
     </span>
     <span class='ocr_line' id='line_1_13' title="bbox 233 1128 1197 1183; baseline -0.009 -8"><span class='ocrx_word' id='word_1_74' title='bbox 233 1135 384 1176; x_wconf 85' lang='lat' dir='ltr'>scilicet</span> <span class='ocrx_word' id='word_1_75' title='bbox 408 1133 606 1183; x_wconf 84' lang='lat' dir='ltr'>Mariam,</span> <span class='ocrx_word' id='word_1_76' title='bbox 628 1132 856 1179; x_wconf 81' lang='lat' dir='ltr'>Joannam,</span> <span class='ocrx_word' id='word_1_77' title='bbox 880 1132 920 1170; x_wconf 90' lang='lat' dir='ltr'>et</span> <span class='ocrx_word' id='word_1_78' title='bbox 940 1128 1197 1169; x_wconf 78' lang='lat' dir='ltr'>Susannam.</span> 
     </span>
     <span class='ocr_line' id='line_1_14' title="bbox 288 1197 1268 1257; baseline -0.01 -11"><span class='ocrx_word' id='word_1_79' title='bbox 288 1206 450 1256; x_wconf 83' lang='lat' dir='ltr'>Tertio,</span> <span class='ocrx_word' id='word_1_80' title='bbox 484 1206 694 1257; x_wconf 79' lang='lat' dir='ltr'>quantum</span> <span class='ocrx_word' id='word_1_81' title='bbox 733 1202 785 1243; x_wconf 92' lang='lat' dir='ltr'>ad</span> <span class='ocrx_word' id='word_1_82' title='bbox 816 1200 1065 1242; x_wconf 78' lang='lat' dir='ltr'>comitantes</span> <span class='ocrx_word' id='word_1_83' title='bbox 1104 1197 1268 1238; x_wconf 88' lang='lat' dir='ltr'>ratione</span> 
     </span>
     <span class='ocr_line' id='line_1_15' title="bbox 233 1269 1267 1331; baseline -0.011 -12"><span class='ocrx_word' id='word_1_84' title='bbox 233 1276 502 1331; x_wconf 81' lang='lat' dir='ltr'>impendendi</span> <span class='ocrx_word' id='word_1_85' title='bbox 514 1274 723 1327; x_wconf 86' lang='lat' dir='ltr'>obsequii,</span> <span class='ocrx_word' id='word_1_86' title='bbox 732 1273 820 1315; x_wconf 87' lang='lat' dir='ltr'>sive</span> <span class='ocrx_word' id='word_1_87' title='bbox 830 1270 1066 1321; x_wconf 79' lang='lat' dir='ltr'>ministerii,</span> <span class='ocrx_word' id='word_1_88' title='bbox 1077 1269 1244 1310; x_wconf 82' lang='lat' dir='ltr'>additur</span> <span class='ocrx_word' id='word_1_89' title='bbox 1257 1281 1267 1308; x_wconf 72' lang='grc' dir='ltr'><strong>ι</strong></span> 
     </span>
     <span class='ocr_line' id='line_1_16' title="bbox 234 1341 1266 1399; baseline -0.011 -7"><span class='ocrx_word' id='word_1_90' title='bbox 234 1351 296 1392; x_wconf 78' lang='lat' dir='ltr'>Et</span> <span class='ocrx_word' id='word_1_91' title='bbox 317 1349 415 1392; x_wconf 57' lang='lat' dir='ltr'>alite</span> <span class='ocrx_word' id='word_1_92' title='bbox 434 1348 599 1398; x_wconf 66' lang='lat' dir='ltr'>multae,</span> <span class='ocrx_word' id='word_1_93' title='bbox 623 1357 717 1399; x_wconf 72' lang='lat' dir='ltr'>quse</span> <span class='ocrx_word' id='word_1_94' title='bbox 739 1343 1043 1388; x_wconf 73' lang='lat' dir='ltr'>ministrabant</span> <span class='ocrx_word' id='word_1_95' title='bbox 1064 1343 1101 1385; x_wconf 73' lang='lat' dir='ltr'>ez·</span> <span class='ocrx_word' id='word_1_96' title='bbox 1120 1341 1171 1383; x_wconf 80' lang='lat' dir='ltr'>de</span> <span class='ocrx_word' id='word_1_97' title='bbox 1200 1341 1266 1391; x_wconf 73' lang='lat' dir='ltr'>fa-</span> 
     </span>
     <span class='ocr_line' id='line_1_17' title="bbox 235 1412 1265 1470; baseline -0.011 -8"><span class='ocrx_word' id='word_1_98' title='bbox 235 1421 462 1463; x_wconf 72' lang='lat' dir='ltr'>cultatibus</span> <span class='ocrx_word' id='word_1_99' title='bbox 483 1421 589 1470; x_wconf 74' lang='lat' dir='ltr'>suis,</span> <span class='ocrx_word' id='word_1_100' title='bbox 606 1418 714 1458; x_wconf 87' lang='lat' dir='ltr'>sicut</span> <span class='ocrx_word' id='word_1_101' title='bbox 729 1417 799 1457; x_wconf 87' lang='lat' dir='ltr'>illa</span> <span class='ocrx_word' id='word_1_102' title='bbox 818 1414 1052 1457; x_wconf 84' lang='lat' dir='ltr'>Sunamitis</span> <span class='ocrx_word' id='word_1_103' title='bbox 1063 1412 1213 1454; x_wconf 83' lang='lat' dir='ltr'>Elisaeo</span> <span class='ocrx_word' id='word_1_104' title='bbox 1230 1412 1239 1432; x_wconf 87' lang='lat'><strong>¹</strong></span> <span class='ocrx_word' id='word_1_105' title='bbox 1257 1425 1265 1451; x_wconf 92' lang='lat'>:</span> 
     </span>
     <span class='ocr_line' id='line_1_18' title="bbox 240 1483 1265 1533; baseline -0.008 -2"><span class='ocrx_word' id='word_1_106' title='bbox 240 1508 259 1531; x_wconf 66' lang='grc' dir='ltr'>(ι</span> <span class='ocrx_word' id='word_1_107' title='bbox 282 1492 384 1533; x_wconf 80' lang='lat' dir='ltr'>Ecce</span> <span class='ocrx_word' id='word_1_108' title='bbox 404 1491 546 1531; x_wconf 88' lang='lat' dir='ltr'>sedule</span> <span class='ocrx_word' id='word_1_109' title='bbox 567 1491 612 1530; x_wconf 91' lang='lat' dir='ltr'>in</span> <span class='ocrx_word' id='word_1_110' title='bbox 635 1489 835 1530; x_wconf 86' lang='lat' dir='ltr'>omnibus</span> <span class='ocrx_word' id='word_1_111' title='bbox 861 1485 1111 1528; x_wconf 79' lang='lat' dir='ltr'>ministrasti</span> <span class='ocrx_word' id='word_1_112' title='bbox 1132 1483 1265 1533; x_wconf 78' lang='lat' dir='ltr'>nobiS,</span> 
     </span>
     <span class='ocr_line' id='line_1_19' title="bbox 234 1554 1271 1617; baseline -0.01 -13"><span class='ocrx_word' id='word_1_113' title='bbox 234 1563 338 1617; x_wconf 85' lang='lat' dir='ltr'>quid</span> <span class='ocrx_word' id='word_1_114' title='bbox 366 1563 432 1604; x_wconf 77' lang='lat' dir='ltr'>vis</span> <span class='ocrx_word' id='word_1_115' title='bbox 457 1565 503 1603; x_wconf 88' lang='lat' dir='ltr'>ut</span> <span class='ocrx_word' id='word_1_116' title='bbox 532 1561 683 1602; x_wconf 69' lang='lat' dir='ltr'>faciam</span> <span class='ocrx_word' id='word_1_117' title='bbox 702 1560 806 1600; x_wconf 84' lang='lat' dir='ltr'>tibi‘?</span> <span class='ocrx_word' id='word_1_118' title='bbox 829 1574 848 1597; x_wconf 71' lang='lat' dir='ltr'>n</span> <span class='ocrx_word' id='word_1_119' title='bbox 878 1559 946 1600; x_wconf 88' lang='lat' dir='ltr'>Sic</span> <span class='ocrx_word' id='word_1_120' title='bbox 972 1561 1014 1599; x_wconf 88' lang='lat' dir='ltr'>et</span> <span class='ocrx_word' id='word_1_121' title='bbox 1039 1568 1183 1597; x_wconf 88' lang='lat' dir='ltr'>socrus</span> <span class='ocrx_word' id='word_1_122' title='bbox 1203 1554 1271 1595; x_wconf 87' lang='lat' dir='ltr'>Si-</span> 
     </span>
     <span class='ocr_line' id='line_1_20' title="bbox 234 1629 1271 1687; baseline -0.01 -11"><span class='ocrx_word' id='word_1_123' title='bbox 234 1636 375 1676; x_wconf 85' lang='lat' dir='ltr'>monis</span> <span class='ocrx_word' id='word_1_124' title='bbox 394 1635 444 1675; x_wconf 90' lang='lat' dir='ltr'>de</span> <span class='ocrx_word' id='word_1_125' title='bbox 463 1646 546 1687; x_wconf 86' lang='lat' dir='ltr'>qua</span> <span class='ocrx_word' id='word_1_126' title='bbox 557 1633 781 1675; x_wconf 77' lang='lat' dir='ltr'>Malthaeus</span> <span class='ocrx_word' id='word_1_127' title='bbox 795 1632 808 1653; x_wconf 74' lang='lat'>‘²</span> <span class='ocrx_word' id='word_1_128' title='bbox 827 1643 839 1671; x_wconf 90' lang='lat'><em>:</em></span> <span class='ocrx_word' id='word_1_129' title='bbox 858 1629 1108 1683; x_wconf 83' lang='lat' dir='ltr'>(Postquam</span> <span class='ocrx_word' id='word_1_130' title='bbox 1127 1629 1271 1668; x_wconf 88' lang='lat' dir='ltr'>curata</span> 
     </span>
     <span class='ocr_line' id='line_1_21' title="bbox 235 1699 1271 1761; baseline -0.011 -12"><span class='ocrx_word' id='word_1_131' title='bbox 235 1708 336 1761; x_wconf 87' lang='lat' dir='ltr'>est),</span> <span class='ocrx_word' id='word_1_132' title='bbox 354 1706 569 1748; x_wconf 87' lang='lat' dir='ltr'>«surrexit</span> <span class='ocrx_word' id='word_1_133' title='bbox 588 1708 628 1746; x_wconf 89' lang='lat' dir='ltr'>et</span> <span class='ocrx_word' id='word_1_134' title='bbox 647 1703 916 1745; x_wconf 87' lang='lat' dir='ltr'>ministrabat</span> <span class='ocrx_word' id='word_1_135' title='bbox 932 1702 1039 1742; x_wconf 80' lang='lat' dir='ltr'>eis.»</span> <span class='ocrx_word' id='word_1_136' title='bbox 1056 1699 1143 1740; x_wconf 89' lang='lat' dir='ltr'>Hoc</span> <span class='ocrx_word' id='word_1_137' title='bbox 1156 1699 1271 1739; x_wconf 90' lang='lat' dir='ltr'>enim</span> 
     </span>
     <span class='ocr_line' id='line_1_22' title="bbox 236 1770 1269 1833; baseline -0.012 -12"><span class='ocrx_word' id='word_1_138' title='bbox 236 1780 472 1833; x_wconf 89' lang='lat' dir='ltr'>antiquitus</span> <span class='ocrx_word' id='word_1_139' title='bbox 493 1778 770 1819; x_wconf 87' lang='lat' dir='ltr'>consueverat</span> <span class='ocrx_word' id='word_1_140' title='bbox 790 1786 880 1815; x_wconf 90' lang='lat' dir='ltr'>esse</span> <span class='ocrx_word' id='word_1_141' title='bbox 909 1772 1097 1813; x_wconf 76' lang='lat' dir='ltr'>officium</span> <span class='ocrx_word' id='word_1_142' title='bbox 1118 1770 1269 1810; x_wconf 90' lang='lat' dir='ltr'>mulie-</span> 
     </span>
     <span class='ocr_line' id='line_1_23' title="bbox 235 1843 1272 1900; baseline -0.011 -7"><span class='ocrx_word' id='word_1_143' title='bbox 235 1864 333 1893; x_wconf 85' lang='lat' dir='ltr'>rum</span> <span class='ocrx_word' id='word_1_144' title='bbox 348 1883 357 1900; x_wconf 87' lang='lat'>,</span> <span class='ocrx_word' id='word_1_145' title='bbox 380 1851 486 1891; x_wconf 91' lang='lat' dir='ltr'>sicut</span> <span class='ocrx_word' id='word_1_146' title='bbox 505 1849 601 1890; x_wconf 86' lang='lat' dir='ltr'>dicit</span> <span class='ocrx_word' id='word_1_147' title='bbox 624 1847 735 1889; x_wconf 80' lang='lat' dir='ltr'>Beda</span> <span class='ocrx_word' id='word_1_148' title='bbox 754 1847 798 1887; x_wconf 92' lang='lat' dir='ltr'>in</span> <span class='ocrx_word' id='word_1_149' title='bbox 826 1846 971 1887; x_wconf 86' lang='lat' dir='ltr'>Glossa</span> <span class='ocrx_word' id='word_1_150' title='bbox 988 1846 1027 1883; x_wconf 77' lang='lat'>³:</span> <span class='ocrx_word' id='word_1_151' title='bbox 1054 1857 1072 1881; x_wconf 73' lang='grc' dir='ltr'>(ι</span> <span class='ocrx_word' id='word_1_152' title='bbox 1092 1843 1272 1884; x_wconf 88' lang='lat' dir='ltr'>Consue-</span> 
     </span>
     <span class='ocr_line' id='line_1_24' title="bbox 235 1912 1271 1970; baseline -0.012 -6"><span class='ocrx_word' id='word_1_153' title='bbox 235 1922 394 1964; x_wconf 88' lang='lat' dir='ltr'>tudinis</span> <span class='ocrx_word' id='word_1_154' title='bbox 419 1921 605 1962; x_wconf 76' lang='lat' dir='ltr'>Judaicae</span> <span class='ocrx_word' id='word_1_155' title='bbox 634 1919 734 1970; x_wconf 84' lang='lat' dir='ltr'>suit,</span> <span class='ocrx_word' id='word_1_156' title='bbox 767 1930 844 1959; x_wconf 89' lang='lat' dir='ltr'>nec</span> <span class='ocrx_word' id='word_1_157' title='bbox 866 1916 1099 1958; x_wconf 79' lang='lat' dir='ltr'>ducebatur</span> <span class='ocrx_word' id='word_1_158' title='bbox 1118 1914 1163 1954; x_wconf 90' lang='lat' dir='ltr'>in</span> <span class='ocrx_word' id='word_1_159' title='bbox 1182 1912 1271 1953; x_wconf 89' lang='lat' dir='ltr'>cul-</span> 
     </span>
     <span class='ocr_line' id='line_1_25' title="bbox 235 1984 1272 2049; baseline -0.013 -13"><span class='ocrx_word' id='word_1_160' title='bbox 235 2008 336 2049; x_wconf 88' lang='lat' dir='ltr'>pam</span> <span class='ocrx_word' id='word_1_161' title='bbox 360 2006 478 2035; x_wconf 90' lang='lat' dir='ltr'>more</span> <span class='ocrx_word' id='word_1_162' title='bbox 511 1992 650 2045; x_wconf 85' lang='lat' dir='ltr'>gentis</span> <span class='ocrx_word' id='word_1_163' title='bbox 677 1990 880 2043; x_wconf 81' lang='lat' dir='ltr'>antiquo,</span> <span class='ocrx_word' id='word_1_164' title='bbox 912 1989 962 2028; x_wconf 87' lang='lat' dir='ltr'>ut</span> <span class='ocrx_word' id='word_1_165' title='bbox 994 1985 1195 2026; x_wconf 87' lang='lat' dir='ltr'>mulieres</span> <span class='ocrx_word' id='word_1_166' title='bbox 1221 1984 1272 2025; x_wconf 91' lang='lat' dir='ltr'>de</span> 
     </span>
     <span class='ocr_line' id='line_1_26' title="bbox 237 2057 1274 2113; baseline -0.013 -5"><span class='ocrx_word' id='word_1_167' title='bbox 237 2065 472 2108; x_wconf 89' lang='lat' dir='ltr'>substantia</span> <span class='ocrx_word' id='word_1_168' title='bbox 493 2077 571 2105; x_wconf 90' lang='lat' dir='ltr'>sua</span> <span class='ocrx_word' id='word_1_169' title='bbox 590 2063 753 2105; x_wconf 88' lang='lat' dir='ltr'>victum</span> <span class='ocrx_word' id='word_1_170' title='bbox 764 2092 776 2112; x_wconf 86' lang='lat'>,</span> <span class='ocrx_word' id='word_1_171' title='bbox 799 2063 926 2113; x_wconf 85' lang='lat' dir='ltr'>atque</span> <span class='ocrx_word' id='word_1_172' title='bbox 945 2057 1145 2100; x_wconf 88' lang='lat' dir='ltr'>vestitum</span> <span class='ocrx_word' id='word_1_173' title='bbox 1168 2067 1274 2108; x_wconf 83' lang='lat' dir='ltr'>prae-</span> 
     </span>
     <span class='ocr_line' id='line_1_27' title="bbox 239 2127 1275 2192; baseline -0.014 -12"><span class='ocrx_word' id='word_1_174' title='bbox 239 2138 481 2192; x_wconf 76' lang='lat' dir='ltr'>captoribus</span> <span class='ocrx_word' id='word_1_175' title='bbox 501 2135 838 2177; x_wconf 77' lang='lat' dir='ltr'>ministrarent.»</span> <span class='ocrx_word' id='word_1_176' title='bbox 859 2131 962 2180; x_wconf 84' lang='lat' dir='ltr'>Hoc,</span> <span class='ocrx_word' id='word_1_177' title='bbox 983 2129 1084 2183; x_wconf 87' lang='lat' dir='ltr'>quia</span> <span class='ocrx_word' id='word_1_178' title='bbox 1103 2127 1275 2168; x_wconf 83' lang='lat' dir='ltr'>scanda-</span> 
     </span>
     <span class='ocr_line' id='line_1_28' title="bbox 238 2199 1275 2262; baseline -0.013 -11"><span class='ocrx_word' id='word_1_179' title='bbox 238 2211 329 2251; x_wconf 90' lang='lat' dir='ltr'>lum</span> <span class='ocrx_word' id='word_1_180' title='bbox 349 2210 484 2250; x_wconf 78' lang='lat' dir='ltr'>facere</span> <span class='ocrx_word' id='word_1_181' title='bbox 502 2209 665 2262; x_wconf 90' lang='lat' dir='ltr'>poterat</span> <span class='ocrx_word' id='word_1_182' title='bbox 689 2207 734 2246; x_wconf 92' lang='lat' dir='ltr'>in</span> <span class='ocrx_word' id='word_1_183' title='bbox 762 2203 1025 2253; x_wconf 87' lang='lat' dir='ltr'>nationibus,</span> <span class='ocrx_word' id='word_1_184' title='bbox 1054 2199 1211 2241; x_wconf 89' lang='lat' dir='ltr'>Paulus</span> <span class='ocrx_word' id='word_1_185' title='bbox 1230 2210 1275 2239; x_wconf 90' lang='lat' dir='ltr'>se</span> 
     </span>
     <span class='ocr_line' id='line_1_29' title="bbox 239 2271 1275 2333; baseline -0.012 -10"><span class='ocrx_word' id='word_1_186' title='bbox 239 2281 440 2333; x_wconf 83' lang='lat' dir='ltr'>abjecisse</span> <span class='ocrx_word' id='word_1_187' title='bbox 466 2281 675 2321; x_wconf 90' lang='lat' dir='ltr'>memorat</span> <span class='ocrx_word' id='word_1_188' title='bbox 694 2282 732 2318; x_wconf 68' lang='lat'>¹²:</span> <span class='ocrx_word' id='word_1_189' title='bbox 763 2292 782 2315; x_wconf 89' lang='lat'>«</span> <span class='ocrx_word' id='word_1_190' title='bbox 801 2274 1018 2328; x_wconf 86' lang='lat' dir='ltr'>Numquid</span> <span class='ocrx_word' id='word_1_191' title='bbox 1037 2285 1125 2314; x_wconf 89' lang='lat' dir='ltr'>non</span> <span class='ocrx_word' id='word_1_192' title='bbox 1144 2271 1275 2312; x_wconf 88' lang='lat' dir='ltr'>habe-</span> 
     </span>
     <span class='ocr_line' id='line_1_30' title="bbox 243 2344 1274 2406; baseline -0.013 -11"><span class='ocrx_word' id='word_1_193' title='bbox 243 2365 341 2395; x_wconf 89' lang='lat' dir='ltr'>mus</span> <span class='ocrx_word' id='word_1_194' title='bbox 359 2354 607 2406; x_wconf 87' lang='lat' dir='ltr'>potestatem</span> <span class='ocrx_word' id='word_1_195' title='bbox 632 2349 860 2390; x_wconf 89' lang='lat' dir='ltr'>mulierem</span> <span class='ocrx_word' id='word_1_196' title='bbox 881 2357 1071 2387; x_wconf 89' lang='lat' dir='ltr'>sororem</span> <span class='ocrx_word' id='word_1_197' title='bbox 1091 2344 1202 2384; x_wconf 88' lang='lat' dir='ltr'>circu</span> <span class='ocrx_word' id='word_1_198' title='bbox 1211 2355 1274 2383; x_wconf 94' lang='lat' dir='ltr'>m-</span> 
     </span>
     <span class='ocr_line' id='line_1_31' title="bbox 245 2414 1278 2475; baseline -0.012 -8"><span class='ocrx_word' id='word_1_199' title='bbox 245 2424 449 2475; x_wconf 81' lang='lat' dir='ltr'>ducendi,</span> <span class='ocrx_word' id='word_1_200' title='bbox 477 2424 587 2464; x_wconf 92' lang='lat' dir='ltr'>sicut</span> <span class='ocrx_word' id='word_1_201' title='bbox 614 2424 655 2464; x_wconf 88' lang='lat' dir='ltr'>et</span> <span class='ocrx_word' id='word_1_202' title='bbox 680 2420 821 2462; x_wconf 82' lang='lat' dir='ltr'>caeteri</span> <span class='ocrx_word' id='word_1_203' title='bbox 848 2417 1057 2472; x_wconf 75' lang='lat' dir='ltr'>apostoli?</span> <span class='ocrx_word' id='word_1_204' title='bbox 1080 2431 1099 2454; x_wconf 77' lang='lat'>›)</span> <span class='ocrx_word' id='word_1_205' title='bbox 1126 2418 1204 2457; x_wconf 88' lang='lat' dir='ltr'>etc.</span> <span class='ocrx_word' id='word_1_206' title='bbox 1226 2414 1278 2455; x_wconf 88' lang='lat' dir='ltr'>Et</span> 
     </span>
     <span class='ocr_line' id='line_1_32' title="bbox 246 2487 1278 2542; baseline -0.013 -3"><span class='ocrx_word' id='word_1_207' title='bbox 246 2498 340 2539; x_wconf 90' lang='lat' dir='ltr'>ideo</span> <span class='ocrx_word' id='word_1_208' title='bbox 357 2496 460 2537; x_wconf 88' lang='lat' dir='ltr'>illud</span> <span class='ocrx_word' id='word_1_209' title='bbox 477 2508 593 2537; x_wconf 90' lang='lat' dir='ltr'>nunc</span> <span class='ocrx_word' id='word_1_210' title='bbox 613 2506 701 2535; x_wconf 88' lang='lat' dir='ltr'>non</span> <span class='ocrx_word' id='word_1_211' title='bbox 721 2492 844 2534; x_wconf 90' lang='lat' dir='ltr'>debet</span> <span class='ocrx_word' id='word_1_212' title='bbox 869 2491 915 2531; x_wconf 88' lang='lat' dir='ltr'>in</span> <span class='ocrx_word' id='word_1_213' title='bbox 933 2487 1278 2542; x_wconf 82' lang='lat' dir='ltr'>consequentiam</span> 
     </span>
     <span class='ocr_line' id='line_1_33' title="bbox 249 2559 1279 2621; baseline -0.012 -11"><span class='ocrx_word' id='word_1_214' title='bbox 249 2569 374 2619; x_wconf 86' lang='lat' dir='ltr'>trahi,</span> <span class='ocrx_word' id='word_1_215' title='bbox 390 2569 560 2621; x_wconf 89' lang='lat' dir='ltr'>propter</span> <span class='ocrx_word' id='word_1_216' title='bbox 573 2564 819 2607; x_wconf 88' lang='lat' dir='ltr'>scandalum</span> <span class='ocrx_word' id='word_1_217' title='bbox 832 2561 1073 2612; x_wconf 85' lang='lat' dir='ltr'>vitandum,</span> <span class='ocrx_word' id='word_1_218' title='bbox 1090 2562 1130 2601; x_wconf 90' lang='lat' dir='ltr'>et</span> <span class='ocrx_word' id='word_1_219' title='bbox 1151 2559 1279 2600; x_wconf 87' lang='lat' dir='ltr'>etiam</span> 
     </span>
     <span class='ocr_line' id='line_1_34' title="bbox 249 2631 1277 2693; baseline -0.011 -12"><span class='ocrx_word' id='word_1_220' title='bbox 249 2642 419 2693; x_wconf 89' lang='lat' dir='ltr'>propter</span> <span class='ocrx_word' id='word_1_221' title='bbox 437 2637 688 2691; x_wconf 88' lang='lat' dir='ltr'>periculum.</span> <span class='ocrx_word' id='word_1_222' title='bbox 717 2635 764 2676; x_wconf 93' lang='lat' dir='ltr'>ln</span> <span class='ocrx_word' id='word_1_223' title='bbox 783 2635 865 2675; x_wconf 92' lang='lat' dir='ltr'>hoc</span> <span class='ocrx_word' id='word_1_224' title='bbox 882 2636 1024 2674; x_wconf 80' lang='lat' dir='ltr'>tamen</span> <span class='ocrx_word' id='word_1_225' title='bbox 1041 2631 1277 2680; x_wconf 88' lang='lat' dir='ltr'>erudimur,</span> 
     </span>
     <span class='ocr_line' id='line_1_35' title="bbox 251 2703 1281 2764; baseline -0.01 -12"><span class='ocrx_word' id='word_1_226' title='bbox 251 2710 366 2764; x_wconf 84' lang='lat' dir='ltr'>quod</span> <span class='ocrx_word' id='word_1_227' title='bbox 390 2707 655 2763; x_wconf 64' lang='lat' dir='ltr'>praedicatori</span> <span class='ocrx_word' id='word_1_228' title='bbox 683 2707 779 2747; x_wconf 89' lang='lat' dir='ltr'>licet</span> <span class='ocrx_word' id='word_1_229' title='bbox 807 2705 994 2758; x_wconf 88' lang='lat' dir='ltr'>accipere</span> <span class='ocrx_word' id='word_1_230' title='bbox 1024 2703 1281 2756; x_wconf 87' lang='lat' dir='ltr'>stipendium</span> 
     </span>
     <span class='ocr_line' id='line_1_36' title="bbox 251 2775 1280 2836; baseline -0.009 -13"><span class='ocrx_word' id='word_1_231' title='bbox 251 2794 328 2836; x_wconf 85' lang='lat' dir='ltr'>pro</span> <span class='ocrx_word' id='word_1_232' title='bbox 352 2782 497 2822; x_wconf 86' lang='lat' dir='ltr'>labore</span> <span class='ocrx_word' id='word_1_233' title='bbox 516 2784 556 2821; x_wconf 68' lang='lat'>5:</span> <span class='ocrx_word' id='word_1_234' title='bbox 585 2795 604 2818; x_wconf 89' lang='lat'>«</span> <span class='ocrx_word' id='word_1_235' title='bbox 627 2779 670 2820; x_wconf 88' lang='lat' dir='ltr'>Si</span> <span class='ocrx_word' id='word_1_236' title='bbox 696 2789 773 2819; x_wconf 92' lang='lat' dir='ltr'>nos</span> <span class='ocrx_word' id='word_1_237' title='bbox 801 2778 922 2819; x_wconf 90' lang='lat' dir='ltr'>vobis</span> <span class='ocrx_word' id='word_1_238' title='bbox 953 2775 1189 2829; x_wconf 86' lang='lat' dir='ltr'>spiritualia</span> <span class='ocrx_word' id='word_1_239' title='bbox 1216 2785 1280 2815; x_wconf 88' lang='lat' dir='ltr'>se-</span> 
     </span>
     <span class='ocr_line' id='line_1_37' title="bbox 255 2846 1285 2904; baseline -0.008 -9"><span class='ocrx_word' id='word_1_240' title='bbox 255 2853 515 2895; x_wconf 85' lang='lat' dir='ltr'>minavimus</span> <span class='ocrx_word' id='word_1_241' title='bbox 527 2884 540 2904; x_wconf 87' lang='lat'>,</span> <span class='ocrx_word' id='word_1_242' title='bbox 578 2862 788 2904; x_wconf 88' lang='lat' dir='ltr'>magnum</span> <span class='ocrx_word' id='word_1_243' title='bbox 828 2852 888 2890; x_wconf 89' lang='lat' dir='ltr'>est</span> <span class='ocrx_word' id='word_1_244' title='bbox 924 2848 958 2889; x_wconf 91' lang='lat' dir='ltr'>si</span> <span class='ocrx_word' id='word_1_245' title='bbox 992 2859 1070 2889; x_wconf 91' lang='lat' dir='ltr'>nos</span> <span class='ocrx_word' id='word_1_246' title='bbox 1101 2846 1285 2887; x_wconf 87' lang='lat' dir='ltr'>carnalia</span> 
     </span>
     <span class='ocr_line' id='line_1_38' title="bbox 256 2921 1283 2974; baseline -0.009 -7"><span class='ocrx_word' id='word_1_247' title='bbox 256 2929 399 2967; x_wconf 84' lang='lat' dir='ltr'>vestra</span> <span class='ocrx_word' id='word_1_248' title='bbox 416 2928 649 2966; x_wconf 77' lang='lat' dir='ltr'>metamus?</span> <span class='ocrx_word' id='word_1_249' title='bbox 677 2938 696 2962; x_wconf 74' lang='lat'>›)</span> <span class='ocrx_word' id='word_1_250' title='bbox 713 2924 726 2945; x_wconf 67' lang='grc' dir='ltr'>ὓ</span> <span class='ocrx_word' id='word_1_251' title='bbox 744 2923 944 2974; x_wconf 82' lang='lat' dir='ltr'>«Dignus</span> <span class='ocrx_word' id='word_1_252' title='bbox 968 2921 1082 2961; x_wconf 91' lang='lat' dir='ltr'>enim</span> <span class='ocrx_word' id='word_1_253' title='bbox 1102 2921 1165 2959; x_wconf 89' lang='lat' dir='ltr'>est</span> <span class='ocrx_word' id='word_1_254' title='bbox 1183 2929 1283 2971; x_wconf 89' lang='lat' dir='ltr'>ope-</span> 
     </span>
     <span class='ocr_line' id='line_1_39' title="bbox 257 2991 1288 3043; baseline -0.008 -5"><span class='ocrx_word' id='word_1_255' title='bbox 257 2998 396 3039; x_wconf 88' lang='lat' dir='ltr'>rarius</span> <span class='ocrx_word' id='word_1_256' title='bbox 423 2998 514 3037; x_wconf 88' lang='lat' dir='ltr'>cibo</span> <span class='ocrx_word' id='word_1_257' title='bbox 546 3008 638 3037; x_wconf 91' lang='lat' dir='ltr'>suo.</span> <span class='ocrx_word' id='word_1_258' title='bbox 660 3010 679 3033; x_wconf 63' lang='lat'>&gt;³</span> <span class='ocrx_word' id='word_1_259' title='bbox 704 2994 755 3036; x_wconf 89' lang='lat' dir='ltr'>Et</span> <span class='ocrx_word' id='word_1_260' title='bbox 787 2994 895 3034; x_wconf 77' lang='lat' dir='ltr'>infra</span> <span class='ocrx_word' id='word_1_261' title='bbox 915 2997 929 3019; x_wconf 82' lang='lat'><strong>⁷</strong></span> <span class='ocrx_word' id='word_1_262' title='bbox 952 3007 961 3033; x_wconf 75' lang='lat' dir='ltr'>t</span> <span class='ocrx_word' id='word_1_263' title='bbox 994 3006 1013 3030; x_wconf 77' lang='grc' dir='ltr'><em>α</em></span> <span class='ocrx_word' id='word_1_264' title='bbox 1041 2991 1206 3043; x_wconf 81' lang='lat' dir='ltr'>Dignus</span> <span class='ocrx_word' id='word_1_265' title='bbox 1225 2991 1288 3031; x_wconf 88' lang='lat' dir='ltr'>est</span> 
     </span>
     <span class='ocr_line' id='line_1_40' title="bbox 259 3062 1288 3121; baseline -0.009 -11"><span class='ocrx_word' id='word_1_266' title='bbox 259 3070 372 3110; x_wconf 85' lang='lat' dir='ltr'>enim</span> <span class='ocrx_word' id='word_1_267' title='bbox 398 3068 617 3121; x_wconf 88' lang='lat' dir='ltr'>operarius</span> <span class='ocrx_word' id='word_1_268' title='bbox 642 3066 834 3107; x_wconf 87' lang='lat' dir='ltr'>mercede</span> <span class='ocrx_word' id='word_1_269' title='bbox 853 3077 944 3106; x_wconf 88' lang='lat' dir='ltr'>sua.</span> <span class='ocrx_word' id='word_1_270' title='bbox 965 3078 984 3101; x_wconf 85' lang='grc'>))</span> <span class='ocrx_word' id='word_1_271' title='bbox 1011 3063 1061 3104; x_wconf 88' lang='lat' dir='ltr'>Et</span> <span class='ocrx_word' id='word_1_272' title='bbox 1079 3073 1227 3103; x_wconf 86' lang='lat' dir='ltr'>rursus</span> <span class='ocrx_word' id='word_1_273' title='bbox 1242 3062 1288 3101; x_wconf 92' lang='lat' dir='ltr'>in</span> 
     </span>
     <span class='ocr_line' id='line_1_41' title="bbox 258 3135 1289 3191; baseline -0.006 -11"><span class='ocrx_word' id='word_1_274' title='bbox 258 3141 340 3181; x_wconf 91' lang='lat' dir='ltr'>hoc</span> <span class='ocrx_word' id='word_1_275' title='bbox 370 3139 610 3189; x_wconf 84' lang='lat' dir='ltr'>erudimur,</span> <span class='ocrx_word' id='word_1_276' title='bbox 641 3138 753 3191; x_wconf 84' lang='lat' dir='ltr'>quod</span> <span class='ocrx_word' id='word_1_277' title='bbox 779 3136 1008 3191; x_wconf 85' lang='lat' dir='ltr'>praedicare</span> <span class='ocrx_word' id='word_1_278' title='bbox 1034 3137 1075 3175; x_wconf 90' lang='lat' dir='ltr'>et</span> <span class='ocrx_word' id='word_1_279' title='bbox 1098 3135 1289 3175; x_wconf 87' lang='lat' dir='ltr'>laborare</span> 
     </span>
     <span class='ocr_line' id='line_1_42' title="bbox 261 3206 1290 3262; baseline -0.007 -10"><span class='ocrx_word' id='word_1_280' title='bbox 261 3214 377 3252; x_wconf 89' lang='lat' dir='ltr'>actus</span> <span class='ocrx_word' id='word_1_281' title='bbox 404 3213 466 3252; x_wconf 88' lang='lat' dir='ltr'>est</span> <span class='ocrx_word' id='word_1_282' title='bbox 483 3210 619 3252; x_wconf 87' lang='lat' dir='ltr'>virilis</span> <span class='ocrx_word' id='word_1_283' title='bbox 646 3212 687 3250; x_wconf 93' lang='lat' dir='ltr'>et</span> <span class='ocrx_word' id='word_1_284' title='bbox 713 3211 1014 3262; x_wconf 78' lang='lat' dir='ltr'>pert&#39;ectorum3</span> <span class='ocrx_word' id='word_1_285' title='bbox 1045 3207 1116 3247; x_wconf 87' lang='lat' dir='ltr'>sed</span> <span class='ocrx_word' id='word_1_286' title='bbox 1139 3206 1290 3246; x_wconf 89' lang='lat' dir='ltr'>minis-</span> 
     </span>
     <span class='ocr_line' id='line_1_43' title="bbox 260 3278 1288 3335; baseline -0.005 -13"><span class='ocrx_word' id='word_1_287' title='bbox 260 3285 372 3324; x_wconf 89' lang='lat' dir='ltr'>trare</span> <span class='ocrx_word' id='word_1_288' title='bbox 386 3315 399 3333; x_wconf 83' lang='lat'>,</span> <span class='ocrx_word' id='word_1_289' title='bbox 435 3281 780 3335; x_wconf 81' lang='lat' dir='ltr'>imperfectorum</span> <span class='ocrx_word' id='word_1_290' title='bbox 797 3312 810 3331; x_wconf 88' lang='lat'>,</span> <span class='ocrx_word' id='word_1_291' title='bbox 855 3283 1000 3333; x_wconf 83' lang='lat' dir='ltr'>utpote</span> <span class='ocrx_word' id='word_1_292' title='bbox 1044 3278 1288 3318; x_wconf 79' lang='lat' dir='ltr'>mulierum.</span> 
     </span>
     <span class='ocr_line' id='line_1_44' title="bbox 262 3349 1292 3404; baseline -0.003 -12"><span class='ocrx_word' id='word_1_293' title='bbox 262 3354 381 3395; x_wconf 87' lang='lat' dir='ltr'>Unde</span> <span class='ocrx_word' id='word_1_294' title='bbox 399 3357 440 3395; x_wconf 79' lang='lat'>⁸:</span> <span class='ocrx_word' id='word_1_295' title='bbox 468 3367 488 3392; x_wconf 74' lang='lat' dir='ltr'>c(</span> <span class='ocrx_word' id='word_1_296' title='bbox 509 3352 603 3394; x_wconf 92' lang='lat' dir='ltr'>Non</span> <span class='ocrx_word' id='word_1_297' title='bbox 622 3354 684 3393; x_wconf 88' lang='lat' dir='ltr'>est</span> <span class='ocrx_word' id='word_1_298' title='bbox 704 3363 878 3404; x_wconf 84' lang='lat' dir='ltr'>aequum</span> <span class='ocrx_word' id='word_1_299' title='bbox 901 3363 978 3392; x_wconf 89' lang='lat' dir='ltr'>nos</span> <span class='ocrx_word' id='word_1_300' title='bbox 998 3349 1292 3402; x_wconf 88' lang='lat' dir='ltr'>derelinquere</span> 
     </span>
     <span class='ocr_line' id='line_1_45' title="bbox 262 3421 1113 3476; baseline -0.008 -10"><span class='ocrx_word' id='word_1_301' title='bbox 262 3425 445 3466; x_wconf 87' lang='lat' dir='ltr'>verbum</span> <span class='ocrx_word' id='word_1_302' title='bbox 462 3424 554 3476; x_wconf 92' lang='lat' dir='ltr'>Dei,</span> <span class='ocrx_word' id='word_1_303' title='bbox 579 3426 621 3465; x_wconf 88' lang='lat' dir='ltr'>et</span> <span class='ocrx_word' id='word_1_304' title='bbox 639 3423 878 3464; x_wconf 88' lang='lat' dir='ltr'>ministrare</span> <span class='ocrx_word' id='word_1_305' title='bbox 895 3421 1071 3464; x_wconf 90' lang='lat' dir='ltr'>mensis.</span> <span class='ocrx_word' id='word_1_306' title='bbox 1094 3434 1113 3459; x_wconf 88' lang='grc'>»</span> 
     </span>
    </p>
   </div>
   <div class='ocr_carea' id='block_1_3' title="bbox 264 3527 1293 3621">
    <p class='ocr_par' dir='ltr' id='par_1_3' title="bbox 264 3527 1293 3621">
     <span class='ocr_line' id='line_1_46' title="bbox 304 3527 1293 3573; baseline -0.006 -10"><span class='ocrx_word' id='word_1_307' title='bbox 304 3532 372 3565; x_wconf 83' lang='lat' dir='ltr'>11V</span> <span class='ocrx_word' id='word_1_308' title='bbox 388 3531 476 3573; x_wconf 39' lang='lat' dir='ltr'>Bega,</span> <span class='ocrx_word' id='word_1_309' title='bbox 498 3539 545 3572; x_wconf 83' lang='lat' dir='ltr'>lv,</span> <span class='ocrx_word' id='word_1_310' title='bbox 557 3532 651 3565; x_wconf 83' lang='lat'>13.-</span> <span class='ocrx_word' id='word_1_311' title='bbox 664 3531 676 3551; x_wconf 81' lang='lat'><strong>²</strong></span> <span class='ocrx_word' id='word_1_312' title='bbox 690 3529 824 3569; x_wconf 60' lang='lat' dir='ltr'>Mami„</span> <span class='ocrx_word' id='word_1_313' title='bbox 838 3537 913 3569; x_wconf 77' lang='lat' dir='ltr'>vin,</span> <span class='ocrx_word' id='word_1_314' title='bbox 927 3527 1043 3561; x_wconf 46' lang='lat' dir='ltr'>lit-⁷·</span> <span class='ocrx_word' id='word_1_315' title='bbox 1065 3527 1159 3566; x_wconf 60' lang='lat' dir='ltr'>ned„</span> <span class='ocrx_word' id='word_1_316' title='bbox 1174 3527 1231 3559; x_wconf 86' lang='lat' dir='ltr'>lib.</span> <span class='ocrx_word' id='word_1_317' title='bbox 1252 3527 1293 3567; x_wconf 82' lang='grc' dir='ltr'>ΙΙ,</span> 
     </span>
     <span class='ocr_line' id='line_1_47' title="bbox 264 3575 1290 3621; baseline -0.005 -10"><span class='ocrx_word' id='word_1_318' title='bbox 264 3589 293 3611; x_wconf 90' lang='lat' dir='ltr'>c.</span> <span class='ocrx_word' id='word_1_319' title='bbox 318 3588 412 3620; x_wconf 80' lang='lat' dir='ltr'>xxlx,</span> <span class='ocrx_word' id='word_1_320' title='bbox 433 3581 468 3612; x_wconf 77' lang='lat' dir='ltr'>in</span> <span class='ocrx_word' id='word_1_321' title='bbox 487 3581 578 3621; x_wconf 59' lang='lat' dir='ltr'>Luc„</span> <span class='ocrx_word' id='word_1_322' title='bbox 596 3589 626 3611; x_wconf 85' lang='lat' dir='ltr'>e.</span> <span class='ocrx_word' id='word_1_323' title='bbox 648 3587 720 3612; x_wconf 80' lang='lat' dir='ltr'>vm.</span> <span class='ocrx_word' id='word_1_324' title='bbox 741 3596 779 3604; x_wconf 87' lang='lat'>-</span> <span class='ocrx_word' id='word_1_325' title='bbox 800 3579 842 3609; x_wconf 73' lang='lat'>⁴1</span> <span class='ocrx_word' id='word_1_326' title='bbox 867 3579 956 3616; x_wconf 66' lang='lat' dir='ltr'>Cor„</span> <span class='ocrx_word' id='word_1_327' title='bbox 977 3585 1030 3616; x_wconf 74' lang='lat' dir='ltr'>ix,</span> <span class='ocrx_word' id='word_1_328' title='bbox 1050 3578 1080 3608; x_wconf 79' lang='lat'>5.</span> <span class='ocrx_word' id='word_1_329' title='bbox 1100 3593 1141 3598; x_wconf 97' lang='lat'><strong>—</strong></span> <span class='ocrx_word' id='word_1_330' title='bbox 1160 3577 1170 3594; x_wconf 77' lang='lat'>⁵</span> <span class='ocrx_word' id='word_1_331' title='bbox 1192 3575 1290 3615; x_wconf 59' lang='lat' dir='ltr'>lbid„</span> 
     </span>
    </p>
   </div>
   <div class='ocr_carea' id='block_1_4' title="bbox 974 231 1651 299">
    <p class='ocr_par' dir='ltr' id='par_1_4' title="bbox 974 231 1651 299">
     <span class='ocr_line' id='line_1_48' title="bbox 974 231 1651 299; baseline -0.001 0"><span class='ocrx_word' id='word_1_332' title='bbox 974 252 1258 299; x_wconf 76' lang='lat' dir='ltr'><strong>EVANGELII</strong></span> <span class='ocrx_word' id='word_1_333' title='bbox 1289 231 1473 296; x_wconf 76' lang='lat' dir='ltr'>SANcri</span> <span class='ocrx_word' id='word_1_334' title='bbox 1502 254 1651 298; x_wconf 83' lang='lat' dir='ltr'><strong>LUCAE</strong></span> 
     </span>
    </p>
   </div>
   <div class='ocr_carea' id='block_1_5' title="bbox 1337 343 2386 2182">
    <p class='ocr_par' dir='ltr' id='par_1_5' title="bbox 1337 343 2386 2182">
     <span class='ocr_line' id='line_1_49' title="bbox 1393 343 2365 398; baseline -0.002 -12"><span class='ocrx_word' id='word_1_335' title='bbox 1393 344 1564 396; x_wconf 83' lang='lat' dir='ltr'>Quarto,</span> <span class='ocrx_word' id='word_1_336' title='bbox 1587 346 1796 398; x_wconf 85' lang='lat' dir='ltr'>quantum</span> <span class='ocrx_word' id='word_1_337' title='bbox 1815 343 1867 385; x_wconf 91' lang='lat' dir='ltr'>ad</span> <span class='ocrx_word' id='word_1_338' title='bbox 1886 345 2182 386; x_wconf 84' lang='lat' dir='ltr'>concurrentes</span> <span class='ocrx_word' id='word_1_339' title='bbox 2201 343 2365 385; x_wconf 89' lang='lat' dir='ltr'>ratione</span> 
     </span>
     <span class='ocr_line' id='line_1_50' title="bbox 1337 414 2363 469; baseline 0 -14"><span class='ocrx_word' id='word_1_340' title='bbox 1337 415 1457 455; x_wconf 89' lang='lat' dir='ltr'>verbi</span> <span class='ocrx_word' id='word_1_341' title='bbox 1489 416 1623 456; x_wconf 87' lang='lat' dir='ltr'>divini</span> <span class='ocrx_word' id='word_1_342' title='bbox 1654 415 1875 465; x_wconf 87' lang='lat' dir='ltr'>audiendi,</span> <span class='ocrx_word' id='word_1_343' title='bbox 1906 416 2155 469; x_wconf 87' lang='lat' dir='ltr'>adjungitur</span> <span class='ocrx_word' id='word_1_344' title='bbox 2185 418 2254 467; x_wconf 87' lang='lat' dir='ltr'>(v.</span> <span class='ocrx_word' id='word_1_345' title='bbox 2284 414 2363 468; x_wconf 48' lang='lat' dir='ltr'>sm:</span> 
     </span>
     <span class='ocr_line' id='line_1_51' title="bbox 1341 485 2366 539; baseline -0.001 -12"><span class='ocrx_word' id='word_1_346' title='bbox 1341 485 1443 527; x_wconf 77' lang='lat' dir='ltr'>Cum</span> <span class='ocrx_word' id='word_1_347' title='bbox 1469 494 1608 530; x_wconf 73' lang='lat' dir='ltr'>autem</span> <span class='ocrx_word' id='word_1_348' title='bbox 1634 487 1758 529; x_wconf 74' lang='lat' dir='ltr'>turba</span> <span class='ocrx_word' id='word_1_349' title='bbox 1780 487 1970 539; x_wconf 76' lang='lat' dir='ltr'>plurima</span> <span class='ocrx_word' id='word_1_350' title='bbox 1995 489 2257 537; x_wconf 75' lang='lat' dir='ltr'>conveniret,</span> <span class='ocrx_word' id='word_1_351' title='bbox 2288 486 2366 527; x_wconf 86' lang='lat' dir='ltr'>sci-</span> 
     </span>
     <span class='ocr_line' id='line_1_52' title="bbox 1338 556 2367 608; baseline 0.002 -12"><span class='ocrx_word' id='word_1_352' title='bbox 1338 556 1435 597; x_wconf 89' lang='lat' dir='ltr'>licet</span> <span class='ocrx_word' id='word_1_353' title='bbox 1466 558 1519 597; x_wconf 89' lang='lat' dir='ltr'>ad</span> <span class='ocrx_word' id='word_1_354' title='bbox 1548 558 1807 599; x_wconf 87' lang='lat' dir='ltr'>audiendum</span> <span class='ocrx_word' id='word_1_355' title='bbox 1839 558 2099 608; x_wconf 79' lang='lat' dir='ltr'>doctrinam,</span> <span class='ocrx_word' id='word_1_356' title='bbox 2136 558 2367 598; x_wconf 83' lang='lat' dir='ltr'>secundum</span> 
     </span>
     <span class='ocr_line' id='line_1_53' title="bbox 1339 626 2370 682; baseline 0.002 -16"><span class='ocrx_word' id='word_1_357' title='bbox 1339 626 1444 667; x_wconf 90' lang='lat' dir='ltr'>illud</span> <span class='ocrx_word' id='word_1_358' title='bbox 1460 631 1474 651; x_wconf 79' lang='lat'>⁰</span> <span class='ocrx_word' id='word_1_359' title='bbox 1495 641 1504 668; x_wconf 91' lang='lat'><strong>:</strong></span> <span class='ocrx_word' id='word_1_360' title='bbox 1532 643 1551 666; x_wconf 77' lang='lat' dir='ltr'>c(</span> <span class='ocrx_word' id='word_1_361' title='bbox 1571 629 1662 681; x_wconf 86' lang='lat' dir='ltr'>Ego</span> <span class='ocrx_word' id='word_1_362' title='bbox 1685 631 1859 682; x_wconf 85' lang='lat' dir='ltr'>semper</span> <span class='ocrx_word' id='word_1_363' title='bbox 1878 628 2001 669; x_wconf 89' lang='lat' dir='ltr'>docui</span> <span class='ocrx_word' id='word_1_364' title='bbox 2020 628 2065 668; x_wconf 89' lang='lat' dir='ltr'>in</span> <span class='ocrx_word' id='word_1_365' title='bbox 2085 639 2310 681; x_wconf 74' lang='lat' dir='ltr'>synagoga</span> <span class='ocrx_word' id='word_1_366' title='bbox 2329 631 2370 668; x_wconf 90' lang='lat' dir='ltr'>et</span> 
     </span>
     <span class='ocr_line' id='line_1_54' title="bbox 1339 697 2371 752; baseline 0.001 -16"><span class='ocrx_word' id='word_1_367' title='bbox 1339 697 1384 737; x_wconf 91' lang='lat' dir='ltr'>in</span> <span class='ocrx_word' id='word_1_368' title='bbox 1405 698 1574 750; x_wconf 88' lang='lat' dir='ltr'>templo,</span> <span class='ocrx_word' id='word_1_369' title='bbox 1597 712 1681 752; x_wconf 85' lang='lat' dir='ltr'>quo</span> <span class='ocrx_word' id='word_1_370' title='bbox 1701 711 1849 740; x_wconf 90' lang='lat' dir='ltr'>omnes</span> <span class='ocrx_word' id='word_1_371' title='bbox 1869 699 2004 740; x_wconf 75' lang='lat' dir='ltr'>Judaei</span> <span class='ocrx_word' id='word_1_372' title='bbox 2024 698 2307 746; x_wconf 82' lang='lat' dir='ltr'>conveniunt3</span> <span class='ocrx_word' id='word_1_373' title='bbox 2331 699 2371 737; x_wconf 91' lang='lat' dir='ltr'>et</span> 
     </span>
     <span class='ocr_line' id='line_1_55' title="bbox 1338 761 2369 820; baseline 0 -12"><span class='ocrx_word' id='word_1_374' title='bbox 1338 768 1383 808; x_wconf 88' lang='lat' dir='ltr'>in</span> <span class='ocrx_word' id='word_1_375' title='bbox 1403 769 1566 810; x_wconf 91' lang='lat' dir='ltr'>occulto</span> <span class='ocrx_word' id='word_1_376' title='bbox 1585 769 1751 812; x_wconf 89' lang='lat' dir='ltr'>locutus</span> <span class='ocrx_word' id='word_1_377' title='bbox 1771 761 1868 811; x_wconf 87' lang='lat' dir='ltr'>sum</span> <span class='ocrx_word' id='word_1_378' title='bbox 1887 769 2009 810; x_wconf 89' lang='lat' dir='ltr'>nihil.</span> <span class='ocrx_word' id='word_1_379' title='bbox 2035 783 2054 807; x_wconf 64' lang='lat'>»³</span> <span class='ocrx_word' id='word_1_380' title='bbox 2078 768 2129 810; x_wconf 79' lang='lat' dir='ltr'>Et</span> <span class='ocrx_word' id='word_1_381' title='bbox 2149 769 2207 809; x_wconf 85' lang='lat' dir='ltr'>sic</span> <span class='ocrx_word' id='word_1_382' title='bbox 2224 767 2369 820; x_wconf 88' lang='lat' dir='ltr'>imple-</span> 
     </span>
     <span class='ocr_line' id='line_1_56' title="bbox 1338 841 2371 884; baseline -0.001 -4"><span class='ocrx_word' id='word_1_383' title='bbox 1338 842 1409 881; x_wconf 87' lang='lat' dir='ltr'>tur</span> <span class='ocrx_word' id='word_1_384' title='bbox 1428 841 1532 882; x_wconf 88' lang='lat' dir='ltr'>illud</span> <span class='ocrx_word' id='word_1_385' title='bbox 1552 842 1680 884; x_wconf 76' lang='lat' dir='ltr'>Isaz&#39;oe</span> <span class='ocrx_word' id='word_1_386' title='bbox 1703 844 1729 867; x_wconf 88' lang='lat'>¹⁰</span> <span class='ocrx_word' id='word_1_387' title='bbox 1749 857 1789 883; x_wconf 79' lang='lat' dir='ltr'>z«</span> <span class='ocrx_word' id='word_1_388' title='bbox 1807 842 1856 884; x_wconf 90' lang='lat' dir='ltr'>Et</span> <span class='ocrx_word' id='word_1_389' title='bbox 1875 842 2008 883; x_wconf 82' lang='lat' dir='ltr'>fluent</span> <span class='ocrx_word' id='word_1_390' title='bbox 2026 842 2078 883; x_wconf 87' lang='lat' dir='ltr'>ad</span> <span class='ocrx_word' id='word_1_391' title='bbox 2103 852 2203 882; x_wconf 90' lang='lat' dir='ltr'>eum</span> <span class='ocrx_word' id='word_1_392' title='bbox 2223 850 2371 881; x_wconf 90' lang='lat' dir='ltr'>omnes</span> 
     </span>
     <span class='ocr_line' id='line_1_57' title="bbox 1341 911 2370 967; baseline -0.002 -14"><span class='ocrx_word' id='word_1_393' title='bbox 1341 917 1508 964; x_wconf 81' lang='lat' dir='ltr'>gentes;</span> <span class='ocrx_word' id='word_1_394' title='bbox 1535 917 1576 955; x_wconf 86' lang='lat' dir='ltr'>et</span> <span class='ocrx_word' id='word_1_395' title='bbox 1604 914 1726 955; x_wconf 89' lang='lat' dir='ltr'>ibunt</span> <span class='ocrx_word' id='word_1_396' title='bbox 1755 913 1901 967; x_wconf 88' lang='lat' dir='ltr'>populi</span> <span class='ocrx_word' id='word_1_397' title='bbox 1920 913 2067 966; x_wconf 75' lang='lat' dir='ltr'>[multi.</span> <span class='ocrx_word' id='word_1_398' title='bbox 2088 926 2108 950; x_wconf 83' lang='grc'>))</span> <span class='ocrx_word' id='word_1_399' title='bbox 2134 911 2251 966; x_wconf 84' lang='lat' dir='ltr'>Unde</span> <span class='ocrx_word' id='word_1_400' title='bbox 2270 923 2370 952; x_wconf 88' lang='lat' dir='ltr'>con-</span> 
     </span>
     <span class='ocr_line' id='line_1_58' title="bbox 1342 982 2374 1036; baseline -0.002 -12"><span class='ocrx_word' id='word_1_401' title='bbox 1342 985 1638 1036; x_wconf 83' lang='lat' dir='ltr'>gregabantur</span> <span class='ocrx_word' id='word_1_402' title='bbox 1651 986 1695 1025; x_wconf 92' lang='lat' dir='ltr'>in</span> <span class='ocrx_word' id='word_1_403' title='bbox 1710 985 1993 1036; x_wconf 85' lang='lat' dir='ltr'>multitudine,</span> <span class='ocrx_word' id='word_1_404' title='bbox 2013 986 2053 1026; x_wconf 91' lang='lat' dir='ltr'>et</span> <span class='ocrx_word' id='word_1_405' title='bbox 2066 982 2374 1025; x_wconf 86' lang='lat' dir='ltr'>conveniebant</span> 
     </span>
     <span class='ocr_line' id='line_1_59' title="bbox 1340 1054 2374 1109; baseline 0.002 -15"><span class='ocrx_word' id='word_1_406' title='bbox 1340 1055 1385 1094; x_wconf 92' lang='lat' dir='ltr'>in</span> <span class='ocrx_word' id='word_1_407' title='bbox 1414 1056 1768 1109; x_wconf 87' lang='lat' dir='ltr'>promptitudine;</span> <span class='ocrx_word' id='word_1_408' title='bbox 1798 1057 1892 1098; x_wconf 89' lang='lat' dir='ltr'>ideo</span> <span class='ocrx_word' id='word_1_409' title='bbox 1918 1056 2088 1097; x_wconf 82' lang='lat' dir='ltr'>subdit:</span> <span class='ocrx_word' id='word_1_410' title='bbox 2119 1057 2173 1098; x_wconf 80' lang='lat' dir='ltr'>Ec</span> <span class='ocrx_word' id='word_1_411' title='bbox 2197 1054 2247 1097; x_wconf 83' lang='lat' dir='ltr'>de</span> <span class='ocrx_word' id='word_1_412' title='bbox 2265 1055 2374 1096; x_wconf 78' lang='lat' dir='ltr'>civi-</span> 
     </span>
     <span class='ocr_line' id='line_1_60' title="bbox 1342 1126 2374 1180; baseline -0.003 -12"><span class='ocrx_word' id='word_1_413' title='bbox 1342 1126 1500 1169; x_wconf 74' lang='lat' dir='ltr'>tatibus</span> <span class='ocrx_word' id='word_1_414' title='bbox 1519 1130 1795 1180; x_wconf 74' lang='lat' dir='ltr'>properarent</span> <span class='ocrx_word' id='word_1_415' title='bbox 1815 1128 1873 1170; x_wconf 78' lang='lat' dir='ltr'>acl</span> <span class='ocrx_word' id='word_1_416' title='bbox 1889 1139 2003 1178; x_wconf 76' lang='lat' dir='ltr'>eum,</span> <span class='ocrx_word' id='word_1_417' title='bbox 2024 1127 2181 1168; x_wconf 85' lang='lat' dir='ltr'>scilicet</span> <span class='ocrx_word' id='word_1_418' title='bbox 2201 1126 2374 1167; x_wconf 85' lang='lat' dir='ltr'>audien-</span> 
     </span>
     <span class='ocr_line' id='line_1_61' title="bbox 1341 1197 2373 1252; baseline -0.001 -14"><span class='ocrx_word' id='word_1_419' title='bbox 1341 1198 1461 1239; x_wconf 88' lang='lat' dir='ltr'>dum.</span> <span class='ocrx_word' id='word_1_420' title='bbox 1486 1199 1615 1242; x_wconf 72' lang='lat' dir='ltr'>Dixit</span> <span class='ocrx_word' id='word_1_421' title='bbox 1637 1210 1712 1252; x_wconf 70' lang='lat' dir='ltr'>per</span> <span class='ocrx_word' id='word_1_422' title='bbox 1731 1198 2088 1250; x_wconf 75' lang='lat' dir='ltr'>similitudinem,</span> <span class='ocrx_word' id='word_1_423' title='bbox 2119 1197 2275 1238; x_wconf 85' lang='lat' dir='ltr'>scilicet</span> <span class='ocrx_word' id='word_1_424' title='bbox 2295 1208 2373 1250; x_wconf 86' lang='lat' dir='ltr'>pa-</span> 
     </span>
     <span class='ocr_line' id='line_1_62' title="bbox 1341 1269 2377 1324; baseline 0 -14"><span class='ocrx_word' id='word_1_425' title='bbox 1341 1270 1570 1312; x_wconf 87' lang='lat' dir='ltr'>rabolicam</span> <span class='ocrx_word' id='word_1_426' title='bbox 1607 1283 1681 1324; x_wconf 89' lang='lat' dir='ltr'>per</span> <span class='ocrx_word' id='word_1_427' title='bbox 1710 1274 1876 1324; x_wconf 85' lang='lat' dir='ltr'>apertas</span> <span class='ocrx_word' id='word_1_428' title='bbox 1905 1283 1994 1323; x_wconf 87' lang='lat' dir='ltr'>res,</span> <span class='ocrx_word' id='word_1_429' title='bbox 2031 1271 2185 1324; x_wconf 86' lang='lat' dir='ltr'>quibus</span> <span class='ocrx_word' id='word_1_430' title='bbox 2216 1269 2377 1311; x_wconf 90' lang='lat' dir='ltr'>assueti</span> 
     </span>
     <span class='ocr_line' id='line_1_63' title="bbox 1342 1341 2377 1385; baseline -0.001 -2"><span class='ocrx_word' id='word_1_431' title='bbox 1342 1345 1485 1384; x_wconf 88' lang='lat' dir='ltr'>erant:</span> <span class='ocrx_word' id='word_1_432' title='bbox 1508 1346 1549 1384; x_wconf 92' lang='lat' dir='ltr'>et</span> <span class='ocrx_word' id='word_1_433' title='bbox 1566 1343 1658 1384; x_wconf 89' lang='lat' dir='ltr'>ideo</span> <span class='ocrx_word' id='word_1_434' title='bbox 1685 1343 1738 1385; x_wconf 88' lang='lat' dir='ltr'>ad</span> <span class='ocrx_word' id='word_1_435' title='bbox 1764 1344 2025 1385; x_wconf 89' lang='lat' dir='ltr'>audiendum</span> <span class='ocrx_word' id='word_1_436' title='bbox 2056 1354 2154 1384; x_wconf 88' lang='lat' dir='ltr'>cum</span> <span class='ocrx_word' id='word_1_437' title='bbox 2173 1341 2377 1383; x_wconf 89' lang='lat' dir='ltr'>desiderio</span> 
     </span>
     <span class='ocr_line' id='line_1_64' title="bbox 1342 1413 2376 1468; baseline -0.001 -14"><span class='ocrx_word' id='word_1_438' title='bbox 1342 1415 1640 1467; x_wconf 87' lang='lat' dir='ltr'>properabant.</span> <span class='ocrx_word' id='word_1_439' title='bbox 1670 1414 1788 1456; x_wconf 88' lang='lat' dir='ltr'>Unde</span> <span class='ocrx_word' id='word_1_440' title='bbox 1821 1414 2170 1468; x_wconf 88' lang='lat' dir='ltr'>Chrysostomus:</span> <span class='ocrx_word' id='word_1_441' title='bbox 2203 1427 2222 1451; x_wconf 79' lang='lat' dir='ltr'>c(</span> <span class='ocrx_word' id='word_1_442' title='bbox 2254 1413 2376 1454; x_wconf 87' lang='lat' dir='ltr'>Com-</span> 
     </span>
     <span class='ocr_line' id='line_1_65' title="bbox 1342 1484 2376 1539; baseline -0.001 -14"><span class='ocrx_word' id='word_1_443' title='bbox 1342 1485 1522 1526; x_wconf 88' lang='lat' dir='ltr'>miscens</span> <span class='ocrx_word' id='word_1_444' title='bbox 1538 1485 1760 1539; x_wconf 87' lang='lat' dir='ltr'>parabolas</span> <span class='ocrx_word' id='word_1_445' title='bbox 1777 1498 1876 1526; x_wconf 92' lang='lat' dir='ltr'>cum</span> <span class='ocrx_word' id='word_1_446' title='bbox 1894 1485 2089 1538; x_wconf 87' lang='lat' dir='ltr'>ampliori</span> <span class='ocrx_word' id='word_1_447' title='bbox 2108 1484 2376 1537; x_wconf 86' lang='lat' dir='ltr'>mitigatione</span> 
     </span>
     <span class='ocr_line' id='line_1_66' title="bbox 1343 1555 2372 1607; baseline -0.002 -10"><span class='ocrx_word' id='word_1_448' title='bbox 1343 1556 1579 1598; x_wconf 86' lang='lat' dir='ltr'>attrahebat</span> <span class='ocrx_word' id='word_1_449' title='bbox 1598 1557 1827 1606; x_wconf 79' lang='lat' dir='ltr'>auditores,</span> <span class='ocrx_word' id='word_1_450' title='bbox 1847 1556 1952 1597; x_wconf 88' lang='lat' dir='ltr'>etde</span> <span class='ocrx_word' id='word_1_451' title='bbox 1972 1568 2084 1607; x_wconf 88' lang='lat' dir='ltr'>area,</span> <span class='ocrx_word' id='word_1_452' title='bbox 2102 1557 2143 1596; x_wconf 89' lang='lat' dir='ltr'>et</span> <span class='ocrx_word' id='word_1_453' title='bbox 2164 1556 2214 1596; x_wconf 92' lang='lat' dir='ltr'>de</span> <span class='ocrx_word' id='word_1_454' title='bbox 2232 1555 2372 1607; x_wconf 89' lang='lat' dir='ltr'>vinea,</span> 
     </span>
     <span class='ocr_line' id='line_1_67' title="bbox 1344 1627 2376 1680; baseline -0.003 -11"><span class='ocrx_word' id='word_1_455' title='bbox 1344 1631 1384 1670; x_wconf 90' lang='lat' dir='ltr'>et</span> <span class='ocrx_word' id='word_1_456' title='bbox 1401 1629 1452 1669; x_wconf 90' lang='lat' dir='ltr'>de</span> <span class='ocrx_word' id='word_1_457' title='bbox 1471 1641 1591 1680; x_wconf 85' lang='lat' dir='ltr'>agro.</span> <span class='ocrx_word' id='word_1_458' title='bbox 1613 1644 1631 1667; x_wconf 72' lang='lat' dir='ltr'>n</span> <span class='ocrx_word' id='word_1_459' title='bbox 1658 1628 1776 1669; x_wconf 89' lang='lat' dir='ltr'>Unde</span> <span class='ocrx_word' id='word_1_460' title='bbox 1795 1628 1848 1669; x_wconf 91' lang='lat' dir='ltr'>ad</span> <span class='ocrx_word' id='word_1_461' title='bbox 1865 1629 1976 1668; x_wconf 88' lang='lat' dir='ltr'>hanc</span> <span class='ocrx_word' id='word_1_462' title='bbox 1995 1627 2233 1668; x_wconf 85' lang='lat' dir='ltr'>doctrinam</span> <span class='ocrx_word' id='word_1_463' title='bbox 2252 1639 2376 1679; x_wconf 88' lang='lat' dir='ltr'>para-</span> 
     </span>
     <span class='ocr_line' id='line_1_68' title="bbox 1344 1697 2377 1749; baseline 0 -10"><span class='ocrx_word' id='word_1_464' title='bbox 1344 1699 1526 1739; x_wconf 86' lang='lat' dir='ltr'>bolicam</span> <span class='ocrx_word' id='word_1_465' title='bbox 1541 1711 1688 1740; x_wconf 89' lang='lat' dir='ltr'>omnes</span> <span class='ocrx_word' id='word_1_466' title='bbox 1701 1699 1952 1749; x_wconf 82' lang='lat' dir='ltr'>invitantur,</span> <span class='ocrx_word' id='word_1_467' title='bbox 1966 1698 2198 1739; x_wconf 88' lang='lat' dir='ltr'>secundum</span> <span class='ocrx_word' id='word_1_468' title='bbox 2211 1697 2316 1739; x_wconf 86' lang='lat' dir='ltr'>illud</span> <span class='ocrx_word' id='word_1_469' title='bbox 2330 1698 2354 1719; x_wconf 89' lang='lat'>¹¹</span> <span class='ocrx_word' id='word_1_470' title='bbox 2368 1713 2377 1739; x_wconf 80' lang='lat' dir='ltr'>z</span> 
     </span>
     <span class='ocr_line' id='line_1_69' title="bbox 1351 1769 2380 1822; baseline 0.004 -15"><span class='ocrx_word' id='word_1_471' title='bbox 1351 1785 1370 1808; x_wconf 85' lang='lat'>«</span> <span class='ocrx_word' id='word_1_472' title='bbox 1389 1770 1542 1812; x_wconf 89' lang='lat' dir='ltr'>Audite</span> <span class='ocrx_word' id='word_1_473' title='bbox 1561 1770 1654 1811; x_wconf 81' lang='lat' dir='ltr'>haec</span> <span class='ocrx_word' id='word_1_474' title='bbox 1674 1782 1821 1811; x_wconf 87' lang='lat' dir='ltr'>omnes</span> <span class='ocrx_word' id='word_1_475' title='bbox 1842 1772 1991 1822; x_wconf 81' lang='lat' dir='ltr'>gentes</span> <span class='ocrx_word' id='word_1_476' title='bbox 2011 1783 2020 1811; x_wconf 75' lang='grc' dir='ltr'>ε</span> <span class='ocrx_word' id='word_1_477' title='bbox 2044 1769 2219 1810; x_wconf 86' lang='lat' dir='ltr'>auribus</span> <span class='ocrx_word' id='word_1_478' title='bbox 2241 1770 2380 1822; x_wconf 90' lang='lat' dir='ltr'>perci-</span> 
     </span>
     <span class='ocr_line' id='line_1_70' title="bbox 1345 1841 2384 1896; baseline 0.002 -14"><span class='ocrx_word' id='word_1_479' title='bbox 1345 1842 1430 1895; x_wconf 92' lang='lat' dir='ltr'>pite</span> <span class='ocrx_word' id='word_1_480' title='bbox 1459 1855 1607 1884; x_wconf 89' lang='lat' dir='ltr'>omnes</span> <span class='ocrx_word' id='word_1_481' title='bbox 1638 1843 1711 1896; x_wconf 83' lang='lat' dir='ltr'>qui</span> <span class='ocrx_word' id='word_1_482' title='bbox 1740 1843 1940 1884; x_wconf 87' lang='lat' dir='ltr'>habitatis</span> <span class='ocrx_word' id='word_1_483' title='bbox 1973 1843 2136 1884; x_wconf 88' lang='lat' dir='ltr'>orbem.</span> <span class='ocrx_word' id='word_1_484' title='bbox 2165 1856 2184 1880; x_wconf 84' lang='grc'>))</span> <span class='ocrx_word' id='word_1_485' title='bbox 2210 1841 2260 1883; x_wconf 84' lang='lat' dir='ltr'>Et</span> <span class='ocrx_word' id='word_1_486' title='bbox 2291 1845 2384 1896; x_wconf 86' lang='lat' dir='ltr'>post</span> 
     </span>
     <span class='ocr_line' id='line_1_71' title="bbox 1346 1914 2381 1967; baseline 0 -13"><span class='ocrx_word' id='word_1_487' title='bbox 1346 1914 1568 1955; x_wconf 87' lang='lat' dir='ltr'>subditur:</span> <span class='ocrx_word' id='word_1_488' title='bbox 1594 1929 1612 1953; x_wconf 83' lang='lat'>«</span> <span class='ocrx_word' id='word_1_489' title='bbox 1639 1914 1852 1955; x_wconf 88' lang='lat' dir='ltr'>Inclinabo</span> <span class='ocrx_word' id='word_1_490' title='bbox 1880 1914 1925 1955; x_wconf 89' lang='lat' dir='ltr'>in</span> <span class='ocrx_word' id='word_1_491' title='bbox 1957 1914 2203 1967; x_wconf 87' lang='lat' dir='ltr'>parabolam</span> <span class='ocrx_word' id='word_1_492' title='bbox 2236 1926 2381 1954; x_wconf 88' lang='lat' dir='ltr'>aurem</span> 
     </span>
     <span class='ocr_line' id='line_1_72' title="bbox 1346 1984 2385 2040; baseline -0.002 -13"><span class='ocrx_word' id='word_1_493' title='bbox 1346 1998 1511 2037; x_wconf 85' lang='lat' dir='ltr'>meam,</span> <span class='ocrx_word' id='word_1_494' title='bbox 1534 1985 1720 2040; x_wconf 88' lang='lat' dir='ltr'>aperiam</span> <span class='ocrx_word' id='word_1_495' title='bbox 1749 1986 1795 2026; x_wconf 95' lang='lat' dir='ltr'>in</span> <span class='ocrx_word' id='word_1_496' title='bbox 1827 1985 2023 2038; x_wconf 85' lang='lat' dir='ltr'>psalterio</span> <span class='ocrx_word' id='word_1_497' title='bbox 2052 1984 2385 2038; x_wconf 87' lang='lat' dir='ltr'>propositionem</span> 
     </span>
     <span class='ocr_line' id='line_1_73' title="bbox 1348 2055 2386 2109; baseline -0.003 -11"><span class='ocrx_word' id='word_1_498' title='bbox 1348 2069 1511 2098; x_wconf 87' lang='lat' dir='ltr'>meam:</span> <span class='ocrx_word' id='word_1_499' title='bbox 1530 2072 1549 2096; x_wconf 88' lang='lat'>»</span> <span class='ocrx_word' id='word_1_500' title='bbox 1566 2057 1616 2098; x_wconf 89' lang='lat' dir='ltr'>Et</span> <span class='ocrx_word' id='word_1_501' title='bbox 1634 2068 1784 2098; x_wconf 88' lang='lat' dir='ltr'>rursus</span> <span class='ocrx_word' id='word_1_502' title='bbox 1799 2057 1828 2082; x_wconf 73' lang='lat'>¹2</span> <span class='ocrx_word' id='word_1_503' title='bbox 1842 2071 1850 2097; x_wconf 91' lang='lat'>:</span> <span class='ocrx_word' id='word_1_504' title='bbox 1863 2071 1882 2095; x_wconf 85' lang='lat'>«</span> <span class='ocrx_word' id='word_1_505' title='bbox 1896 2055 2098 2109; x_wconf 85' lang='lat' dir='ltr'>Aperiam</span> <span class='ocrx_word' id='word_1_506' title='bbox 2112 2055 2157 2096; x_wconf 89' lang='lat' dir='ltr'>in</span> <span class='ocrx_word' id='word_1_507' title='bbox 2175 2055 2386 2108; x_wconf 84' lang='lat' dir='ltr'>parabolis</span> 
     </span>
     <span class='ocr_line' id='line_1_74' title="bbox 1349 2127 2380 2182; baseline -0.005 -12"><span class='ocrx_word' id='word_1_508' title='bbox 1349 2141 1395 2170; x_wconf 94' lang='lat' dir='ltr'>os</span> <span class='ocrx_word' id='word_1_509' title='bbox 1422 2142 1592 2170; x_wconf 89' lang='lat' dir='ltr'>meum:</span> <span class='ocrx_word' id='word_1_510' title='bbox 1622 2129 1776 2182; x_wconf 86' lang='lat' dir='ltr'>loquar</span> <span class='ocrx_word' id='word_1_511' title='bbox 1797 2127 2103 2182; x_wconf 90' lang='lat' dir='ltr'>propositiones</span> <span class='ocrx_word' id='word_1_512' title='bbox 2125 2127 2178 2168; x_wconf 85' lang='lat' dir='ltr'>ab</span> <span class='ocrx_word' id='word_1_513' title='bbox 2198 2127 2334 2169; x_wconf 91' lang='lat' dir='ltr'>initio.</span> <span class='ocrx_word' id='word_1_514' title='bbox 2361 2142 2380 2166; x_wconf 63' lang='lat'>&gt;³</span> 
     </span>
    </p>
   </div>
   <div class='ocr_carea' id='block_1_6' title="bbox 1340 2195 2276 2241">
    <p class='ocr_par' dir='ltr' id='par_1_6' title="bbox 1340 2195 2276 2241">
     <span class='ocr_line' id='line_1_75' title="bbox 1340 2195 2276 2241; baseline 0 -1"><span class='ocrx_word' id='word_1_515' title='bbox 1340 2195 1401 2240; x_wconf 82' lang='lat' dir='ltr'>&#39;Et</span> <span class='ocrx_word' id='word_1_516' title='bbox 1420 2200 1479 2240; x_wconf 90' lang='lat' dir='ltr'>sic</span> <span class='ocrx_word' id='word_1_517' title='bbox 1497 2200 1604 2240; x_wconf 85' lang='lat' dir='ltr'>facta</span> <span class='ocrx_word' id='word_1_518' title='bbox 1624 2203 1687 2241; x_wconf 90' lang='lat' dir='ltr'>est</span> <span class='ocrx_word' id='word_1_519' title='bbox 1706 2199 1952 2240; x_wconf 84' lang='lat' dir='ltr'>exercitatio</span> <span class='ocrx_word' id='word_1_520' title='bbox 1976 2199 2276 2240; x_wconf 89' lang='lat' dir='ltr'>multitudinis.</span> 
     </span>
    </p>
   </div>
   <div class='ocr_carea' id='block_1_7' title="bbox 1351 2270 2549 3321">
    <p class='ocr_par' dir='ltr' id='par_1_7' title="bbox 1351 2270 2549 3321">
     <span class='ocr_line' id='line_1_76' title="bbox 1404 2270 2385 2324; baseline 0 -12"><span class='ocrx_word' id='word_1_521' title='bbox 1404 2275 1443 2312; x_wconf 79' lang='lat'>5.</span> <span class='ocrx_word' id='word_1_522' title='bbox 1467 2272 1598 2314; x_wconf 75' lang='lat' dir='ltr'>Eoez‘it</span> <span class='ocrx_word' id='word_1_523' title='bbox 1616 2272 1693 2324; x_wconf 78' lang='lat' dir='ltr'>qui</span> <span class='ocrx_word' id='word_1_524' title='bbox 1709 2272 1907 2321; x_wconf 76' lang='lat' dir='ltr'>seminat,</span> <span class='ocrx_word' id='word_1_525' title='bbox 1930 2272 2008 2311; x_wconf 86' lang='lat' dir='ltr'>ete.</span> <span class='ocrx_word' id='word_1_526' title='bbox 2031 2270 2130 2311; x_wconf 91' lang='lat' dir='ltr'>Post</span> <span class='ocrx_word' id='word_1_527' title='bbox 2148 2282 2385 2323; x_wconf 86' lang='lat' dir='ltr'>congrega-</span> 
     </span>
     <span class='ocr_line' id='line_1_77' title="bbox 1351 2341 2387 2393; baseline 0 -9"><span class='ocrx_word' id='word_1_528' title='bbox 1351 2344 1512 2385; x_wconf 88' lang='lat' dir='ltr'>tionem</span> <span class='ocrx_word' id='word_1_529' title='bbox 1548 2342 1864 2393; x_wconf 82' lang='lat' dir='ltr'>multitudinis,</span> <span class='ocrx_word' id='word_1_530' title='bbox 1905 2341 2074 2382; x_wconf 86' lang='lat' dir='ltr'>additur</span> <span class='ocrx_word' id='word_1_531' title='bbox 2101 2341 2169 2382; x_wconf 82' lang='lat' dir='ltr'>hic·</span> <span class='ocrx_word' id='word_1_532' title='bbox 2202 2343 2387 2384; x_wconf 90' lang='lat' dir='ltr'>secundo</span> 
     </span>
     <span class='ocr_line' id='line_1_78' title="bbox 1351 2413 2388 2469; baseline -0.002 -12"><span class='ocrx_word' id='word_1_533' title='bbox 1351 2415 1584 2469; x_wconf 90' lang='lat' dir='ltr'>propositio</span> <span class='ocrx_word' id='word_1_534' title='bbox 1622 2413 1924 2455; x_wconf 89' lang='lat' dir='ltr'>similitudinis.</span> <span class='ocrx_word' id='word_1_535' title='bbox 1966 2413 2017 2453; x_wconf 91' lang='lat' dir='ltr'>Et</span> <span class='ocrx_word' id='word_1_536' title='bbox 2053 2413 2154 2466; x_wconf 88' lang='lat' dir='ltr'>quia</span> <span class='ocrx_word' id='word_1_537' title='bbox 2199 2413 2388 2455; x_wconf 88' lang='lat' dir='ltr'>doctrina</span> 
     </span>
     <span class='ocr_line' id='line_1_79' title="bbox 1353 2484 2548 2537; baseline -0.004 -9"><span class='ocrx_word' id='word_1_538' title='bbox 1353 2488 1476 2529; x_wconf 90' lang='lat' dir='ltr'>debet</span> <span class='ocrx_word' id='word_1_539' title='bbox 1515 2499 1606 2528; x_wconf 89' lang='lat' dir='ltr'>esse</span> <span class='ocrx_word' id='word_1_540' title='bbox 1647 2486 1882 2528; x_wconf 91' lang='lat' dir='ltr'>secundum</span> <span class='ocrx_word' id='word_1_541' title='bbox 1925 2484 2191 2537; x_wconf 78' lang='lat' dir='ltr'>exigentiam</span> <span class='ocrx_word' id='word_1_542' title='bbox 2228 2485 2388 2527; x_wconf 84' lang='lat' dir='ltr'>audito·</span> <span class='ocrx_word' id='word_1_543' title='bbox 2431 2497 2548 2524; x_wconf 71' lang='lat' dir='ltr'>Audito-</span> 
     </span>
     <span class='ocr_line' id='line_1_80' title="bbox 1353 2539 2549 2610; baseline -0.003 -10"><span class='ocrx_word' id='word_1_544' title='bbox 1353 2571 1477 2609; x_wconf 89' lang='lat' dir='ltr'>rum;</span> <span class='ocrx_word' id='word_1_545' title='bbox 1504 2558 1597 2600; x_wconf 90' lang='lat' dir='ltr'>ideo</span> <span class='ocrx_word' id='word_1_546' title='bbox 1618 2558 1847 2599; x_wconf 84' lang='lat' dir='ltr'>similitudo</span> <span class='ocrx_word' id='word_1_547' title='bbox 1875 2557 2085 2610; x_wconf 87' lang='lat' dir='ltr'>proposita</span> <span class='ocrx_word' id='word_1_548' title='bbox 2114 2558 2297 2610; x_wconf 85' lang='lat' dir='ltr'>quatuor</span> <span class='ocrx_word' id='word_1_549' title='bbox 2318 2557 2389 2598; x_wconf 90' lang='lat' dir='ltr'>ha·</span> <span class='ocrx_word' id='word_1_550' title='bbox 2408 2539 2549 2606; x_wconf 56' lang='grc' dir='ltr'>Ξῗῖἰζῗᾟ</span> 
     </span>
     <span class='ocr_line' id='line_1_81' title="bbox 1354 2621 2541 2697; baseline -0.003 -26"><span class='ocrx_word' id='word_1_551' title='bbox 1354 2630 1425 2671; x_wconf 87' lang='lat' dir='ltr'>bet</span> <span class='ocrx_word' id='word_1_552' title='bbox 1454 2630 1710 2671; x_wconf 83' lang='lat' dir='ltr'>differentias</span> <span class='ocrx_word' id='word_1_553' title='bbox 1745 2629 2063 2679; x_wconf 87' lang='lat' dir='ltr'>membrorum,</span> <span class='ocrx_word' id='word_1_554' title='bbox 2103 2631 2389 2680; x_wconf 81' lang='lat' dir='ltr'>congruentes</span> <span class='ocrx_word' id='word_1_555' title='bbox 2415 2621 2541 2697; x_wconf 52' lang='lat' dir='ltr'><strong>qffi‘je‘iu·</strong></span> 
     </span>
     <span class='ocr_line' id='line_1_82' title="bbox 1356 2699 2547 2755; baseline -0.002 -12"><span class='ocrx_word' id='word_1_556' title='bbox 1356 2704 1539 2755; x_wconf 85' lang='lat' dir='ltr'>quatuor</span> <span class='ocrx_word' id='word_1_557' title='bbox 1550 2701 1801 2743; x_wconf 84' lang='lat' dir='ltr'>differentiis</span> <span class='ocrx_word' id='word_1_558' title='bbox 1814 2701 2073 2742; x_wconf 88' lang='lat' dir='ltr'>auditorum.</span> <span class='ocrx_word' id='word_1_559' title='bbox 2087 2699 2267 2749; x_wconf 84' lang='lat' dir='ltr'>Quidam</span> <span class='ocrx_word' id='word_1_560' title='bbox 2275 2701 2388 2742; x_wconf 90' lang='lat' dir='ltr'>enim</span> <span class='ocrx_word' id='word_1_561' title='bbox 2410 2705 2477 2730; x_wconf 65' lang='lat' dir='ltr'>sunt</span> <span class='ocrx_word' id='word_1_562' title='bbox 2490 2702 2547 2748; x_wconf 67' lang='lat' dir='ltr'>‹ns-</span> 
     </span>
     <span class='ocr_line' id='line_1_83' title="bbox 1357 2745 2543 2824; baseline -0.003 -9"><span class='ocrx_word' id='word_1_563' title='bbox 1357 2774 1560 2824; x_wconf 88' lang='lat' dir='ltr'>audiunt,</span> <span class='ocrx_word' id='word_1_564' title='bbox 1608 2772 1679 2814; x_wconf 89' lang='lat' dir='ltr'>sed</span> <span class='ocrx_word' id='word_1_565' title='bbox 1713 2784 1800 2813; x_wconf 90' lang='lat' dir='ltr'>non</span> <span class='ocrx_word' id='word_1_566' title='bbox 1841 2772 2050 2822; x_wconf 85' lang='lat' dir='ltr'>retinent,</span> <span class='ocrx_word' id='word_1_567' title='bbox 2090 2773 2139 2812; x_wconf 89' lang='lat' dir='ltr'>ut</span> <span class='ocrx_word' id='word_1_568' title='bbox 2176 2771 2387 2814; x_wconf 90' lang='lat' dir='ltr'>obliviosi.</span> <span class='ocrx_word' id='word_1_569' title='bbox 2409 2745 2543 2772; x_wconf 65' lang='lat' dir='ltr'>seranna.</span> 
     </span>
     <span class='ocr_line' id='line_1_84' title="bbox 1360 2842 2389 2895; baseline -0.004 -9"><span class='ocrx_word' id='word_1_570' title='bbox 1360 2845 1539 2895; x_wconf 86' lang='lat' dir='ltr'>Quidam</span> <span class='ocrx_word' id='word_1_571' title='bbox 1553 2844 1734 2885; x_wconf 88' lang='lat' dir='ltr'>audiunt</span> <span class='ocrx_word' id='word_1_572' title='bbox 1751 2846 1792 2884; x_wconf 87' lang='lat' dir='ltr'>et</span> <span class='ocrx_word' id='word_1_573' title='bbox 1805 2843 2004 2894; x_wconf 86' lang='lat' dir='ltr'>retinent,</span> <span class='ocrx_word' id='word_1_574' title='bbox 2027 2842 2099 2883; x_wconf 90' lang='lat' dir='ltr'>sed</span> <span class='ocrx_word' id='word_1_575' title='bbox 2113 2854 2198 2883; x_wconf 92' lang='lat' dir='ltr'>non</span> <span class='ocrx_word' id='word_1_576' title='bbox 2218 2843 2389 2891; x_wconf 87' lang='lat' dir='ltr'>faciunt,</span> 
     </span>
     <span class='ocr_line' id='line_1_85' title="bbox 1360 2913 2392 2965; baseline -0.006 -6"><span class='ocrx_word' id='word_1_577' title='bbox 1360 2921 1408 2959; x_wconf 87' lang='lat' dir='ltr'>ut</span> <span class='ocrx_word' id='word_1_578' title='bbox 1426 2916 1635 2958; x_wconf 90' lang='lat' dir='ltr'>desidiosi.</span> <span class='ocrx_word' id='word_1_579' title='bbox 1669 2914 1848 2965; x_wconf 85' lang='lat' dir='ltr'>Quidam</span> <span class='ocrx_word' id='word_1_580' title='bbox 1869 2914 2050 2955; x_wconf 86' lang='lat' dir='ltr'>audiunt</span> <span class='ocrx_word' id='word_1_581' title='bbox 2077 2915 2118 2954; x_wconf 91' lang='lat' dir='ltr'>et</span> <span class='ocrx_word' id='word_1_582' title='bbox 2146 2913 2332 2954; x_wconf 87' lang='lat' dir='ltr'>retinent</span> <span class='ocrx_word' id='word_1_583' title='bbox 2351 2914 2392 2954; x_wconf 89' lang='lat' dir='ltr'>et</span> 
     </span>
     <span class='ocr_line' id='line_1_86' title="bbox 1360 2983 2390 3038; baseline -0.005 -9"><span class='ocrx_word' id='word_1_584' title='bbox 1360 2988 1520 3029; x_wconf 87' lang='lat' dir='ltr'>faciunt</span> <span class='ocrx_word' id='word_1_585' title='bbox 1535 3019 1546 3038; x_wconf 87' lang='lat'>,</span> <span class='ocrx_word' id='word_1_586' title='bbox 1585 2986 1657 3027; x_wconf 90' lang='lat' dir='ltr'>sed</span> <span class='ocrx_word' id='word_1_587' title='bbox 1684 2998 1772 3027; x_wconf 91' lang='lat' dir='ltr'>non</span> <span class='ocrx_word' id='word_1_588' title='bbox 1810 2984 2044 3038; x_wconf 88' lang='lat' dir='ltr'>complent,</span> <span class='ocrx_word' id='word_1_589' title='bbox 2081 2986 2129 3024; x_wconf 91' lang='lat' dir='ltr'>ut</span> <span class='ocrx_word' id='word_1_590' title='bbox 2165 2983 2390 3036; x_wconf 86' lang='lat' dir='ltr'>negotiosi.</span> 
     </span>
     <span class='ocr_line' id='line_1_87' title="bbox 1363 3055 2394 3109; baseline -0.005 -9"><span class='ocrx_word' id='word_1_591' title='bbox 1363 3060 1544 3109; x_wconf 86' lang='lat' dir='ltr'>Quidam</span> <span class='ocrx_word' id='word_1_592' title='bbox 1565 3061 1709 3099; x_wconf 85' lang='lat' dir='ltr'>autem</span> <span class='ocrx_word' id='word_1_593' title='bbox 1727 3055 1924 3106; x_wconf 86' lang='lat' dir='ltr'>audiunt,</span> <span class='ocrx_word' id='word_1_594' title='bbox 1954 3055 2157 3106; x_wconf 87' lang='lat' dir='ltr'>retinent,</span> <span class='ocrx_word' id='word_1_595' title='bbox 2180 3055 2338 3096; x_wconf 82' lang='lat' dir='ltr'>faciunt</span> <span class='ocrx_word' id='word_1_596' title='bbox 2353 3057 2394 3095; x_wconf 90' lang='lat' dir='ltr'>et</span> 
     </span>
     <span class='ocr_line' id='line_1_88' title="bbox 1365 3125 2394 3184; baseline -0.005 -12"><span class='ocrx_word' id='word_1_597' title='bbox 1365 3130 1593 3184; x_wconf 90' lang='lat' dir='ltr'>complent,</span> <span class='ocrx_word' id='word_1_598' title='bbox 1606 3131 1647 3170; x_wconf 89' lang='lat' dir='ltr'>et</span> <span class='ocrx_word' id='word_1_599' title='bbox 1665 3128 1711 3168; x_wconf 88' lang='lat' dir='ltr'>hi</span> <span class='ocrx_word' id='word_1_600' title='bbox 1730 3129 1828 3168; x_wconf 89' lang='lat' dir='ltr'>sunt</span> <span class='ocrx_word' id='word_1_601' title='bbox 1842 3125 2018 3166; x_wconf 88' lang='lat' dir='ltr'>studiosi</span> <span class='ocrx_word' id='word_1_602' title='bbox 2032 3127 2072 3166; x_wconf 91' lang='lat' dir='ltr'>et</span> <span class='ocrx_word' id='word_1_603' title='bbox 2087 3125 2279 3167; x_wconf 90' lang='lat' dir='ltr'>virtuosi.</span> <span class='ocrx_word' id='word_1_604' title='bbox 2295 3126 2394 3168; x_wconf 81' lang='lat' dir='ltr'>Haec</span> 
     </span>
     <span class='ocr_line' id='line_1_89' title="bbox 1365 3197 2394 3257; baseline -0.006 -13"><span class='ocrx_word' id='word_1_605' title='bbox 1365 3205 1549 3257; x_wconf 85' lang='lat' dir='ltr'>quatuor</span> <span class='ocrx_word' id='word_1_606' title='bbox 1572 3212 1732 3253; x_wconf 87' lang='lat' dir='ltr'>genera</span> <span class='ocrx_word' id='word_1_607' title='bbox 1749 3197 1974 3240; x_wconf 89' lang='lat' dir='ltr'>hominum</span> <span class='ocrx_word' id='word_1_608' title='bbox 1994 3198 2094 3237; x_wconf 89' lang='lat' dir='ltr'>sunt</span> <span class='ocrx_word' id='word_1_609' title='bbox 2113 3199 2296 3249; x_wconf 86' lang='lat' dir='ltr'>quatuor</span> <span class='ocrx_word' id='word_1_610' title='bbox 2315 3198 2394 3238; x_wconf 59' lang='lat' dir='ltr'>dite</span> 
     </span>
     <span class='ocr_line' id='line_1_90' title="bbox 1365 3267 2397 3321; baseline -0.006 -6"><span class='ocrx_word' id='word_1_611' title='bbox 1365 3274 1554 3315; x_wconf 82' lang='lat' dir='ltr'>ferentiae</span> <span class='ocrx_word' id='word_1_612' title='bbox 1573 3275 1802 3320; x_wconf 89' lang='lat' dir='ltr'>terrarum,</span> <span class='ocrx_word' id='word_1_613' title='bbox 1821 3278 2004 3321; x_wconf 85' lang='lat' dir='ltr'>quarum</span> <span class='ocrx_word' id='word_1_614' title='bbox 2025 3267 2164 3320; x_wconf 86' lang='lat' dir='ltr'>prima</span> <span class='ocrx_word' id='word_1_615' title='bbox 2178 3280 2322 3310; x_wconf 87' lang='lat' dir='ltr'>semen</span> <span class='ocrx_word' id='word_1_616' title='bbox 2335 3280 2397 3309; x_wconf 91' lang='lat' dir='ltr'>re-</span> 
     </span>
    </p>
   </div>
   <div class='ocr_carea' id='block_1_8' title="bbox 1367 3339 2396 3399">
    <p class='ocr_par' dir='ltr' id='par_1_8' title="bbox 1367 3339 2396 3399">
     <span class='ocr_line' id='line_1_91' title="bbox 1367 3339 2396 3399; baseline -0.006 -13"><span class='ocrx_word' id='word_1_617' title='bbox 1367 3345 1479 3399; x_wconf 86' lang='lat' dir='ltr'>cipit,</span> <span class='ocrx_word' id='word_1_618' title='bbox 1509 3343 1582 3385; x_wconf 88' lang='lat' dir='ltr'>sed</span> <span class='ocrx_word' id='word_1_619' title='bbox 1610 3354 1696 3384; x_wconf 89' lang='lat' dir='ltr'>non</span> <span class='ocrx_word' id='word_1_620' title='bbox 1722 3339 1894 3389; x_wconf 87' lang='lat' dir='ltr'>retinet;</span> <span class='ocrx_word' id='word_1_621' title='bbox 1919 3340 1961 3380; x_wconf 91' lang='lat' dir='ltr'>et</span> <span class='ocrx_word' id='word_1_622' title='bbox 1979 3341 2188 3392; x_wconf 86' lang='lat' dir='ltr'>quantum</span> <span class='ocrx_word' id='word_1_623' title='bbox 2207 3339 2261 3381; x_wconf 83' lang='lat' dir='ltr'>ad</span> <span class='ocrx_word' id='word_1_624' title='bbox 2278 3339 2396 3381; x_wconf 88' lang='lat' dir='ltr'>illam</span> 
     </span>
    </p>
   </div>
   <div class='ocr_carea' id='block_1_9' title="bbox 1368 3470 2396 3614">
    <p class='ocr_par' dir='ltr' id='par_1_9' title="bbox 1368 3470 2396 3614">
     <span class='ocr_line' id='line_1_92' title="bbox 1368 3470 2396 3521; baseline -0.009 -11"><span class='ocrx_word' id='word_1_625' title='bbox 1368 3481 1420 3512; x_wconf 78' lang='grc' dir='ltr'>Μ.</span> <span class='ocrx_word' id='word_1_626' title='bbox 1441 3496 1482 3503; x_wconf 93' lang='lat'>-</span> <span class='ocrx_word' id='word_1_627' title='bbox 1499 3477 1513 3499; x_wconf 75' lang='lat'><strong>⁶</strong></span> <span class='ocrx_word' id='word_1_628' title='bbox 1531 3475 1669 3521; x_wconf 70' lang='lat' dir='ltr'>Metili„</span> <span class='ocrx_word' id='word_1_629' title='bbox 1691 3474 1798 3514; x_wconf 79' lang='lat' dir='ltr'>x,10.</span> <span class='ocrx_word' id='word_1_630' title='bbox 1818 3490 1859 3496; x_wconf 92' lang='lat'>—</span> <span class='ocrx_word' id='word_1_631' title='bbox 1883 3472 1893 3491; x_wconf 94' lang='lat'><strong>⁷</strong></span> <span class='ocrx_word' id='word_1_632' title='bbox 1913 3471 2002 3511; x_wconf 61' lang='lat' dir='ltr'>Luc„</span> <span class='ocrx_word' id='word_1_633' title='bbox 2026 3481 2062 3513; x_wconf 84' lang='lat' dir='ltr'>x,</span> <span class='ocrx_word' id='word_1_634' title='bbox 2081 3472 2112 3505; x_wconf 85' lang='lat'>7.</span> <span class='ocrx_word' id='word_1_635' title='bbox 2134 3489 2174 3497; x_wconf 92' lang='lat'>—-</span> <span class='ocrx_word' id='word_1_636' title='bbox 2195 3470 2208 3494; x_wconf 83' lang='lat'>⁸</span> <span class='ocrx_word' id='word_1_637' title='bbox 2232 3472 2321 3511; x_wconf 63' lang='lat' dir='ltr'>Act„</span> <span class='ocrx_word' id='word_1_638' title='bbox 2341 3478 2396 3512; x_wconf 72' lang='lat' dir='ltr'>vi,</span> 
     </span>
     <span class='ocr_line' id='line_1_93' title="bbox 1369 3518 2396 3563; baseline -0.01 -5"><span class='ocrx_word' id='word_1_639' title='bbox 1369 3529 1401 3558; x_wconf 82' lang='lat'>2.</span> <span class='ocrx_word' id='word_1_640' title='bbox 1419 3544 1459 3550; x_wconf 94' lang='lat'><strong>—</strong></span> <span class='ocrx_word' id='word_1_641' title='bbox 1477 3527 1488 3544; x_wconf 74' lang='lat'><strong>⁰</strong></span> <span class='ocrx_word' id='word_1_642' title='bbox 1507 3526 1616 3563; x_wconf 64' lang='lat' dir='ltr'>Joam,</span> <span class='ocrx_word' id='word_1_643' title='bbox 1636 3529 1742 3560; x_wconf 82' lang='lat' dir='ltr'>xv111‚</span> <span class='ocrx_word' id='word_1_644' title='bbox 1764 3522 1816 3552; x_wconf 80' lang='lat'>20.</span> <span class='ocrx_word' id='word_1_645' title='bbox 1834 3536 1875 3543; x_wconf 92' lang='lat'>—-</span> <span class='ocrx_word' id='word_1_646' title='bbox 1895 3520 1919 3541; x_wconf 86' lang='lat'>¹⁰</span> <span class='ocrx_word' id='word_1_647' title='bbox 1940 3520 2018 3560; x_wconf 63' lang='lat' dir='ltr'>Isa„</span> <span class='ocrx_word' id='word_1_648' title='bbox 2037 3527 2077 3558; x_wconf 91' lang='lat'>11,</span> <span class='ocrx_word' id='word_1_649' title='bbox 2099 3521 2130 3559; x_wconf 73' lang='lat'>1,</span> <span class='ocrx_word' id='word_1_650' title='bbox 2152 3521 2182 3551; x_wconf 85' lang='lat'>2.</span> <span class='ocrx_word' id='word_1_651' title='bbox 2201 3536 2239 3542; x_wconf 94' lang='lat'><strong>—</strong></span> <span class='ocrx_word' id='word_1_652' title='bbox 2262 3520 2283 3538; x_wconf 88' lang='lat'>¹¹</span> <span class='ocrx_word' id='word_1_653' title='bbox 2304 3518 2396 3551; x_wconf 71' lang='lat' dir='ltr'>Psal.</span> 
     </span>
     <span class='ocr_line' id='line_1_94' title="bbox 1371 3567 1994 3614; baseline -0.013 -8"><span class='ocrx_word' id='word_1_654' title='bbox 1371 3582 1493 3614; x_wconf 74' lang='lat' dir='ltr'>XLvm,</span> <span class='ocrx_word' id='word_1_655' title='bbox 1513 3573 1579 3612; x_wconf 77' lang='grc'>2,5.</span> <span class='ocrx_word' id='word_1_656' title='bbox 1595 3588 1631 3594; x_wconf 89' lang='lat'>—-</span> <span class='ocrx_word' id='word_1_657' title='bbox 1652 3570 1676 3592; x_wconf 81' lang='lat'>¹²</span> <span class='ocrx_word' id='word_1_658' title='bbox 1698 3567 1788 3601; x_wconf 82' lang='lat' dir='ltr'>Psal.</span> <span class='ocrx_word' id='word_1_659' title='bbox 1807 3575 1944 3608; x_wconf 81' lang='lat' dir='ltr'>Lxxvn,</span> <span class='ocrx_word' id='word_1_660' title='bbox 1963 3569 1994 3599; x_wconf 83' lang='lat'>2.</span> 
     </span>
    </p>
   </div>
  </div>
 </body>
</html>
