2634 3853
284 230 361 270 338

127 325 236 354 oratio.
283 328 389 366 rem,
409 315 560 356 Christi
580 326 728 356 servus
749 326 838 356 non
857 325 1005 356 essem.
1026 327 1045 350 n
1072 312 1123 354 Et
1141 312 1234 352 ideo
1254 311 1307 352 ad

282 386 364 429 hoc
379 419 390 438 ‚
415 387 527 440 quod
555 387 686 427 oratio
712 386 764 426 sit
790 386 872 426 Deo
891 385 1063 437 placita,
1084 394 1169 423 non
1187 383 1309 422 debet

283 471 372 499 0550
393 458 560 510 publica
580 458 621 496 in
645 458 755 505 forn,
781 457 851 496 sed
874 455 1033 495 occulta
1057 454 1102 493 in
1127 454 1305 494 deserto.

283 528 400 570 Unde
414 529 458 568 in
477 528 671 570 Malthoeo
690 530 740 577 ta)
757 529 767 548 ¹
787 538 827 566 2«
843 526 908 566 Tu
921 530 1079 576 autem,
1096 537 1193 565 cum
1212 537 1307 565 ora·

281 600 394 640 veris
411 631 420 647 ‚
453 600 563 638 iutra
590 599 634 636 in
655 596 897 637 cubiculum
924 600 1047 636 tuum
1064 627 1074 645 ‚
1098 598 1139 636 et
1166 595 1308 635 clauso

282 670 410 718 ostio,
434 681 507 708 ora
534 671 697 719 patrem
718 670 838 707 tuum
866 666 911 706 iu
931 666 1189 707 abscondito.
1214 680 1232 702 ›>
1258 664 1308 704 Et

281 740 360 780 hoc
373 743 448 789 est,
465 738 577 791 quod
590 738 687 778 dicit
704 736 995 778 Bernardusin
1008 737 1182 778 0αήτίοα
1195 736 1241 788 (b)
1259 736 1273 756 ²
1295 749 1304 775 ι

289 825 307 848 α
322 810 350 850 O
370 812 511 848 sancta
530 808 687 858 anima,
710 808 798 849 sola
819 811 921 859 esto,
944 811 991 848 ut
1010 808 1088 849 soli
1107 808 1191 849 Deo
1214 818 1305 847 om-

281 880 403 920 nium
419 891 559 920 serves
572 883 611 920 te
632 881 780 932 ipsam,
803 891 931 932 quem
950 879 1026 919 tibi
1040 891 1093 920 ex
1107 878 1308 920 omnibus

281 951 462 1003 elegisti.
478 950 598 1003 Fuge
610 951 843 1003 publicum,
859 952 963 1002 fuge
975 954 1014 991 et
1025 951 1135 1003 ipsos
1149 949 1311 990 domes-

281 1022 407 1071 ticos,
430 1022 573 1062 secede
603 1022 655 1062 ab
682 1022 826 1062 amicis
853 1024 893 1061 et
912 1020 1087 1070 intimis,
1110 1020 1237 1060 etiam
1260 1021 1307 1071 (cl

281 1094 321 1131 et
340 1091 392 1131 ab
412 1091 483 1131 illo
504 1091 579 1143 qui
596 1091 672 1131 tibi
694 1091 915 1131 ministrat.
932 1090 998 1130 An
1012 1089 1145 1130 nescis
1164 1092 1205 1129 te
1231 1099 1309 1130 ve-

280 1161 517 1202 recundum
543 1161 698 1202 habere
730 1173 949 1214 sponsum,
968 1163 1008 1201 et
1035 1160 1107 1213 qui
1145 1172 1310 1212 nequa-

281 1244 411 1284 quam
436 1232 537 1272 velit
556 1232 633 1271 tibi
656 1244 776 1272 suam
798 1232 1022 1283 indulgere
1040 1230 1310 1283 praesentiam

279 1303 557 1354 praesentibus
572 1304 755 1343 caeteris?
766 1301 918 1343 Secede
929 1314 1049 1354 ergo,
1064 1302 1136 1342 sed
1152 1303 1306 1353 mente,

279 1383 365 1413 non
388 1385 564 1425 corpore
587 1385 596 1413 :
620 1373 692 1413 sed
711 1373 962 1423 intentione,
983 1372 1055 1413 sed
1069 1372 1306 1423 devotione,

279 1446 350 1487 sed
370 1446 521 1499 spiritu
544 1459 555 1487 ε
578 1458 825 1500 quanquam
841 1449 881 1487 et
901 1459 1076 1500 corpore
1094 1447 1309 1488 interdum

279 1529 366 1558 non
380 1517 511 1558 otiose
527 1520 568 1558 te
587 1530 756 1570 separas
769 1550 780 1570 ,
803 1517 1040 1571 praesertim
1054 1517 1098 1558 in
1119 1520 1309 1571 tempore

279 1589 496 1630 orationis.
519 1604 539 1627 ›>

331 1661 396 1702 Ad
432 1661 620 1714 praedicti
652 1663 796 1701 autem
829 1660 1023 1702 miraculi
1052 1660 1310 1703 evidentiam

279 1732 364 1773 duo
386 1735 485 1773 sunt
505 1733 575 1772 hic
593 1732 868 1784 intelligenda
886 1746 894 1771 :
911 1743 1012 1771 nam
1034 1731 1171 1784 primo
1190 1741 1310 1783 opor-

277 1805 336 1844 tet
354 1802 576 1844 latentium
599 1803 761 1856 aperire
777 1802 1041 1855 spiritualem
1062 1801 1310 1854 intelligen-

277 1874 406 1925 tiam3
429 1874 578 1915 deinde
599 1874 827 1915 dissolvere
847 1876 1121 1926 apparentem
1142 1875 1308 1913 contro-

278 1946 475 1987 versiam.
510 1945 626 1986 Circa
657 1946 737 1986 hoc
768 1947 913 1986 autem
943 1944 1199 1986 miraculum
1229 1943 1310 1984 tria

279 2017 582 2058 consideranda
599 2019 827 2057 occurrunt
851 2031 860 2057 :
882 2016 1072 2069 primum
1092 2018 1180 2066 est,
1205 2015 1310 2069 quid

279 2086 533 2139 intelligitur
560 2099 636 2140 per
655 2088 856 2128 morbum
875 2087 1027 2140 leprae3
1049 2086 1306 2137 secundum,

280 2158 383 2210 quid
402 2170 475 2210 per
495 2161 652 2199 tactum
671 2170 826 2199 manus
845 2158 1067 2199 dominicae
1084 2172 1094 2207 ;
1116 2158 1305 2208 tertium,

139 2241 262 2269 Morbus
281 2229 383 2281 quid
403 2241 477 2282 per
506 2231 766 2281 praeceptum
791 2228 898 2281 legis
926 2227 1168 2281 implendae.
1193 2227 1309 2268 Mor-

120 2282 218 2318 leprae.

280 2299 360 2340 bus
378 2300 507 2352 leprae
527 2300 724 2351 designat
742 2303 853 2341 recte
870 2302 1087 2353 peccatum
1101 2299 1278 2340 mortale
1296 2312 1306 2340 z

279 2371 379 2423 quia
400 2371 506 2411 sicut
524 2370 642 2423 lepra
660 2370 795 2410 inficit
821 2372 861 2410 et
880 2370 1085 2411 deformat
1108 2381 1278 2410 carnem
1293 2400 1305 2419 ,

278 2442 336 2482 sic
355 2444 576 2494 peccatum
595 2442 779 2483 maculat
807 2444 848 2483 et
875 2442 1082 2482 deformat
1102 2441 1305 2481 animam.

278 2512 395 2554 Unde
415 2514 427 2536 ³
451 2528 459 2555 :
488 2529 507 2552 a
530 2513 758 2565 Denigrata
780 2515 842 2553 est
869 2525 997 2566 super
1023 2513 1227 2554 carbones
1253 2512 1310 2553 fa-

277 2584 362 2624 cies
382 2596 554 2634 eorum,
576 2586 617 2625 et
638 2596 726 2625 non
744 2586 844 2624 sunt
864 2583 1027 2636 cogniti
1056 2583 1101 2623 in
1126 2583 1273 2636 plateis
1294 2597 1304 2623 :

276 2655 452 2695 adhaesit
480 2656 588 2696 cutis
608 2667 759 2697 eorum
782 2655 948 2696 ossibus
969 2669 978 2695 z
1002 2654 1112 2695 aruit
1136 2656 1177 2695 et
1202 2654 1309 2695 facta

277 2729 338 2765 est
357 2726 481 2778 quasi
497 2726 682 2778 lignum.
709 2740 728 2763 »
761 2726 897 2778 Lepra
925 2725 1055 2765 etiam
1085 2724 1180 2777 ejici
1210 2725 1305 2766 facit

277 2799 399 2837 extra
419 2799 577 2847 castra;
596 2797 654 2837 sic
672 2800 890 2849 peccatum
922 2795 1099 2837 mortale
1118 2808 1144 2836 a
1162 2795 1308 2836 castris

278 2867 428 2918 gloriae
446 2867 459 2888 ¹·
483 2882 492 2908 ε
522 2883 542 2907 α
562 2867 773 2917 peccasti,
807 2870 848 2908 et
877 2867 981 2920 eJeci
1010 2870 1050 2907 te
1080 2866 1130 2907 de
1163 2869 1307 2908 monte

275 2938 365 2979 Dei.
385 2952 403 2975 n
428 2938 504 2979 Hic
524 2942 666 2979 autem
685 2938 862 2980 morbus
889 2938 1210 2991 quadruplicem
1228 2938 1306 2979 ha-

275 3008 346 3049 het
374 3009 678 3060 differentiam,
703 3009 937 3050 secundum
957 3009 1070 3062 quod
1093 3009 1270 3050 dicitur⁵
1295 3022 1303 3050 :

277 3081 339 3119 est
357 3080 471 3119 enim
490 3080 607 3132 lepra
628 3080 673 3121 in
690 3092 829 3131 carne,
851 3080 969 3132 lepra
988 3080 1032 3119 in
1048 3080 1144 3133 pilis
1158 3112 1169 3130 ‚
1190 3080 1306 3133 lepra

275 3150 321 3190 in
340 3151 552 3201 vestibus,
577 3151 693 3203 lepra
723 3152 767 3191 in
797 3151 1067 3192 habitaculis.
1097 3150 1230 3205 Lepra
1262 3151 1306 3191 111

275 3232 426 3272 carne,
459 3221 671 3273 significat
709 3225 927 3274 peccatum
962 3221 1141 3263 carnale.
1167 3221 1303 3275 Lepra

274 3291 319 3332 in
340 3291 453 3344 pilis,
475 3291 686 3344 significat
706 3295 921 3344 peccatum
943 3292 1182 3345 spirituale,
1204 3292 1306 3345 quia

316 3377 324 3394 ¹
344 3375 479 3416 Matth„
502 3383 560 3416 v1‚
581 3376 656 3406 6.-
674 3377 688 3397 2
710 3377 873 3416 Bern.,1'n
895 3377 1007 3416 Cant„
1027 3385 1129 3408 serm.
1144 3384 1204 3417 XL,
1220 3386 1255 3408 n.
1273 3379 1303 3410 4.

272 3439 312 3445 —
337 3422 348 3441 ⁹
370 3423 501 3462 Tliren„
525 3429 570 3463 1¹1,
594 3423 626 3454 8.
646 3439 686 3445 —
703 3421 716 3442 ¹·
733 3422 865 3463 Ezech„
889 3430 1019 3464 xxv111,
1041 3425 1134 3455 16.-
1156 3424 1170 3445 5
1188 3424 1304 3465 Levia,

271 3478 353 3511 xiii,
376 3472 406 3511 2,
422 3470 777 3510 etc.;x1v‚34‚ete.—
800 3470 811 3487 ὓ
833 3470 874 3501 lV
893 3470 982 3510 Req„
1008 3478 1068 3508 vu,
1086 3472 1160 3501 3.—
1183 3471 1193 3490 ⁷
1212 3471 1305 3502 psal.

271 3525 392 3556 exuli,
411 3519 442 3548 7.
464 3534 504 3541 —
523 3517 537 3538 ⁸
556 3517 657 3555 Rom„
682 3524 751 3556 vn,
771 3517 824 3555 24,
845 3520 896 3549 25.
923 3534 963 3539 —
986 3517 1000 3539 ⁹
1022 3517 1133 3557 Cant„
1157 3526 1190 3558 v,
1212 3519 1242 3550 4.
1264 3536 1305 3542 —

1011 223 1289 266 EVANGELII
1319 222 1507 265 SANCTI
1536 223 1684 266 LUCAE

1380 324 1455 364 per
1480 312 1586 365 pilos
1619 311 1893 364 cogitationes
1928 313 2238 367 intelliguntur.
2273 315 2408 368 Lepra

1380 381 1426 422 in
1446 385 1582 433 veste,
1610 384 1827 435 peccatum
1845 381 1889 422 in
1918 386 2249 426 conversatione.
2274 385 2409 438 Lepra

1384 452 1426 492 in
1455 453 1603 503 domo,
1633 455 1848 506 peccatum
1881 453 1925 493 in
1957 457 2302 507 congregatione.
2337 456 2408 497 llle

1382 534 1488 574 ergo
1507 527 1569 564 est
1594 524 1741 576 plenus
1758 524 1900 576 lepra,
1923 525 1996 576 qui
2016 526 2215 566 omnibus
2243 528 2308 567 his
2335 528 2410 568 cri-

1383 593 1571 634 minibus
1592 594 1768 634 iufectus
1793 598 1870 633 est.
1901 593 1957 633 De
1992 594 2060 634 his
2091 595 2410 639 differentiisle-

1383 675 1472 715 prae
1499 664 1649 705 dicitur
1679 665 1723 705 in
1755 665 1956 707 Levitico,
1991 665 2038 705 ln
2067 667 2198 718 hujus
2223 668 2411 719 figuram

1384 734 1511 775 etiam
1531 735 1682 776 dicitur
1701 736 1714 757 ⁶
1728 767 1739 784 ‚
1761 736 1874 788 quod
1894 739 2076 788 quatuor
2103 736 2184 778 viri
2214 740 2334 778 erant
2352 738 2413 779 le-

1384 805 1496 857 prosi
1511 807 1636 858 juxta
1665 807 1885 848 introitum
1905 809 2055 859 portae,
2078 809 2118 848 et
2137 807 2189 848 ad
2210 808 2288 849 has
2306 820 2414 862 qua-

1383 879 1480 917 tuor
1510 877 1768 918 diss'erentias
1806 877 2106 929 designandas.
2140 877 2237 919 Ideo
2269 882 2412 921 autem

1384 946 1520 988 voluit
1550 947 1753 989 Dominus
1786 951 2004 1001 peccatum
2036 948 2213 989 mortale
2248 961 2324 1002 per
2352 950 2411 991 le-

1384 1029 1506 1070 pram
1525 1018 1758 1070 designari,
1781 1019 1881 1071 quia
1903 1020 2011 1060 sicut
2024 1019 2141 1072 lepra
2160 1019 2292 1061 inficit
2310 1020 2356 1061 in
2369 1033 2413 1061 se

1385 1090 1425 1128 et
1444 1088 1488 1127 in
1508 1089 1730 1139 consortio,
1755 1089 1814 1130 sic
1835 1093 1875 1130 et
1894 1093 2129 1142 peccatum.
2153 1090 2233 1131 Per
2249 1094 2414 1132 tactum

1385 1169 1538 1198 manus
1567 1159 1792 1200 dominicae
1826 1159 2106 1213 intelligimus
2129 1162 2414 1203 visitationem

1384 1227 1541 1269 divinae
1574 1230 1744 1281 gratiae,
1771 1243 1899 1283 quam
1924 1233 2091 1284 petebat
2114 1232 2325 1285 Propheta
2349 1233 2412 1274 di-

1385 1311 1484 1340 cens
1512 1304 1525 1325 ⁷
1552 1314 1560 1341 :
1590 1300 1785 1343 «Emitte
1810 1314 1988 1343 manum
2014 1305 2131 1344 tuam
2160 1303 2211 1344 de
2243 1303 2347 1355 alt0,
2375 1305 2416 1345 et

1384 1371 1497 1423 eripe
1514 1384 1631 1413 me.»
1647 1371 1772 1423 Quia,
1793 1373 1900 1415 sicut
1919 1374 2072 1415 dicitur
2085 1374 2137 1415 ad
2151 1375 2358 1417 Romanos
2371 1374 2409 1415 ⁸:

1390 1443 1580 1483 «Infelix
1611 1456 1694 1496 ego
1724 1445 1852 1485 homo
1872 1477 1882 1495 ‚
1913 1446 2008 1497 quis
2040 1457 2109 1485 me
2140 1445 2336 1485 liberabit
2363 1444 2414 1486 de

1385 1526 1559 1567 corpore
1580 1515 1727 1555 mortis
1746 1515 1877 1568 hujus
1891 1516 1910 1555 ‘?
1925 1515 2065 1557 Gratia
2085 1515 2158 1556 Dei
2177 1527 2251 1568 per
2269 1515 2414 1556 Jesum

1385 1585 1596 1627 Christum
1628 1587 1858 1627 Dominum
1886 1589 2095 1628 nostrum.
2127 1602 2147 1624 »
2180 1586 2259 1627 Per
2294 1586 2412 1626 Chri-

1384 1660 1497 1698 stum
1517 1658 1632 1698 enim
1652 1658 1792 1709 tangit
1822 1670 1898 1698 nos
1931 1669 2084 1698 manus
2114 1657 2283 1707 divina,
2307 1668 2412 1709 quo-

1384 1728 1510 1768 modo
1532 1728 1683 1768 dicitur
1704 1729 1748 1768 in
1771 1728 1960 1770 Cancz‘cz‘s
1977 1728 1990 1750 ‘³
2011 1740 2021 1768 z
2047 1743 2066 1766 «
2091 1727 2272 1768 Dilectus
2292 1738 2415 1768 meus

1384 1798 1498 1839 misit
1527 1810 1705 1839 manum
1733 1810 1856 1839 suam
1886 1811 1961 1852 per
1989 1798 2195 1848 foramen,
2219 1812 2238 1836 1>
2259 1797 2302 1838 id
2326 1799 2412 1848 est,

1386 1869 1572 1921 gratiam
1592 1881 1716 1910 suam
1748 1882 1824 1922 per
1845 1870 2038 1911 foramen
2067 1869 2211 1910 lateris
2237 1868 2413 1919 Christi,

1384 1940 1498 1981 unde
1529 1941 1749 1993 profluunt
1780 1942 2067 1991 sacramenta3
2106 1944 2146 1982 et
2174 1942 2319 1982 venter
2348 1940 2416 1981 in-

1385 2014 1582 2063 tremuit,
1604 2013 1704 2066 quia
1733 2013 1826 2054 haec
1847 2012 1986 2064 gratia
2014 2012 2153 2065 primo
2173 2011 2283 2064 parit
2313 2022 2412 2052 con-

1382 2084 1614 2125 tritionem.
1650 2083 1769 2124 Unde
1802 2084 1848 2124 in
1880 2084 2051 2126 Psalmo
2086 2084 2115 2108 ¹0
2149 2098 2158 2124 :
2187 2098 2207 2121 «
2227 2083 2416 2133 (3111105-

1383 2155 1483 2207 picit
1502 2158 1680 2205 terram,
1704 2157 1744 2195 et
1764 2155 1861 2195 facit
1880 2167 1975 2195 eam
1999 2157 2206 2205 tremere3
2229 2155 2304 2207 qui
2320 2156 2415 2195 tan—

1383 2226 1447 2278 git
1477 2228 1666 2276 montes,
1689 2228 1730 2266 et
1763 2225 1978 2277 fumigant
2010 2239 2020 2266 :
2052 2239 2071 2262 n
2097 2225 2198 2277 quia
2220 2225 2415 2265 contritio

1382 2297 1532 2338 fletum
1552 2298 1675 2350 parit.
1693 2297 1775 2338 Sed
1787 2297 1841 2338 ad
1858 2297 1954 2348 hoc,
1970 2299 2019 2337 ut
2037 2297 2089 2338 ad
2109 2298 2266 2337 statum
2284 2296 2413 2337 istum

1383 2368 1604 2420 perveniat
1631 2371 1851 2421 peccator,
1885 2370 2049 2420 oportet
2079 2367 2193 2421 quod
2225 2380 2323 2409 cum
2351 2368 2410 2409 le-

1383 2451 1509 2492 proso
1542 2440 1682 2482 videat
1703 2452 1803 2480 eum
1834 2451 1909 2492 per
1935 2439 2063 2480 fidem
2084 2440 2110 2460 ¹¹
2136 2453 2145 2479 z
2174 2439 2414 2481 «Videmus

1383 2524 1498 2553 nunc
1520 2523 1596 2565 per
1616 2508 1838 2565 speculum
1863 2510 1909 2551 in
1931 2509 2178 2562 aenigmate.
2199 2524 2218 2549 n
2246 2509 2416 2563 Oportet

1383 2584 1495 2637 quod
1516 2583 1705 2636 procidat
1723 2596 1798 2637 per
1823 2583 2022 2624 timorem
2037 2583 2065 2605 ¹²
2087 2595 2096 2624 :
2121 2597 2140 2621 «
2160 2582 2310 2623 Coram
2341 2581 2414 2624 illo

1382 2656 1599 2709 procident
1618 2654 1866 2707 AEthiopes,
1901 2668 1920 2692 ›)
1957 2654 2000 2694 id
2032 2656 2122 2705 est,
2156 2656 2412 2706 peccatoreS.

1383 2725 1552 2779 Oportet
1585 2725 1699 2778 quod
1731 2724 1914 2765 confidat
1945 2736 2020 2777 per
2051 2736 2171 2776 spem
2197 2724 2224 2746 ²³
2253 2738 2262 2765 :
2287 2739 2306 2762 (1
2335 2723 2415 2773 Qui

1382 2798 1522 2850 sperat
1554 2796 1599 2835 in
1630 2795 1810 2836 Domino
1830 2827 1843 2846 ,
1878 2794 2184 2836 sublevabitur.
2221 2809 2241 2833 >³
2276 2793 2327 2835 Et
2361 2794 2414 2835 ad

1381 2868 1592 2911 Romanos
1615 2868 1646 2891 ¹¹*
1675 2881 1684 2907 :
1715 2866 1835 2920 «Spe
1867 2866 1974 2908 salvi
1999 2866 2095 2906 facti
2123 2877 2286 2906 sumus.
2317 2878 2336 2903 n
2363 2864 2414 2905 Et

1380 2939 1473 2980 haec
1489 2939 1572 2980 tria
1593 2938 1766 2991 pariunt
1786 2936 2093 2979 contritionem.
2115 2935 2241 2976 Isaias
2256 2936 2284 2960 ¹⁵
2306 2949 2314 2977 :
2343 2950 2363 2975 ε(
2377 2935 2413 2976 Α

1381 3010 1485 3051 facie
1502 3012 1589 3061 tua,
1608 3008 1799 3059 Domine,
1821 3007 2107 3060 concepimus,
2127 3009 2167 3047 et
2180 3006 2302 3059 quasi
2321 3018 2413 3059 par—

1379 3081 1634 3131 turivimus,
1655 3083 1696 3121 et
1724 3079 1967 3133 peperimus
1987 3078 2183 3131 spiritum
2208 3078 2369 3120 salutis.
2387 3093 2406 3118 ι)

1381 3153 1462 3194 Per
1482 3154 1742 3205 praeceptum
1771 3151 1881 3203 legis
1901 3149 2176 3192 observandae
2207 3150 2413 3203 intelligi-

1381 3235 1479 3265 mus
1511 3222 1820 3275 susceptionem
1850 3220 2102 3262 sacramenti
2132 3221 2407 3274 poenitentiae.

1379 3295 1498 3338 Unde
1515 3294 1702 3345 attende,
1724 3292 1836 3346 quod
1857 3294 2039 3346 quatuor
2068 3294 2300 3347 praecepit,
2329 3294 2408 3335 sci·
2443 3305 2572 3341 praecep.

1382 3381 1407 3402 ¹0
1426 3378 1518 3411 Psal.
1541 3386 1613 3418 cnl,
1634 3379 1686 3410 32.
1709 3394 1744 3400 -
1761 3376 1787 3398 1¹
1806 3377 1818 3408 1
1839 3377 1929 3415 Cor„
1944 3384 2019 3414 xm,
2037 3379 2088 3410 12.
2105 3394 2144 3401 —
2160 3378 2183 3397 ¹²
2201 3378 2291 3411 Psoel.
2312 3386 2409 3420 mm,

1380 3429 1410 3459 9.
1440 3445 1482 3451 —
1515 3427 1538 3446 ¹³
1565 3427 1677 3463 Prov„
1708 3433 1813 3464 XXIX,
1842 3426 1894 3457 25.
1919 3442 1960 3449 —
1987 3425 2012 3446 ¹⁵
2041 3426 2146 3466 Rom„
2176 3434 2259 3468 vm,
2289 3428 2342 3459 24.
2370 3443 2411 3451 -

1382 3475 1405 3494 ¹⁵
1423 3475 1503 3515 Isa.‚
1523 3481 1617 3513 xxvi,
1634 3474 1685 3505 18.
1697 3489 1737 3495 —
1756 3472 1800 3513 (α)
1819 3472 1899 3505 Caet.
1921 3472 2001 3504 edit.
2020 3474 2252 3507 Matthaeus.—
2269 3474 2313 3516 (b)
2330 3476 2409 3508 Item

1380 3520 1598 3554 Cantieis.'—
1613 3521 1653 3562 (c)
1673 3519 1755 3552 Caet.
1773 3519 1854 3552 edit.
1873 3519 1960 3552 deest
1983 3521 2098 3553 etiam.
