2634 3853
0 783 39 808 Ex
45 780 134 808 medi-

8 822 116 849 tatione

9 863 119 898 passio-

0 904 40 931 nis
79 904 131 931 do-

0 944 106 972 minicae
115 964 123 979 ,

12 986 117 1020 triplex

5 1027 121 1062 gladius

0 1067 128 1094 animam

0 1111 129 1137 nostram

20 1158 107 1186 pene·

0 1193 69 1219 ‘rare
85 1191 133 1218 de-

0 1235 41 1261 bet
48 1254 55 1261 .

926 175 1198 220 EXPOSITIO
1228 174 1282 217 IN
1311 175 1426 217 CAP.
1458 174 1509 216 ΙΙ.

157 272 281 316 vellet
301 269 447 320 Israel,
466 269 652 312 revelata
666 270 727 310 θεῖ
743 268 941 322 iniquitas
960 266 1178 320 Ephraim,

157 346 198 384 et
221 340 378 382 malitia
403 339 632 381 Samariae:
660 356 679 379 ›)
700 340 822 394 quia,
845 339 952 379 sicut
979 337 1129 378 dicitur
1151 337 1178 386 ¹,

161 430 181 454 c(
203 414 310 455 nihil
328 416 391 455 est
413 417 628 468 opertum,
652 414 765 467 quod
784 425 871 454 non
890 412 1118 461 reveletur3
1143 413 1183 451 et

154 485 382 535 occultum,
402 486 514 538 quod
533 497 620 526 non
640 485 795 525 sciatur
810 486 880 534 (a).
903 497 922 521 ›>
937 482 1024 523 Hoc
1040 484 1182 523 autem

154 556 340 597 maxime
360 555 438 596 erit
456 555 500 596 in
515 556 674 608 judicio
688 556 702 578 ²
721 569 729 595 :
759 569 778 593 <‹
801 553 935 595 Nolite
953 555 1052 594 ante
1071 555 1182 593 tem-

153 639 234 681 pus
247 626 457 680 judicare,
481 626 755 679 quoadusque
781 625 925 666 veniat
950 623 1177 678 Dominus,

153 697 226 750 qui
244 700 285 738 et
300 697 556 738 illuminabit
575 696 819 738 abscondita
838 695 1125 744 tenebrarum,
1143 697 1183 735 et

152 768 436 809 manifestabit
466 768 639 809 consilia
673 767 887 816 cordium,
924 781 944 805 i)
966 769 1041 807 etc.
1077 765 1183 807 Nota

152 838 439 893 spiritualiter,
460 840 574 892 quod
597 851 651 880 ex
668 838 1000 879 consideratione
1021 837 1180 890 passio-

150 908 218 950 nis
237 909 391 950 Christi
422 910 547 951 debet
581 909 732 962 triplex
761 909 930 961 gladius
955 908 1183 961 spiritualis

152 981 339 1023 animam
357 982 629 1036 pertransire.
647 982 817 1023 Primus
838 982 1005 1034 gladius
1022 983 1083 1024 est
1103 981 1184 1022 dis-

153 1052 347 1093 cretionis
365 1055 490 1094 rectae
509 1053 608 1094 fidei
625 1056 638 1078 ³
653 1067 661 1094 ;
679 1052 761 1093 «Et
781 1053 972 1104 gladium
993 1052 1180 1105 spiritus,

153 1122 267 1174 quod
299 1124 361 1164 est
390 1123 684 1165 verbumbei.
717 1138 736 1161 »
770 1122 988 1164 Secundus
1016 1122 1183 1174 gladius

154 1195 215 1234 est
233 1193 496 1235 discretionis
514 1194 651 1235 severi
667 1194 812 1246 Judicii
829 1193 863 1234 ²⁵:
888 1209 907 1232 ε(
928 1194 984 1234 De
1004 1206 1075 1235 ore
1092 1195 1183 1246 ejus

156 1263 323 1315 gladius
341 1267 521 1318 utraque
546 1268 663 1317 parte
683 1267 834 1305 acutus
853 1265 1007 1305 exibat.
1030 1280 1048 1301 ›)
1077 1264 1182 1304 Ter-

153 1334 238 1375 tius
253 1337 313 1375 est
323 1334 490 1387 gladius
507 1334 726 1376 divisionis
742 1334 921 1374 humani
936 1334 1129 1375 desiderii

116 1395 121 1399 ’
158 1419 177 1443 ((
197 1403 291 1446 Non
313 1405 411 1447 veni
430 1417 576 1458 pacem
606 1405 798 1454 mittere,
826 1405 896 1445 sed
927 1405 1136 1457 gladium.
1161 1420 1180 1442 >³

153 1475 385 1518 Pertransit
401 1479 543 1517 autem
561 1475 723 1516 animas
741 1475 905 1528 primus
920 1476 1089 1528 gladius
1109 1489 1183 1529 per

153 1558 301 1589 veram
328 1546 455 1588 fidem
474 1547 512 1586 ⁶:
537 1562 556 1586 (ι
574 1546 709 1587 Vivus
741 1549 802 1587 est
840 1558 979 1587 sermo
1012 1547 1108 1598 Dei,
1142 1550 1182 1588 et

155 1618 317 1669 efficax,
334 1620 374 1659 et
390 1617 686 1671 penetrabilior
700 1618 816 1659 omni
833 1618 975 1669 gladio
990 1619 1159 1671 ancipiti
1169 1634 1179 1669 ;

155 1692 195 1730 et
219 1689 467 1742 pertingens
497 1701 632 1742 usque
664 1689 715 1729 ad
746 1689 995 1730 divisionem
1028 1691 1182 1732 animae

154 1772 203 1801 ac
221 1759 394 1813 spiritus
408 1791 418 1811 ,
442 1772 701 1813 compagum
724 1771 892 1813 quoque
911 1773 959 1801 ac
978 1761 1182 1802 medulla-

151 1843 272 1883 rum,
293 1845 314 1869 ›)
339 1832 417 1872 etc.
445 1829 685 1881 Secundus,
719 1842 794 1883 per
828 1831 1020 1882 rigorem
1054 1833 1184 1885 poeni-

151 1901 295 1945 tentiae
310 1901 351 1943 ⁷:
385 1917 404 1941 α
425 1900 557 1943 Gladii
586 1902 787 1955 ancipites
815 1902 859 1942 in
884 1904 1084 1944 manibus
1109 1916 1183 1945 eo-

151 1984 265 2015 rum.
287 1987 307 2012 ))
319 1972 499 2024 Tertius,
512 1984 587 2026 per
606 1973 801 2013 ardorem
821 1973 1127 2015 benevolentiae
1146 1978 1181 2015 ⁸:

157 2060 177 2084 «
192 2044 255 2087 En
270 2043 475 2085 lectulum
491 2043 744 2084 Salomonis.
760 2043 844 2085 »Et
859 2047 951 2097 post
968 2059 976 2085 :
998 2060 1016 2084 α
1030 2044 1184 2087 Omnes

152 2117 340 2157 tenentes
371 2115 548 2168 gladios.
577 2129 596 2153 >³
621 2115 742 2156 Alius
769 2118 832 2157 est
864 2116 1030 2168 gladius
1060 2117 1182 2170 spiri-

152 2187 278 2228 tualis
304 2187 431 2228 etiam
454 2186 633 2240 triplex,
663 2187 741 2228 sed.
763 2187 986 2240 pessimus.
1017 2180 1186 2229 Primus

153 2261 216 2299 est
238 2258 406 2311 gladius
433 2258 624 2300 rancoris
643 2261 684 2299 ⁹:
711 2273 730 2297 α
749 2258 941 2312 Arripuit
967 2258 1069 2300 Saul
1093 2259 1184 2311 gla-

154 2329 273 2369 dium
298 2341 450 2378 suum,
472 2331 513 2369 et
538 2328 665 2369 irruit
693 2340 821 2381 super
843 2341 957 2369 eum.
980 2344 999 2366 ›>
1022 2329 1185 2370 Secun-

155 2400 250 2451 dus,
271 2400 537 2440 detractionis
554 2400 583 2421 1⁰
602 2413 641 2440 ιε(
660 2399 756 2440 Filii
775 2399 1018 2449 hominum,
1041 2401 1187 2441 dentes

157 2481 306 2511 eorum
336 2482 455 2512 arma
486 2472 527 2510 et
557 2470 750 2521 sagittae,
784 2472 825 2511 et
852 2470 1005 2522 lingua
1038 2483 1188 2512 eorum

159 2541 328 2594 gladius
353 2544 516 2583 acutus.
544 2555 564 2578 n
591 2539 777 2591 Tertius,
805 2542 997 2593 haeresis,
1028 2544 1101 2596 qui
1128 2546 1189 2584 θεῖ

158 2612 309 2654 divisio
327 2612 380 2653 ab
401 2612 561 2653 unitate
577 2611 676 2653 fidei
693 2612 772 2653 sub
789 2614 1040 2666 metaphora
1054 2627 1188 2656 mere-

159 2682 274 2723 tricis
292 2683 319 2704 ¹¹
337 2697 345 2723 :
374 2697 394 2721 c<
412 2681 653 2724 Novissima
676 2682 790 2723 illius
808 2695 954 2725 amara
973 2685 1093 2737 quasi
1113 2686 1185 2726 ab·

156 2752 380 2805 sinthium3
409 2755 450 2794 et
476 2752 628 2804 lingua
657 2754 749 2806 ers
778 2757 922 2806 acuta,
946 2757 1069 2809 quasi
1094 2757 1186 2808 gla-

157 2823 253 2864 dius
282 2823 480 2878 biceps.»
514 2822 566 2863 Εῖ
592 2823 638 2863 in
666 2823 837 2867 Psalmo
864 2826 891 2847 ¹²
908 2838 923 2867 .·
945 2841 965 2865 ((
994 2826 1189 2869 Gladium

159 2894 495 2946 evaginaverunt
518 2896 776 2947 peccatores.
801 2909 820 2933 >³
846 2894 1070 2948 Sequitur:
1098 2913 1117 2937 α
1137 2898 1191 2939 Ut

159 2964 367 3006 trucident
383 2967 516 3006 rectos
534 2965 673 3006 corde.
697 2965 896 3007 »Primus
919 2967 1087 3020 gladius
1107 2970 1190 3022 spi-

160 3033 325 3076 ritualis
356 3038 419 3077 est
451 3037 655 3078 emendus
680 3038 710 3062 ¹³
733 3051 742 3078 ε
770 3037 891 3087 «Qui
918 3050 1005 3080 non
1037 3040 1188 3091 habet,

161 3105 316 3147 vendat
338 3107 526 3148 tunicam
555 3119 702 3159 suam,
731 3110 773 3149 et
799 3112 912 3150 emat
935 3110 1142 3162 gladium.
1166 3125 1185 3149 ›>

162 3176 283 3218 Alius
312 3189 415 3219 vero
442 3178 570 3219 estin
598 3179 803 3231 vaginam
834 3181 1110 3223 remittendus
1131 3184 1187 3223 1’*;

205 3283 215 3305 1
236 3282 371 3323 Mattlz„
390 3291 430 3323 x,
451 3284 503 3314 26.
530 3301 566 3306 —-
592 3285 606 3305 2
631 3285 641 3315 l
664 3284 755 3323 Cor..
778 3293 825 3326 1v,
850 3289 881 3319 5,
903 3305 939 3310 —-
963 3288 977 3310 3
994 3289 1127 3330 Ερ]ιεε.,
1147 3297 1190 3330 vi,

165 3332 216 3363 17.
235 3348 270 3352 —
291 3330 305 3351 ¹·
323 3331 437 3371 Apoc„
458 3337 482 3370 1,
504 3332 555 3362 16.
573 3347 612 3353 —
631 3331 644 3352 5
659 3332 778 3371 Marc„
798 3341 837 3374 x,
853 3335 905 3366 34.
925 3353 964 3359 -
983 3336 994 3354 ‘³
1008 3336 1122 3378 Helm,
1142 3345 1190 3376 iv,

165 3381 216 3411 42.
238 3395 278 3402 —-
298 3379 308 3397 ⁷
331 3376 423 3409 Psal.
449 3384 564 3417 cmx,
584 3379 615 3408 6.
633 3395 674 3401 —
693 3380 704 3397 ⁸
723 3379 834 3421 Cant„
853 3389 906 3422 111,
931 3384 962 3414 8.
978 3400 1018 3407 -
1037 3386 1049 3402 ²⁹
1068 3384 1080 3415 1
1101 3386 1192 3426 Κεφ,

165 3433 270 3465 XXXI,
298 3426 328 3456 4,
354 3443 394 3448 -
424 3425 451 3446 ¹⁰
481 3423 574 3455 Ρςαῖ.
603 3431 680 3464 LVI,
709 3427 739 3456 5.
771 3445 806 3449 -
838 3429 860 3449 ¹¹
891 3430 1002 3471 PFGU„
1031 3439 1063 3470 V,
1093 3433 1122 3463 4.
1152 3449 1192 3454 -

167 3471 192 3493 ¹²
215 3471 307 3504 Psal.
327 3478 445 3511 xxxvi,
469 3473 518 3503 14.
540 3488 579 3492 —
598 3470 623 3490 ¹³
645 3470 734 3512 Luc„
755 3480 857 3514 xxur,
879 3475 928 3507 36.
949 3494 989 3499 --
1011 3478 1036 3499 ¹*
1055 3478 1192 3517 Manli„

2201 180 2279 218 275

1258 280 1277 304 (ι
1297 265 1498 307 Converte
1513 263 1704 317 gladium
1721 265 1844 304 tuum
1866 263 2070 305 inlocum
2093 275 2235 305 suum.
2254 279 2273 304 ›>

1256 334 1307 375 Et
1334 336 1440 377 ratio
1467 335 1599 388 huJ‘us
1629 337 1704 386 est,
1726 334 1828 388 quia
1855 334 2019 387 primus
2043 335 2192 376 occidit
2211 335 2282 376 vi-

1255 410 1342 447 tam
1365 407 1601 457 carnalem3
1628 406 1836 448 secundus
1859 418 1983 458 vero,
2006 406 2139 449 vitam
2158 406 2281 459 spiri-

1255 478 1429 519 tualem.

1311 552 1374 589 36.
1408 549 1464 592 Ec
1489 553 1581 592 erat
1606 550 1734 592 Αηηα
1760 549 2053 603 prophetissa,
2081 550 2159 590 etc.
2187 546 2285 589 Post

1256 620 1548 661 testimonium
1573 632 1699 661 sexus
1719 620 1873 668 virilis,
1897 621 2088 673 sequitur
2106 619 2176 660 hic
2196 620 2284 660 tes-

1255 690 1483 731 timonium
1518 703 1645 731 sexus
1682 691 1935 732 muliebris:
1970 692 2142 732 decebat
2171 691 2286 732 enim

1257 763 1421 804 Cnals‘ri
1451 763 1682 804 adventum
1716 763 2006 804 testimonium
2038 763 2194 804 habere
2233 763 2286 804 ab

1257 835 1374 875 omni
1394 846 1550 887 genere
1577 846 1881 887 personarum,
1910 836 1958 874 ut
1981 834 2288 875 inexcusabiles

1257 905 1354 957 sint,
1375 905 1449 958 qui
1465 917 1553 946 non
1567 905 1746 946 credunt
1762 904 2133 957 Evangelio.Unde
2146 903 2289 945 CHRIS-

1257 990 1328 1019 Tcs
1360 977 1509 1018 habuit
1540 976 1827 1018 testimonium
1860 976 2105 1029 angechm
2137 979 2178 1018 et
2204 977 2289 1018 hu-

1257 1061 1455 1098 manum,
1484 1051 1525 1089 et
1543 1049 1698 1089 iterum
1714 1081 1723 1099 ,
1747 1050 1957 1101 quantum
1978 1049 2031 1089 ad
2059 1048 2284 1102 simplices,

1257 1122 1297 1160 et
1315 1122 1524 1173 quantum
1545 1120 1597 1161 ad
1622 1119 1848 1172 perfectos3
1872 1122 1913 1161 et
1934 1119 2089 1160 iterum
2102 1152 2113 1171 ,
2132 1120 2288 1173 perfec-

1255 1194 1398 1232 torum
1420 1191 1466 1231 in
1485 1193 1667 1244 utroque
1687 1203 1809 1241 sexu,
1828 1193 1876 1232 ut
1895 1191 2153 1243 ostendatur,
2174 1192 2287 1244 quod

1256 1265 1436 1315 uterque
1463 1274 1591 1303 sexus
1617 1263 1669 1303 ad
1693 1263 2026 1315 redemptionem
2054 1263 2284 1315 spectabat,

1257 1333 1365 1374 sicut
1390 1336 1570 1385 uterque
1600 1333 1817 1374 ceciderat.
1837 1333 1968 1385 Unde,
1991 1336 2040 1374 ut
2059 1334 2164 1374 nihil
2183 1334 2289 1374 desit

1256 1405 1308 1445 ad
1328 1404 1576 1444 firmitatem
1596 1404 1840 1456 testimonii,
1864 1404 2055 1445 Christus
2075 1406 2199 1445 natus
2217 1405 2289 1446 ha-

1256 1475 1347 1515 buit
1380 1474 1671 1515 testimonium
1709 1475 1970 1528 septiforme,
2008 1475 2163 1516 scilicet
2194 1478 2233 1516 1.
2265 1488 2290 1517 a

1256 1548 1410 1586 natura
1426 1546 1598 1596 coelesti,
1620 1546 1813 1587 videlicet
1833 1547 1996 1588 stellam
2012 1548 2041 1569 ²⁵
2055 1561 2064 1588 ε
2076 1547 2290 1589 «Vidimus

1257 1617 1421 1658 stellam
1438 1619 1531 1670 ejus
1551 1617 1597 1657 in
1618 1617 1796 1659 oriente.
1817 1633 1836 1656 ›>
1862 1622 1901 1660 2.
1923 1619 1959 1659 A
1979 1619 2286 1672 supercoelesti,

1256 1687 1412 1728 scilicet
1431 1688 1624 1740 angelica
1648 1689 1701 1730 16:
1731 1704 1750 1727 «
1772 1689 1896 1730 Facta
1922 1692 1983 1731 est
2008 1702 2107 1731 cum
2135 1692 2289 1744 angelo

1256 1758 1487 1799 multitudo
1505 1759 1684 1800 coelestis
1707 1761 1933 1811 exercitus,
1953 1774 1972 1797 ›)
1997 1763 2074 1802 etc.
2097 1764 2135 1803 3.
2153 1761 2190 1802 A
2206 1774 2286 1803 na-

1256 1831 1352 1869 tura
1380 1829 1647 1881 subcoelesti,
1677 1830 1834 1872 scilicet
1864 1831 1979 1872 virili
2007 1832 2211 1885 simplici,
2239 1836 2289 1874 ut

1257 1904 1374 1941 erant
1404 1904 1591 1953 pastores
1620 1902 1646 1923 ¹⁷
1671 1917 1680 1943 :
1709 1902 1801 1943 «Et
1828 1902 1989 1944 reversi
2017 1906 2114 1943 sunt
2145 1906 2289 1955 pasto-

1256 1982 1338 2022 res,
1357 1985 1376 2009 »
1399 1974 1478 2012 etc.
1500 1974 1540 2012 4.
1556 1971 1592 2012 A
1607 1972 1722 2014 virili
1742 1973 1930 2025 sapiente
1950 1972 2000 2014 18ε
2021 1988 2040 2011 α
2055 1973 2159 2014 Ecce
2176 1973 2290 2026 Magi

1257 2043 1309 2084 ab
1331 2042 1499 2085 Oriente
1518 2047 1743 2095 venerunt,
1764 2059 1783 2082 »
1805 2048 1884 2086 etc.
1908 2046 1947 2086 5.
1972 2044 2102 2086 Senili
2121 2045 2166 2085 in
2184 2057 2291 2087 sexu

1260 2115 1518 2167 masculino,
1549 2116 1658 2157 sicut
1683 2119 1774 2158 erat
1808 2116 1982 2158 Simeon
2008 2117 2036 2142 ¹⁹
2064 2131 2073 2157 :
2104 2116 2193 2158 «Et
2224 2117 2293 2158 hic

1258 2187 1375 2229 venit
1399 2187 1445 2227 in
1471 2187 1631 2241 Spiritu
1653 2189 1698 2229 in
1722 2188 1946 2241 templum.
1975 2202 1995 2227 ›>
2020 2191 2060 2229 6.
2090 2188 2219 2229 Senili
2247 2189 2292 2229 in

1258 2269 1364 2298 sexu
1378 2258 1592 2311 foemineo,
1610 2261 1658 2300 ut
1676 2259 1766 2300 hic:
1789 2260 1846 2302 Ec
1866 2262 1954 2302 erat
1972 2259 2101 2302 Anna
2120 2260 2294 2312 prophe-

1260 2329 1390 2379 tissa,
1423 2331 1500 2370 etc.
1528 2333 1566 2370 7.
1589 2329 1811 2381 Insantuli,
1846 2330 1917 2383 qui
1943 2342 2031 2370 non
2061 2330 2291 2383 loquendo,

1260 2399 1332 2440 sed
1352 2400 1570 2441 moriendo
1588 2401 1766 2442 confessi
1793 2403 1894 2442 sunt
1914 2403 1966 2442 ²⁰:
1996 2417 2015 2440 α
2034 2401 2202 2443 Mittens
2221 2414 2291 2443 oc-

1261 2470 1359 2510 cidit
1383 2483 1530 2512 omnes
1547 2483 1717 2524 pueros,
1739 2486 1758 2509 n
1775 2474 1851 2513 etc.
1872 2472 1924 2514 Et
1942 2477 2044 2514 tunc
2071 2473 2293 2526 impletum

1261 2544 1323 2582 est
1341 2541 1445 2583 illud
1467 2543 1516 2582 21ε
1536 2557 1555 2582 ε(
1570 2542 1633 2583 Ex
1651 2554 1725 2584 ore
1744 2544 1971 2585 infantium
1990 2546 2031 2585 et
2045 2543 2294 2585 lactentium

1260 2613 1468 2665 perfecisti
1502 2613 1688 2655 laudem.
1720 2629 1738 2652 n
1773 2614 1824 2656 Et
1858 2615 1916 2656 sic
1947 2615 2088 2656 omnis
2116 2617 2290 2667 natura,

1261 2684 1400 2724 omnis
1433 2696 1576 2736 seXUS,
1609 2685 1746 2726 omnis
1778 2689 1881 2727 aetas
1909 2686 2073 2728 Christo
2106 2687 2294 2728 nascenti

1260 2755 1552 2796 testimonium
1590 2756 1829 2809 perhibuit,
1864 2758 1965 2810 quia
1999 2757 2088 2811 ipse
2117 2757 2296 2799 debebat

1261 2838 1459 2878 reparare
1492 2827 1650 2868 omnia.
1673 2826 1790 2868 Unde
1818 2830 1860 2868 et
1890 2828 2034 2881 pueris
2065 2828 2111 2868 in
2137 2828 2295 2881 templo

1262 2896 1542 2938 clamantibus
1558 2929 1568 2948 ,
1615 2899 1656 2938 et
1698 2897 1926 2940 Pharisaeis
1968 2898 2296 2940 reclamantibus

1262 2969 1421 3009 dictum
1442 2971 1504 3009 cst
1525 2970 1553 2991 2²
1571 2979 1582 3009 ε
1604 2984 1624 3009 (ι
1643 2969 1688 3011 Si
1707 2970 1754 3010 hi
1773 2970 2005 3022 tacuerint,
2026 2971 2186 3024 lapides
2205 2971 2296 3012 cla-

1264 3040 1456 3081 mabunt.
1480 3055 1499 3078 ›>
1519 3041 1585 3081 Ad
1603 3040 1735 3094 hujus
1755 3044 1898 3083 autem
1917 3041 2148 3082 testimonii
2167 3041 2295 3083 fidem

1264 3111 1535 3152 astruendam
1571 3112 1652 3152 tria
1688 3111 1950 3154 inducuntur
1972 3127 1980 3153 :
2015 3112 2202 3165 primum
2233 3114 2296 3153 est

1264 3182 1554 3235 prophetantis
1573 3182 1819 3234 auctoritas;
1843 3183 2077 3224 secundum
2098 3186 2160 3224 est
2179 3182 2293 3224 testi-

1266 3319 1364 3350 xxw,
1392 3314 1443 3344 42.
1463 3330 1504 3336 —
1533 3313 1556 3334 ¹5
1579 3313 1722 3353 Matth„
1747 3321 1793 3355 11,
1814 3316 1846 3346 2.
1875 3331 1915 3338 —
1934 3314 1961 3336 ¹ss
1981 3314 2071 3353 Luc„
2094 3321 2120 3346 11
2147 3337 2157 3354 ,
2185 3314 2236 3345 13.
2255 3330 2296 3336 —-

1266 3360 1289 3381 ¹7
1314 3359 1410 3399 lbid.,
1430 3362 1482 3392 20.
1503 3377 1543 3383 —
1570 3361 1592 3379 ¹³
1613 3361 1749 3402 Matth„
1769 3369 1812 3402 11,
1847 3365 1876 3394 1.
1898 3379 1937 3385 —
1957 3362 1983 3382 1⁹
2002 3362 2093 3401 Luc„
2120 3368 2163 3398 11,
2183 3362 2234 3392 27.
2255 3377 2296 3384 —

1266 3407 1292 3429 ²⁰
1305 3407 1441 3447 Mattle„
1458 3415 1497 3448 11,
1519 3409 1570 3439 16.
1583 3425 1624 3431 --
1643 3409 1671 3429 2¹
1692 3408 1783 3441 Psal.
1803 3417 1879 3450 viii,
1900 3410 1931 3441 3.
1945 3426 1980 3431 —
2002 3408 2026 3426 ²²
2043 3407 2131 3447 Luc„
2152 3415 2225 3448 xlx,
2242 3409 2293 3439 40.

1310 3478 1356 3518 (a)
1381 3477 1475 3517 Vuly.
1496 3477 1740 3511 revelabitur...
1762 3479 1897 3510 scietur.
