2634 3853
956 154 1231 197 EXPOSITIO
1262 154 1314 197 ΙΝ
1345 155 1459 196 CAP.
1489 154 1596 195 XlIl.

209 248 260 290 Et
279 249 290 271 ²
314 262 323 289 z
359 262 377 285 «
394 245 506 288 Voca
537 244 844 286 Sunamitidem
871 244 1010 285 istam.
1033 258 1052 282 »
1083 243 1233 285 Subdi-

209 322 305 360 tur:
333 332 352 354 «
377 316 485 365 Quid
505 316 568 356 vis
588 318 636 356 ut
653 316 802 356 faciam
823 315 926 356 tibi?
940 330 958 353 ))
981 316 1042 358 Et
1059 315 1123 357 aa
1140 314 1208 356 illi
1224 326 1238 355 .·

210 389 377 438 Mulier,
407 387 592 430 dimissa
619 398 660 430 es
690 387 740 430 ab
766 387 1023 439 infirmitate
1046 390 1141 438 tua,
1163 397 1238 438 per

210 458 465 512 promissum
484 459 684 500 veritatis.
717 458 854 508 Unde,
882 458 1044 498 ratione
1064 457 1236 497 certitu-

210 529 332 580 dinis,
366 530 484 582 ponit
514 529 776 582 praeteritum
805 540 880 581 pro
916 529 1060 568 futuro
1092 527 1238 580 proxi-

211 613 282 642 mo
306 601 320 621 ¹
346 616 354 642 :
385 616 404 639 <‹
425 600 518 641 Non
538 603 600 641 est
621 600 728 642 Dens
758 600 879 652 quasi
903 600 1033 640 homo
1052 600 1100 639 ut
1120 611 1242 639 men-

211 673 356 723 tiatur,
394 684 472 713 nec
509 675 554 712 ut
585 672 696 712 filius
733 671 919 712 hominis
953 673 1001 710 ut
1038 672 1236 711 mutetur.

211 742 324 783 Dixit
342 754 460 794 ergo,
477 744 518 782 et
540 753 624 782 non
644 742 766 782 faciet
779 742 798 780 ἱ)
814 741 979 781 locutus
999 744 1074 792 est,
1098 743 1139 781 et
1158 752 1243 781 non

211 813 468 866 implebit?›)

265 886 330 924 13.
353 884 408 926 Et
426 884 631 936 imposuit
656 883 723 925 aa
751 893 925 933 manus,
957 887 996 926 et
1023 883 1245 935 confestim

212 957 344 997 erecta
372 958 455 1005 esc,
491 958 530 997 et
557 954 823 1007 qlorificabat
848 956 1005 1004 Deum,
1039 957 1245 1007 quantum

211 1025 264 1066 ad
298 1025 494 1065 effectum
531 1024 701 1065 virtutis
720 1025 733 1046 ³
763 1039 771 1064 ε
810 1039 829 1062 «
858 1024 990 1066 Omne
1025 1025 1137 1077 quod
1167 1037 1243 1067 vo-

212 1096 365 1146 luerit,
390 1095 530 1147 faciet,
563 1098 604 1136 et
635 1108 773 1136 sermo
798 1096 912 1136 illius
931 1098 1132 1149 potestate
1152 1097 1245 1150 ple-

212 1179 294 1208 nus
323 1169 442 1208 est.»
484 1167 579 1208 Ideo
613 1169 755 1208 autem
791 1180 943 1208 manus
975 1168 1176 1221 imponit,
1203 1170 1249 1208 ut

215 1238 425 1287 ostendat,
441 1238 542 1291 quia
561 1238 650 1291 ipse
669 1241 731 1279 est
746 1250 897 1279 manus
915 1251 990 1292 per
1007 1251 1138 1292 quam
1158 1241 1251 1280 Om·

215 1310 410 1363 nipotens
441 1312 650 1363 operatur
673 1313 843 1361 cuncta,
877 1313 917 1351 et
944 1323 1018 1363 per
1043 1323 1171 1364 quam
1188 1323 1253 1351 re-

215 1385 336 1436 parat
372 1383 597 1425 universa.
629 1384 770 1425 Isaras
796 1383 810 1404 ¹*
842 1397 852 1427 ;
892 1383 1034 1424 «Ecce
1068 1396 1154 1424 non
1192 1386 1254 1424 est

217 1453 461 1495 abbreviata
500 1466 652 1495 manus
692 1455 859 1495 Domini
892 1457 938 1495 ut
975 1455 1139 1495 salvare
1177 1467 1251 1495 ne·

218 1526 358 1577 queat.
379 1539 397 1562 »
422 1524 473 1565 Et
491 1529 504 1550 ⁵
529 1540 537 1564 :
569 1540 587 1562 (ι
609 1525 837 1577 Respondit
868 1525 1070 1565 Dominus
1090 1524 1250 1578 Moysi:

220 1595 436 1648 Numquid
463 1607 616 1635 manus
645 1595 811 1635 Domini
831 1595 1018 1636 invalida
1040 1596 1131 1635 est‘?
1161 1595 1254 1636 Jam

222 1678 336 1707 nunc
356 1665 520 1707 videbis
539 1668 687 1706 utrum
706 1678 828 1706 meus
842 1677 981 1706 sermo
1003 1677 1128 1718 opere
1146 1677 1256 1706 corn-

221 1737 400 1790 pleatur.
422 1751 440 1774 ›)
467 1736 517 1777 Et
538 1740 759 1790 propterea
780 1738 824 1778 in
845 1738 1136 1780 Ecclesiastico
1157 1737 1256 1778 dici-

221 1811 293 1849 tur
311 1807 325 1829 ⁶
349 1823 357 1849 ε
380 1823 399 1846 ((
416 1807 579 1850 Innova
596 1808 721 1861 signa
753 1812 793 1849 et
814 1808 995 1849 immuta
1018 1809 1251 1850 mirabilia:

224 1879 417 1931 glorifica
448 1891 624 1920 manum
656 1882 698 1920 et
734 1879 957 1920 brachium
989 1880 1202 1920 dext-rum.
1232 1894 1250 1916 ›)

223 1949 274 1990 Et
298 1952 398 1990 nota
416 1950 530 2003 quod
555 1950 625 1990 hic
655 1953 837 2003 quatuor
865 1950 963 1991 dicit
986 1951 1035 1991 de
1054 1950 1254 1991 incurva-

223 2020 337 2061 tione
354 2021 487 2073 hujus
504 2021 716 2072 mulieris,
747 2033 842 2074 quae
863 2021 1067 2062 Dominus
1092 2023 1257 2062 exercet

225 2091 269 2131 in
289 2092 504 2133 sanatione
533 2092 757 2144 cujuslibet
785 2093 940 2133 animae
967 2092 1118 2132 fidelis.
1149 2091 1256 2132 Nam

221 2163 360 2215 primo
396 2163 511 2204 videt
546 2163 909 2215 praeslestinand03
947 2163 1174 2214 Sapientia
1198 2167 1212 2187 ⁷
1245 2177 1253 2203 z

228 2249 247 2273 «
266 2234 496 2287 Respectus
511 2234 556 2274 in
577 2234 729 2275 electos
748 2234 880 2275 illius.
896 2249 914 2272 n
940 2233 1134 2274 Secundo
1155 2245 1256 2274 vero

152 2331 155 2333 >
220 2308 342 2347 vocat
361 2305 547 2346 exterius
566 2305 813 2345 attrahendo
831 2319 840 2354 3
858 2305 903 2344 in
918 2304 1114 2346 Mattltoeo
1138 2305 1189 2356 (a)
1210 2304 1223 2325 ⁸
1245 2319 1253 2345 t

229 2375 358 2417 «Non
377 2375 476 2417 veni
496 2387 650 2416 vocare
666 2377 818 2428 JustOS,
856 2376 927 2416 sed
957 2377 1208 2428 peccatores.
1231 2390 1250 2413 ›)

223 2447 273 2489 Et
293 2447 339 2487 in
359 2447 598 2489 Proverbiis
619 2447 632 2468 ⁹
660 2461 668 2487 ε
710 2446 859 2487 «Misit
887 2446 1058 2487 ancillas
1087 2458 1183 2487 suas
1210 2449 1258 2488 ut

222 2519 422 2560 vocarent
451 2517 502 2558 ad
521 2529 661 2558 arcem
690 2520 730 2557 ct
759 2517 810 2558 ad
839 2517 996 2558 moenia
1016 2517 1209 2558 civitatis.
1233 2533 1251 2554 ))

222 2588 363 2630 Tertio
391 2601 564 2629 manum
602 2588 783 2641 imponit
810 2588 1080 2641 Justificando
1111 2600 1120 2628 :
1147 2588 1255 2629 Eze-

223 2661 375 2702 chiet10
397 2673 433 2701 2«
458 2660 553 2700 Abii
582 2672 752 2700 amarus
785 2660 829 2700 in
858 2659 1151 2712 indignatione
1173 2659 1256 2712 spi-

224 2731 333 2772 ritus
352 2731 437 2771 mei
454 2745 463 2771 :
488 2743 642 2772 manus
661 2731 776 2771 enim
795 2730 959 2771 Domini
983 2732 1072 2771 erat
1092 2742 1258 2770 mecum

225 2802 464 2843 confortans
490 2813 573 2842 me.
588 2815 608 2839 ›>
633 2801 684 2842 Et
704 2813 832 2854 supra
853 2802 880 2828 11
905 2816 913 2841 :
943 2800 1146 2841 «Etenim
1167 2812 1257 2840 ma-

225 2885 309 2913 nus
336 2872 503 2914 Domini
535 2875 624 2913 erat
649 2885 747 2914 cum
773 2872 858 2913 illo.
889 2887 908 2910 ›)
947 2872 1104 2921 Quarto
1135 2870 1260 2922 erigit.

229 2943 502 2996 glorificando
523 2944 551 2965 ¹²
575 2958 584 2983 ε
614 2958 632 2981 «
657 2942 837 2983 Suscitat
869 2942 920 2983 de
951 2942 1124 2995 pulvere
1157 2953 1257 2993 ege-

227 3026 352 3065 num,
379 3017 420 3054 et
453 3014 503 3055 de
534 3016 716 3054 stercore
745 3013 882 3054 elevat
914 3025 1144 3066 pauperem
1173 3027 1182 3053 ι
1211 3014 1260 3052 ut

229 3085 370 3125 sedeat
399 3097 496 3125 cum
527 3084 808 3138 principibus‘,
842 3086 883 3124 et
917 3084 1071 3124 solium
1111 3083 1260 3134 gloriae

230 3157 382 3196 teneat.
405 3169 425 3192 »
449 3154 505 3195 De
523 3156 590 3196 his
616 3158 799 3209 quatuor
818 3155 1011 3195 similiter
1031 3154 1184 3195 dicitur
1203 3154 1261 3196 ad

231 3229 442 3269 Romanos
462 3226 491 3251 ¹⁵
516 3241 525 3266 ε
555 3241 574 3265 «
599 3226 711 3277 Quos
741 3226 1081 3280 praedestinavit,
1111 3226 1189 3266 hos
1221 3228 1261 3266 et

273 3310 284 3331 ¹
316 3310 358 3341 lV
387 3309 476 3349 Req„
511 3317 556 3346 w,
592 3312 646 3349 12,
678 3312 728 3342 13.
757 3327 797 3333 —
826 3310 837 3328 ²
862 3309 977 3350 Num,
1002 3317 1112 3349 xxm,
1143 3311 1192 3341 19.
1221 3326 1260 3332 —

234 3355 247 3378 ³
264 3355 387 3396 Eccle.,
406 3363 487 3395 vm,
508 3357 539 3386 4.
561 3373 603 3379 —
622 3357 632 3375 ⁴
653 3357 730 3398 Isa„
751 3365 828 3397 LIX,
853 3358 883 3387 1.
900 3374 941 3380 —
961 3357 977 3385 5,
992 3357 1108 3396 Num„
1128 3364 1184 3395 XI,
1208 3358 1258 3387 23.

232 3419 274 3427 —
293 3403 304 3421 θ
322 3403 441 3444 Εοσίί.,
469 3410 594 3444 xxxvl,
615 3404 645 3436 7.
665 3422 705 3429 -
731 3406 741 3424 ⁷
764 3405 856 3445 Sap„
887 3412 934 3444 w,
960 3406 1010 3436 15.
1031 3421 1070 3427 —
1095 3404 1106 3422 Β
1123 3403 1258 3442 ΜαίίΙι.,

235 3457 289 3488 1221,
317 3451 365 3482 13.
392 3467 434 3474 —
459 3450 472 3472 θ
500 3450 610 3489 Ρνου,,
639 3458 694 3492 ix,
719 3454 750 3484 3.
782 3470 822 3477 -
854 3453 878 3474 ¹·
904 3451 1034 3492 Ezech„
1062 3458 1120 3491 111,
1148 3452 1199 3483 14.
1222 3467 1258 3473 -

2259 160 2335 198 585

1310 244 1503 286 vocavit:
1524 246 1565 284 et
1585 254 1690 296 quos
1706 242 1894 293 vocavit,
1910 243 1988 284 hos
2005 247 2045 284 et
2061 245 2331 297 justificavit:

1311 328 1416 369 quos
1455 317 1599 356 autem
1630 313 1900 367 justificavit,
1932 313 2025 354 illos
2061 317 2102 355 et
2142 315 2339 367 magnifi-

1311 387 1434 428 cavit.
1458 400 1477 424 ›>

1365 461 1383 497 1
1392 460 1431 498 4.
1444 456 1707 509 Respondens
1719 459 1860 498 autem
1871 455 2249 508 archisynaqoqus,
2259 459 2338 497 etc..

1313 528 1390 569 Hic
1409 527 1592 568 secundo
1612 526 1890 579 subjungitur
1920 526 2165 579 objurgatio
2195 538 2340 579 super-

1314 599 1491 640 stitionis
1506 598 1687 651 Judaicae
1711 612 1719 638 :
1753 598 1862 638 circa
1890 611 2019 651 quam
2048 598 2186 651 primo
2209 598 2341 639 intro-

1315 671 1484 712 ducitur
1503 671 1728 712 commotio
1747 670 1824 710 zeli
1843 670 2071 711 inordinati
2098 671 2144 710 in
2172 669 2341 720 anim03

1315 742 1498 783 secundo
1519 741 1729 782 simulatio
1749 741 1825 782 zeli
1844 741 2074 782 inordinati
2092 741 2137 781 in
2154 741 2300 782 verbo.

1371 813 1514 854 Primo
1539 813 1688 865 igitur,
1711 814 1920 865 quantum
1945 812 1996 853 ad
2019 812 2345 853 commotionem

1317 885 1392 926 zeli
1410 884 1638 925 inordinati
1660 883 1703 923 in
1732 883 1874 923 animo
1889 915 1898 932 ,
1919 883 2016 923 dicit
2038 897 2047 922 t
2073 883 2343 941 Respondens

1320 960 1456 998 (tatem
1472 956 1835 1008 archisynaqoqus
1853 954 2112 1007 indtqnans,
2135 954 2240 1006 quta
2255 953 2346 996 sab-

1321 1028 1415 1071 bato
1446 1030 1633 1069 curasset
1657 1028 1804 1077 Jesas,
1833 1025 1953 1078 quasi
1983 1025 2090 1065 dicat
2115 1025 2225 1078 quod
2253 1027 2345 1078 eJ'us

1320 1099 1534 1152 responsio
1567 1110 1620 1138 ex
1650 1097 1937 1149 indignatione
1964 1096 2096 1136 animi
2132 1096 2344 1148 originem

1322 1170 1463 1211 traxit.
1487 1168 1586 1209 Haec
1610 1170 1753 1209 autem
1779 1167 2014 1219 indignatio
2048 1167 2262 1208 oriebatur
2294 1180 2348 1208 ex

1322 1241 1653 1295 praesumptione
1667 1239 1857 1292 justitiae.
1876 1237 1992 1279 Unde
2012 1239 2150 1280 solum
2166 1238 2194 1260 11
2216 1251 2350 1280 «vera

1321 1313 1484 1367 justitia
1506 1310 1839 1364 compassionem
1873 1310 2019 1360 babet3
2048 1310 2120 1350 sed
2147 1310 2249 1350 falsa
2263 1311 2350 1363 jus-

1325 1385 1430 1433 titia,
1452 1382 1836 1435 indignationem.»
1857 1380 1957 1421 Haec
1976 1383 2118 1421 autem
2137 1380 2240 1421 falsa
2253 1382 2349 1433 Jus-

1326 1456 1417 1496 titia
1430 1456 1518 1495 erat
1529 1453 1770 1494 aemulatrix
1788 1452 1896 1504 legis
1917 1455 2124 1504 quantum
2137 1452 2189 1492 ad
2208 1453 2353 1493 obser—

1327 1525 1516 1567 vantiam
1538 1523 1720 1573 sabbati,
1751 1523 1822 1563 sed
1859 1522 2130 1563 aemulatione
2150 1522 2276 1562 stulta
2291 1523 2319 1544 ¹3
2342 1538 2350 1564 :

1333 1613 1352 1636 «
1370 1596 1696 1637 AEmulationem
1724 1595 1795 1635 Dei
1815 1594 1986 1643 habent,
2003 1594 2073 1634 sed
2097 1606 2180 1634 non
2202 1606 2353 1634 secun-

1328 1667 1431 1708 dum
1453 1666 1671 1706 scientiam
1701 1680 1710 1706 ε
1735 1666 1983 1716 ignorantes
2011 1663 2125 1704 enim
2148 1664 2356 1715 Justitiam

1330 1737 1417 1789 Dei,
1429 1740 1469 1778 et
1482 1749 1604 1777 suam
1624 1738 1863 1789 quaerentes
1881 1737 2084 1785 statuere,
2093 1735 2269 1787 Justitiae
2287 1735 2357 1776 Dei

1328 1821 1414 1849 non
1432 1811 1531 1849 sunt
1544 1808 1735 1861 subiecti.
1757 1822 1775 1844 >³
1802 1807 1920 1847 Unde
1938 1806 2064 1846 stulta
2083 1807 2358 1859 praesumptio

1329 1878 1440 1931 parit
1464 1878 1799 1928 aemulationem,
1829 1879 1869 1917 et
1882 1876 2359 1929 aemulatioindignatio-

1329 1962 1442 2000 nem,
1457 1952 1498 1990 et
1516 1949 1755 2001 indignatio
1773 1949 1930 1990 divinae
1943 1948 2053 2000 legis
2067 1949 2360 2000 transgressio-

1329 2033 1444 2070 nem,
1454 2021 1688 2061 secundum
1698 2020 1802 2061 illud
1811 2020 1838 2041 ¹⁶
1850 2034 1858 2061 :
1871 2019 1977 2069 «Qui
1989 2020 2040 2060 ad
2050 2019 2360 2071 indignandum

1329 2092 1461 2132 facilis
1484 2094 1568 2141 est,
1588 2092 1667 2131 erit
1687 2091 1737 2132 ad
1755 2094 1921 2144 peccata
1940 2090 2177 2143 proclivior.
2194 2105 2212 2128 »
2242 2090 2359 2132 Unde

1331 2163 1486 2204 stultus
1504 2163 1613 2214 legis
1638 2162 1791 2203 zelator
1811 2165 1871 2203 est
1894 2162 2028 2215 ipsius
2058 2161 2167 2214 legis
2197 2162 2358 2203 destru-

1330 2237 1433 2276 ctor.
1456 2234 1631 2287 Propter
1658 2235 1770 2287 quod
1801 2234 1859 2277 act
1891 2234 2067 2276 Galatas
2089 2235 2117 2259 1⁷
2148 2248 2157 2274 :
2193 2233 2362 2286 «Supra

1330 2306 1505 2346 niodum
1528 2305 1809 2358 persequebar
1834 2304 2062 2345 Ecclesiam
2098 2303 2187 2354 Dei,
2225 2308 2265 2344 et
2292 2316 2362 2344 ex-

1331 2377 1580 2430 pugnabam
1610 2376 1781 2416 illam.»
1818 2375 2134 2428 Subjungitur:
2174 2389 2194 2413 «
2218 2374 2361 2415 Abun-

1332 2447 1499 2488 dantius
1519 2447 1744 2488 aemulator
1772 2446 1955 2487 existens
1984 2448 2257 2499 paternarum
2276 2456 2361 2485 me-

1332 2531 1455 2560 arum
1474 2518 1766 2559 traditionum.
1786 2532 1805 2554 ))

1386 2588 1597 2638 Secundo,
1630 2590 1836 2641 quantum
1865 2587 1917 2628 ad
1950 2586 2260 2628 simulationem
2284 2587 2361 2627 zeli

1332 2660 1559 2701 inordinati
1583 2660 1627 2699 in
1647 2660 1798 2709 verbo,
1820 2658 1958 2699 subdit
1990 2658 2043 2710 (v.
2068 2660 2129 2708 14)
2157 2670 2166 2696 :
2191 2657 2362 2700 Dicebat

1333 2732 1464 2775 tarbce
1479 2745 1493 2773 .·
1515 2731 1597 2773 Sex
1615 2731 1708 2772 dies
1725 2735 1827 2773 sant
1846 2731 1894 2772 in
1913 2729 2065 2782 quibus
2086 2731 2245 2782 oportet
2265 2739 2360 2781 ope-

1333 2805 1440 2846 rari.
1462 2802 1565 2844 Ecce
1585 2801 1783 2853 allegatio
1800 2800 1987 2842 veritatis
2009 2800 2037 2825 ¹⁸
2059 2812 2099 2840 ιε(
2120 2801 2204 2841 Sex
2217 2800 2363 2840 diebus

1334 2874 1596 2929 operaberis,
1618 2877 1658 2914 et
1688 2873 1812 2913 facies
1831 2872 1976 2913 omnia
1994 2884 2120 2924 opera
2144 2873 2235 2912 tua.
2258 2871 2363 2924 Sep-

1333 2947 1437 2988 timo
1468 2948 1610 2986 autem
1638 2944 1704 2985 die
1739 2943 1961 2984 sabbatum
1995 2942 2163 2983 Domini
2198 2942 2267 2982 Dei
2298 2941 2362 2982 tui

1334 3023 1410 3062 est.
1438 3034 1457 3058 »
1481 3020 1534 3061 In
1553 3019 1621 3061 his
1648 3027 1742 3071 erqo
1765 3017 1900 3059 venite
1923 3018 1960 3058 et
1983 3016 2200 3057 curamini
2221 3027 2235 3055 .·
2259 3014 2362 3056 Ecce

1335 3090 1548 3131 simulatio
1579 3089 1767 3142 pietatis3
1788 3087 1902 3128 unde
1929 3086 2007 3127 sibi
2027 3085 2222 3138 competit
2248 3085 2361 3137 quod

1335 3162 1489 3203 dicitur
1514 3161 1564 3202 de
1583 3159 1898 3201 simulatoribus
1917 3159 1945 3181 ¹⁹
1968 3173 1976 3198 :
2000 3173 2019 3197 «
2036 3157 2244 3198 Habentes
2264 3169 2361 3209 spe-

1336 3246 1361 3267 11
1387 3248 1482 3286 Sup„
1508 3252 1531 3284 1,
1552 3244 1604 3275 66.
1629 3260 1668 3266 -
1692 3242 1714 3264 11
1736 3243 1744 3274 1
1766 3243 1912 3283 Req.,1i,
1935 3242 1963 3272 3.
1983 3258 2018 3262 -
2040 3240 2065 3261 13
2082 3241 2183 3277 Rom„
2207 3247 2284 3279 vm,
2307 3241 2358 3272 30.

1336 3310 1376 3316 —
1390 3293 1413 3313 11·
1427 3293 1476 3324 Ex
1487 3292 1600 3332 Greg,
1614 3292 1648 3322 in
1665 3291 1802 3331 Evanq„
1821 3290 1916 3321 hom.
1934 3295 2052 3328 XXXIV,
2070 3297 2105 3318 n.
2119 3289 2150 3318 2.
2165 3306 2168 3310 ·
2186 3305 2201 3309 -
2219 3286 2246 3308 ¹5
2257 3287 2358 3325 Rom„

1336 3348 1379 3379 x,
1396 3341 1427 3379 2,
1449 3342 1481 3371 3.
1499 3357 1542 3362 —
1564 3339 1587 3360 ¹⁶
1605 3339 1716 3374 Prov„
1736 3346 1841 3378 xxix,
1861 3339 1913 3368 22.
1937 3354 1976 3359 —
2000 3336 2025 3357 17
2046 3335 2162 3374 Gal.,1,
2185 3336 2362 3376 13,14.--

1338 3388 1364 3409 ¹8
1381 3387 1507 3427 Exod„
1528 3395 1588 3428 xx,
1612 3389 1643 3428 9,
1664 3388 1714 3418 10.
1734 3402 1774 3409 -
1794 3386 1819 3407 ²⁹
1843 3386 1868 3416 11
1890 3384 1985 3423 Tim„
2008 3390 2063 3423 111,
2084 3384 2114 3414 5.

1381 3448 1427 3489 (α)
1451 3448 1531 3480 Caet.
1550 3447 1630 3479 edit.
1650 3445 1839 3480 Matthaeus.
