2587 3845
279 155 356 193 148

275 245 392 282 rant:
434 241 567 282 Deum
598 240 710 281 enim
750 239 903 287 colere,
937 239 977 276 et
1014 234 1305 288 poenitentiam

276 325 421 364 agere,
438 312 515 352 hoc
530 314 591 352 est
606 311 686 351 Deo
700 309 1006 350 solemnitatem
1025 307 1172 346 facore.
1187 304 1305 345 Unde

277 383 505 436 Gregorius
528 387 536 408 ¹
560 394 685 434 super
715 381 817 420 illud
839 392 848 418 :
874 379 997 429 Aqite
1024 377 1134 418 diem
1159 376 1304 417 solem-

276 466 383 505 nem,
405 455 522 503 dicit,
547 453 725 493 recitans
745 451 870 490 aliam
891 450 1094 497 litteram,
1117 447 1186 486 ubi
1210 447 1306 487 dici-

274 529 345 566 tur
369 527 411 565 ἐ
443 524 692 566 constituite
724 521 835 562 diem
861 519 1105 567 solemnem,
1138 517 1301 569 inquit:

281 612 299 635 (ι
312 596 551 637 Solemnem
568 605 753 645 namque
768 591 944 631 Domino
959 590 1068 630 diem
1085 590 1128 629 in
1141 589 1305 629 confre-

275 666 616 720 quentationibus
633 663 861 713 constituit,
884 662 1076 714 quisquis
1098 674 1138 699 se
1154 661 1195 699 iu
1215 662 1305 711 ejus

274 738 478 778 desiderio
509 736 673 777 assidue
694 735 858 787 affligit.
881 749 898 771 n
934 734 1070 775 Portce
1099 732 1190 783 ejas
1216 732 1307 772 des—

273 814 448 852 tructoe:
463 812 595 862 portae
617 808 779 861 praelati
799 809 911 856 sunt,
932 817 1006 857 per
1026 817 1130 857 quas
1150 803 1305 843 subditi

272 880 429 921 habent
448 880 629 920 intrare:
655 879 732 931 ipsi
760 878 873 918 enim
893 876 1048 917 debent
1068 875 1182 915 viam
1208 874 1305 913 sub·

272 952 370 993 ditis
389 952 552 1004 aperire
571 951 731 991 salutis.
751 950 764 971 ³
778 965 796 987 (ι
817 948 944 989 Luxit
963 946 1085 996 Juda,
1110 949 1150 985 et
1171 946 1304 997 portae

271 1025 364 1076 ejus
400 1026 671 1073 corruerunt,
713 1025 754 1063 et
787 1022 1011 1062 obstructa}
1043 1019 1091 1070 (b)
1125 1020 1223 1057 sunt
1259 1017 1305 1057 in

270 1097 397 1135 terra.
429 1109 448 1132 ι)
469 1094 594 1143 Quasi
626 1094 760 1133 dicat:
795 1092 930 1132 Causa
957 1090 1094 1130 ruinae
1117 1088 1304 1128 subdito-

270 1177 369 1205 rum
393 1168 456 1205 est
475 1165 599 1205 ruina
628 1164 923 1216 praelatorum;
957 1161 1064 1200 sicut
1091 1163 1132 1199 et
1161 1161 1306 1199 contra

269 1235 513 1275 reformatio
529 1234 797 1274 subditorum
812 1235 874 1273 est
893 1244 947 1271 ex
964 1231 1075 1271 bona
1092 1230 1180 1271 vita
1199 1241 1306 1281 prze-

269 1305 468 1346 latorum.
492 1305 610 1346 Unde
637 1305 727 1344 istae
754 1307 885 1356 porta.¹
921 1302 1146 1354 gehennae.
1173 1300 1307 1340 Mora-

270 1377 366 1418 liter
385 1380 467 1419 vice
489 1378 590 1420 Sion
610 1378 651 1418 id
671 1380 753 1427 est,
777 1376 937 1416 notitiae
964 1375 1051 1415 Scri
1059 1376 1303 1427 pturarum:

271 1449 432 1501 teroem,
463 1448 505 1489 id
524 1451 605 1497 est,
627 1448 778 1500 lugere
801 1447 981 1495 faciunt3
1016 1456 1059 1487 eo
1088 1444 1201 1497 qaod
1221 1454 1306 1485 non

271 1521 342 1570 εῖτ,
361 1520 437 1571 qai
452 1521 599 1562 veniat
615 1519 672 1561 ad
689 1519 1010 1567 solemnitatem,
1028 1517 1069 1556 id
1090 1519 1165 1566 est,
1185 1527 1307 1568 prop-

271 1593 335 1630 ter
352 1590 598 1631 interiorem
613 1590 975 1631 deordinationem
995 1588 1150 1628 animae
1172 1599 1307 1640 quan-

271 1665 365 1702 tum
395 1662 447 1702 ad
479 1662 592 1703 vires
623 1662 858 1714 cognitivas
888 1663 928 1701 et
963 1660 1170 1708 motivas3
1210 1669 1306 1710 quae

272 1736 373 1773 tunc
387 1733 564 1773 veniunt
575 1733 627 1774 ad
638 1733 961 1780 solemnitatem,
976 1730 1145 1782 quando
1160 1729 1306 1769 nullus

272 1806 412 1844 motus
443 1804 651 1844 sensibilis
690 1803 866 1856 impedit
898 1802 1110 1842 internam
1150 1801 1305 1840 animae

272 1877 639 1932 tranquillitatem.
668 1879 682 1900 ι’
709 1874 918 1925 «Venite,
946 1872 1223 1913 ascendamus
1255 1870 1307 1910 ad

274 1954 463 1991 montem
475 1947 656 1997 Domini,
676 1946 782 1987 etad
793 1946 969 1986 domum
981 1943 1068 1993 Dei,
1082 1958 1100 1979 >³
1117 1945 1196 1982 etc.
1212 1941 1307 1981 Ber-

274 2021 433 2062 nardus
457 2020 577 2061 dicit:
601 2034 620 2058 a
643 2017 811 2067 Venite,
835 2027 982 2056 omnes
1014 2013 1304 2065 cogitationes,

275 2092 516 2133 affectiones
538 2093 577 2130 et
597 2089 869 2136 intentiones,
897 2101 915 2123 »
941 2088 1018 2126 etc.
1041 2084 1136 2124 lstae
1167 2084 1304 2135 igitur

274 2163 357 2204 viae
376 2175 474 2205 vere
495 2163 595 2203 sunt
624 2159 846 2211 lugubres,
869 2169 967 2197 cum
987 2156 1028 2195 in
1050 2155 1192 2195 anima
1210 2157 1308 2194 sunt

276 2236 418 2274 motus
444 2230 772 2273 innumerabiles
800 2227 1109 2279 cogitationum
1130 2228 1169 2265 et
1189 2226 1309 2265 affec-

273 2305 460 2354 tionum,
483 2303 639 2357 quibus
658 2305 758 2342 tunc
777 2300 996 2339 deficimus
1017 2310 1041 2337 a
1061 2297 1209 2337 salute.
1235 2296 1308 2337 Vel

273 2376 357 2418 vice
389 2376 490 2416 Sion
521 2373 686 2425 laqent,
720 2370 889 2423 quando
922 2368 1078 2408 animae
1114 2368 1230 2419 prius
1264 2367 1308 2406 in

272 2458 368 2487 arce
401 2442 767 2496 contemplationis
799 2441 1002 2490 detentae,
1039 2439 1172 2479 Deum
1206 2451 1305 2478 con-

271 2520 530 2567 temnentes,
553 2514 605 2555 ad
624 2517 813 2554 terrenas
839 2511 1025 2551 actiones
1049 2510 1305 2560 incurvatae,

272 2587 480 2639 lugubres
505 2586 736 2638 apparent:
768 2583 904 2624 Porto?
931 2584 1029 2621 sunt
1064 2580 1307 2630 cleszrzwcoe,

274 2670 372 2699 cum
403 2670 551 2698 sensus
573 2655 788 2708 quinque,
821 2665 846 2692 a
876 2652 1047 2703 legibus
1075 2651 1307 2702 disciplinze

272 2740 360 2769 non
394 2727 589 2776 restricti,
627 2725 725 2765 solis
752 2723 960 2763 illecebris
985 2721 1244 2761 famulantur
1265 2725 1302 2761 5:

279 2814 299 2838 α
326 2797 463 2838 I’ortae
497 2796 651 2837 scilicet
686 2795 917 2835 fluviorum
952 2796 1108 2845 aperta:
1144 2797 1258 2833 sunt.
1282 2807 1301 2830 »

272 2869 286 2890 ⁶
312 2884 331 2907 α
350 2869 545 2909 Ascendit
572 2879 686 2907 mors
710 2877 784 2917 per
813 2865 1017 2904 fenestras
1040 2871 1221 2912 vestras,
1245 2864 1305 2903 iu-

276 2953 420 2992 gressa
457 2945 518 2979 est
547 2939 592 2978 in
621 2938 768 2978 domos
797 2939 976 2976 nostras,
1007 2950 1025 2973 n
1066 2935 1309 2977 Sacerdotes

274 3011 365 3063 ejas
391 3015 596 3063 (lenientes
617 3023 630 3047 .·
662 3008 768 3047 ratIO
804 3010 867 3046 est
906 3006 1077 3046 ulterior
1109 3007 1307 3046 luctuosi-

271 3083 384 3124 tatis.
416 3080 623 3122 Desolatio
654 3080 766 3119 enim
799 3077 904 3117 solet
935 3079 1071 3127 major
1100 3089 1303 3129 apparere

273 3167 327 3195 ex
347 3153 482 3193 tribus
501 3165 511 3192 :
537 3151 603 3190 vel
623 3150 792 3202 quando
815 3152 876 3188 cst
897 3149 941 3188 in
961 3149 1149 3200 personis
1180 3161 1307 3187 reve-

273 3225 439 3275 rendis,
470 3222 627 3276 quibus
658 3220 834 3260 debetur
863 3218 1122 3269 reverentia,
1163 3220 1305 3270 cujUs-

316 3360 327 3381 ¹
347 3360 462 3398 Greg,
482 3353 616 3392 Moral.,
636 3352 694 3384 lib.
717 3352 771 3391 lX,
801 3360 830 3383 c.
852 3358 908 3390 XV,
932 3351 974 3381 al.
1001 3357 1112 3390 xxvli,
1136 3360 1171 3382 n.
1198 3351 1248 3381 43.
1267 3368 1306 3374 —

273 3407 287 3428 ²
305 3406 394 3437 Psal.
417 3411 522 3443 cxvii,
543 3403 648 3433 27.-
672 3399 683 3418 ³
702 3399 836 3435 Jerem„
859 3405 930 3436 xiv,
953 3401 984 3428 2.
1003 3414 1044 3420 —
1068 3397 1081 3418 ¹·
1102 3398 1179 3434 Iso„
1206 3405 1249 3436 11,
1274 3400 1304 3428 3.

274 3469 314 3475 —
331 3454 344 3474 ⁶
361 3452 519 3487 Nahum„
539 3457 581 3488 11,
601 3448 676 3478 6.-
696 3447 708 3465 ⁰
729 3449 864 3483 Jerem„
887 3452 935 3484 1³,
957 3446 1059 3475 21.—
1081 3443 1090 3464 ⁷
1109 3443 1205 3483 Joel„
1229 3452 1252 3482 1,
1274 3446 1303 3473 9.

625 147 898 191 EXPOSITIO
931 147 983 189 IN
1012 143 1452 188 LAMENTATIONES
1481 144 1722 186 JEREMIAE
1752 143 2061 186 PROPHETAE.

1383 234 1495 273 modi
1523 236 1622 273 suut
1650 232 1904 282 sacerdotes3
1933 233 2001 274 vel
2026 233 2069 272 in
2095 231 2284 285 personis
2303 231 2410 271 sim-

1382 305 1579 356 plicibus,
1600 305 1643 343 in
1664 303 1817 355 quibus
1844 303 2027 354 refulget
2048 302 2312 352 innocentia,
2334 314 2407 342 cu-

1377 375 1560 427 jusmodi
1582 377 1679 414 sunt
1696 374 1908 424 virgines3
1932 374 1998 414 vel
2019 374 2060 413 iu
2082 374 2170 426 ipsa
2185 374 2409 414 hominum

1381 445 1672 493 multitudine,
1703 445 1746 483 in
1774 444 1930 495 quibus
1950 443 2162 483 calamitas
2189 446 2250 484 est
2277 444 2412 495 magis

1383 517 1637 557 miseranda·
1658 516 1736 557 Pro
1755 517 1891 572 primo
1907 514 2027 554 dicit:
2054 514 2303 556 Sacerdotes
2322 515 2413 567 ejas

1382 593 1609 639 mittentes,
1639 587 1690 627 ad
1719 587 1920 633 litteram,
1952 585 2026 638 qui
2055 585 2243 625 solebant
2268 585 2318 624 ad
2344 597 2410 625 so-

1381 658 1619 698 lemnitates
1641 658 1834 697 homines
1854 656 2056 706 invitare;
2080 656 2199 708 quia,
2231 656 2282 696 ad
2302 656 2411 696 litte-

1381 742 1494 779 ram,
1516 730 1561 769 in
1580 728 1866 781 captivitatem
1886 727 2022 776 ducti,
2044 739 2070 767 a
2092 727 2210 767 cultu
2230 729 2270 767 et
2290 739 2414 767 caere-

1381 801 1535 841 moniis
1567 800 1711 853 templi
1739 798 1899 839 exclusi
1919 801 1931 822 ⁷
1953 812 1960 838 :
1991 813 2009 836 (ι
2031 797 2251 838 Luxerunt
2276 810 2415 838 sacer—

1380 871 1496 912 dotes
1518 871 1699 911 ministri
1717 871 1897 911 Domini.
1922 884 1940 908 ›)
1968 869 2048 910 Pro
2069 869 2254 910 secundo
2273 869 2412 922 sequi-

1380 946 1472 984 tur:
1492 943 1691 995 Viryz‘nes
1703 942 1794 993 ejas
1809 941 2033 994 squalida),
2046 941 2087 981 id
2100 944 2175 990 est,
2188 942 2411 992 deformes,

1381 1016 1421 1052 et
1454 1014 1643 1062 incultae3
1673 1015 1792 1063 quus
1821 1016 1964 1053 tamen
1993 1013 2254 1053 contrarium
2280 1013 2414 1054 solent

1380 1084 1573 1135 virgines
1591 1085 1844 1132 desiderare,
1864 1096 1960 1136 quae
1980 1086 2020 1124 et
2040 1084 2173 1124 solitae
2192 1087 2311 1124 erant
2327 1085 2416 1124 vias

1381 1155 1474 1194 illas
1496 1168 1573 1195 sua
1596 1156 1832 1208 frequentia
1853 1168 2018 1196 ornare.
2037 1155 2118 1196 Pro
2138 1156 2261 1196 tertio
2281 1160 2417 1209 sequi-

1381 1230 1469 1267 tur:
1490 1228 1544 1269 Et
1561 1229 1655 1279 ipsa
1675 1229 1785 1269 Sion
1806 1238 2006 1280 oppressa
2027 1230 2087 1268 est
2106 1227 2415 1279 amaritudine,

1381 1299 1635 1351 captivitatis
1656 1301 1696 1339 et
1721 1299 1902 1349 dolorm,
1927 1311 2148 1351 oppressa,
2179 1299 2222 1340 id
2247 1303 2326 1350 est,
2359 1300 2417 1339 sic

1381 1383 1546 1423 pressa,
1577 1373 1624 1411 ut
1654 1383 1731 1411 nec
1759 1370 1898 1412 valeat
1927 1371 1977 1411 ad
2007 1371 2215 1422 gaudium
2242 1383 2286 1411 se
2307 1371 2413 1411 reci-

1381 1454 1494 1494 pere.

1435 1513 1685 1564 Allegorice,
1706 1513 1949 1555 Sacerdotes
1970 1512 2060 1564 effus
2081 1518 2301 1566 qementes,
2317 1517 2413 1564 etc„

1381 1596 1466 1624 non
1482 1586 1571 1637 jam
1594 1597 1670 1636 pro
1692 1585 1890 1637 peccatis3
1923 1585 1995 1624 sed
2016 1591 2196 1636 gemunt
2215 1598 2303 1638 prae
2324 1599 2415 1626 ma-

1381 1656 1606 1706 gnitudine
1628 1668 1845 1706 curarum,
1871 1661 1909 1695 et
1929 1656 2233 1709 inquietatione
2253 1658 2416 1698 divitia-

1382 1738 1500 1775 rum,
1532 1738 1628 1778 quae
1653 1729 1752 1766 sunt
1771 1727 1903 1779 spinae
1923 1731 2163 1780 pungentes
2179 1760 2190 1779 ,
2214 1730 2255 1768 et
2274 1730 2411 1780 gemi-

1382 1800 1474 1838 tum
1501 1801 1778 1851 provocautes
1798 1798 1837 1840 ⁸:
1865 1815 1884 1838 c<
1908 1798 2109 1851 Gigantes
2131 1803 2311 1851 gemunt
2337 1801 2414 1841 sub

1382 1870 1518 1921 aquis.
1540 1884 1559 1907 >³
1585 1870 1753 1921 Petrus,
1777 1883 1863 1911 non
1884 1871 1964 1922 sic,
1999 1872 2071 1912 sed
2090 1872 2103 1893 ⁹
2132 1884 2258 1924 super
2285 1884 2416 1925 aquas

1381 1941 1629 1981 ambulavit.
1653 1943 1706 1983 In
1727 1943 2021 1993 captivitatem
2050 1942 2173 1985 dactz’
2199 1948 2320 1994 sant,
2343 1943 2416 1996 qui

1382 2025 1407 2052 a
1425 2012 1564 2052 studio
1581 2025 1693 2053 curae
1709 2013 1887 2053 coelestis
1900 2014 1943 2053 in
1959 2026 2168 2054 carcerem
2186 2015 2414 2055 mundanae

1383 2084 1674 2125 sollicitudinis
1692 2085 1947 2133 ceciderunt,
1971 2088 2012 2124 et
2032 2085 2112 2125 hoc
2132 2089 2342 2138 quantum
2363 2086 2415 2127 ad

1382 2158 1539 2195 statum
1561 2156 1849 2208 praelatorum.
1869 2156 1948 2196 Pro
1964 2158 2075 2196 statu
2090 2169 2190 2197 vero
2205 2160 2417 2210 contemp-

1381 2229 1526 2265 torum
1558 2227 1748 2278 sequitur
1766 2242 1774 2267 ε
1815 2227 2014 2280 Vityz'nes
2050 2227 2141 2278 ejus
2177 2228 2415 2280 squalidae:

1382 2297 1575 2349 virgines
1611 2298 1972 2350 incorruptionem
2020 2298 2172 2338 mentis
2214 2298 2259 2338 in
2305 2302 2416 2339 statu

1382 2369 1746 2421 contemplationis
1771 2372 1993 2418 sectantes;
2029 2368 2262 2421 squalidae,
2289 2381 2417 2421 squa-

1381 2439 1469 2479 lore
1490 2439 1714 2490 vitiorum,
1737 2440 1804 2479 vel
1829 2440 2052 2480 sordidatae
2076 2439 2122 2492 (b)
2147 2440 2174 2461 ¹⁰
2195 2451 2205 2479 :
2233 2454 2253 2478 α
2272 2439 2417 2480 Fatuae

1382 2513 1538 2561 autem,
1556 2511 1734 2563 acceptis
1747 2510 2016 2564 lampadibus
2034 2523 2120 2552 non
2143 2512 2417 2563 sumpserunt

1382 2582 1523 2621 oleum
1543 2593 1702 2630 secum,
1724 2597 1742 2619 ›)
1763 2582 1805 2622 id
1826 2585 1901 2632 est,
1924 2582 2109 2622 nitorem
2129 2581 2411 2632 conscientiae,

1381 2652 1450 2693 vel
1478 2653 1705 2704 puritatem
1730 2652 1773 2691 in
1804 2652 1927 2692 corde
1955 2652 2132 2691 minime
2156 2652 2412 2692 habuerunt.

1381 2721 1461 2763 Sed
1483 2735 1558 2775 pro
1575 2725 1687 2763 statu
1708 2722 1992 2762 multitudinis
2009 2722 2190 2762 aliorum
2204 2723 2412 2774 sequitur:

1381 2794 1437 2836 Ec
1468 2795 1567 2846 ipsa
1591 2794 1721 2843 Sion,
1751 2793 1906 2833 scilicet
1938 2793 2134 2833 Ecclesiae
2166 2793 2412 2843 multitud03

1381 2875 1583 2917 oppressa
1618 2863 1934 2915 amaritudine,
1957 2864 2098 2904 litium
2118 2865 2159 2903 et
2188 2863 2414 2903 discordia-

1381 2948 1475 2975 rum
1493 2950 1502 2985 3
1527 2936 1594 2976 vel
1614 2936 1706 2987 ipsa
1724 2934 1909 2975 Ecclesia
1930 2934 2179 2975 universalis
2197 2933 2241 2973 in
2259 2946 2358 2986 pace
2375 2936 2414 2975 et

1381 3007 1655 3059 prosperitate
1689 3005 1971 3058 corporalium
1993 3005 2017 3025 ¹¹
2038 3017 2047 3043 r
2076 3019 2094 3042 α
2113 3003 2216 3045 Ecce
2241 3004 2286 3044 in
2313 3017 2414 3058 pace

1381 3078 1619 3117 amaritudo
1641 3089 1734 3117 mea
1754 3075 2033 3115 amarissima.
2055 3089 2074 3112 n

1435 3148 1663 3197 Moraliter,
1687 3146 1922 3188 sacerdotes
1945 3148 2044 3185 sunt
2066 3146 2303 3198 synderesis
2316 3158 2413 3187 con—

1380 3221 1446 3258 tra
1475 3217 1793 3258 multitudinem
1825 3216 2037 3256 malorum
2065 3229 2409 3267 remurmurans3

1378 3347 1420 3353 —
1441 3330 1451 3347 ⁸
1471 3320 1541 3368 job,
1565 3336 1667 3367 xxvi,
1689 3329 1718 3359 5.
1738 3345 1778 3351 —
1797 3329 1808 3346 ⁹
1830 3327 1963 3367 Manli„
1983 3335 2057 3368 xrv,
2086 3329 2136 3361 29.
2157 3345 2196 3352 —
2219 3328 2245 3351 ¹·
2271 3327 2412 3367 Matth„

1381 3383 1465 3416 xxv,
1482 3380 1512 3409 3.
1531 3393 1566 3398 -
1589 3376 1608 3393 ¹¹
1631 3377 1710 3415 Jsa„
1733 3383 1882 3415 xxxviii,
1907 3377 1956 3407 17.

1425 3442 1469 3482 (a)
1497 3440 1596 3482 Vulq.
1612 3440 1814 3472 obscuratae.
1827 3459 1867 3465 —
1889 3439 1934 3480 (b)
1953 3440 2034 3472 Coet.
2053 3440 2132 3472 edit.
2152 3441 2326 3473 sorditate.
