2634 3853
997 179 1271 223 EXPOSITIO
1301 178 1355 220 IN
1385 178 1499 220 CAP.
1530 177 1599 218 XI.

232 273 517 316 infirmitatem
553 273 757 313 nostram.
790 271 899 313 Nam
930 270 1031 323 quid
1057 280 1254 319 oremUS,

232 345 340 385 sicut
357 344 539 395 oportet,
562 342 795 393 nescimus,
823 342 893 382 sed
912 341 1002 393 ipse
1029 339 1250 392 Spiritus,›)

232 413 387 454 scilicet
422 412 587 452 Domini
614 412 735 463 Jesu,
775 427 793 450 α
816 411 998 465 postulat
1028 422 1103 463 pro
1138 409 1258 450 nobis

232 483 462 535 gemitibus
490 483 896 523 inenarrabilibus.»
936 481 983 520 In
1015 479 1257 531 exemplum

230 555 425 605 perfeetae
457 553 653 603 virtutis;
686 553 798 594 unde
817 552 997 593 dicitur:
1033 553 1258 603 postquam

232 623 392 674 oravit,
423 624 524 676 ipsis
556 623 772 676 discipulis
800 623 885 663 ait¹
918 637 927 662 :
971 621 1191 673 «Vigilate
1219 623 1260 661 et

232 695 370 743 orate,
401 696 448 734 ut
473 705 561 734 non
583 693 745 734 intretis
775 692 819 732 in
844 691 1171 732 tentationem.»
1199 691 1258 732 Ob

232 763 342 804 hane
369 764 497 805 etiam
524 775 698 804 causam
726 762 906 803 orationi
938 763 1180 814 frequenter
1198 761 1259 801 in-

233 835 388 885 stabat,
410 837 458 875 ut
476 834 644 876 doceret
669 846 835 887 semper
857 833 1086 883 orandum,
1110 844 1258 873 secun-

231 904 336 946 dum
354 905 458 946 illud
484 920 492 946 :
522 921 541 944 ι(
560 905 660 946 Sine
692 904 1005 945 intermissione
1024 905 1154 944 orate.
1168 917 1187 940 1)
1210 903 1260 943 Et

232 974 395 1027 prolixe
412 975 540 1017 etiam
561 975 729 1026 orabat,
752 975 863 1016 sicut
886 975 1042 1016 dicitur
1058 985 1187 1026 supra
1206 974 1218 996 ³
1249 988 1257 1014 :

240 1045 454 1087 «Factum
475 1049 560 1097 est,
586 1060 605 1084 1)
643 1048 744 1097 etc.;
780 1046 1002 1099 sequitur:
1038 1061 1058 1084 α
1089 1044 1141 1085 Et
1172 1047 1262 1085 erat

234 1120 486 1170 pernoctans
520 1117 565 1157 in
601 1117 803 1158 oratione.
834 1132 853 1154 »
887 1116 938 1158 Et
969 1116 1062 1157 ideo
1090 1117 1263 1156 fortasse

235 1187 387 1230 dicitur
406 1189 500 1238 hic,
531 1190 580 1231 in
600 1189 783 1242 quodam
808 1189 893 1231 loco
910 1220 920 1237 ,
951 1190 998 1229 ut
1022 1187 1262 1229 ostendatur

235 1258 349 1310 quod
369 1258 589 1300 orantibus
607 1259 888 1312 requirendus
908 1260 970 1299 est
990 1258 1108 1298 locus
1127 1269 1261 1298 secre-

234 1330 327 1378 tus;
349 1329 421 1369 sed
439 1331 607 1381 tempus
625 1322 808 1378 tacetur,
824 1331 872 1368 ut
890 1328 1132 1369 ostendatur
1151 1328 1264 1380 quod

234 1399 352 1439 omni
383 1402 572 1452 tempore
608 1399 898 1440 indifferenter
929 1402 992 1439 est
1027 1399 1261 1449 orandum,

235 1469 470 1511 secundum
499 1470 612 1523 quod
650 1470 803 1511 dicitur
839 1470 947 1510 infra
964 1470 978 1491 ⁴
1006 1483 1015 1509 :
1055 1484 1074 1508 α
1096 1468 1265 1522 Oportet

237 1551 404 1594 semper
429 1553 569 1592 orare,
592 1543 633 1582 et
652 1553 738 1582 non
766 1540 953 1581 deficere.
980 1553 999 1578 ›>
1023 1539 1074 1581 Et
1100 1540 1202 1581 item
1223 1541 1259 1580 ⁵:

244 1626 264 1650 a
283 1611 377 1654 Non
395 1612 638 1665 impediaris
656 1624 778 1653 orare
797 1624 980 1664 semper.
1005 1626 1024 1649 »

293 1682 512 1733 Secundo,
555 1686 765 1736 quantum
803 1683 854 1723 ad
886 1682 1266 1735 promptitudinem

238 1753 542 1806 discipulorum
561 1753 607 1793 in
626 1753 846 1804 imitando,
869 1752 1087 1793 subditur:
1120 1752 1168 1794 Ut
1185 1763 1266 1795 ces-

239 1826 368 1874 savit,
384 1823 506 1866 dixit
525 1834 638 1865 unus
652 1833 708 1865 esc
723 1822 951 1874 discipulis
970 1822 1060 1875 ejus
1080 1822 1139 1864 dcl
1152 1834 1267 1865 eum.-

239 1895 435 1946 Domine,
453 1894 552 1937 doce
571 1904 648 1936 1208
668 1904 801 1936 orare.
818 1893 940 1934 Recte
960 1905 985 1933 a
1003 1893 1181 1935 Domino
1200 1907 1268 1947 pe-

239 1965 384 2006 tebant
402 1964 596 2018 discipuli
615 1964 974 2017 quemadmodum
990 1966 1030 2004 et
1046 1964 1127 2016 ipsi
1147 1976 1268 2006 orare

239 2035 462 2085 deberent,
495 2047 549 2076 ne
592 2034 848 2087 quandoque
883 2034 1041 2086 aliquid
1081 2036 1269 2086 peterent

241 2105 389 2144 contra
422 2103 516 2155 ers
550 2103 828 2144 voluntatem.
866 2101 982 2142 Unde
1021 2101 1196 2154 Sapiens
1226 2103 1264 2142 ⁶:

246 2187 266 2211 (1
280 2172 382 2222 Quis
397 2173 622 2214 hominum
637 2173 790 2225 poterit
806 2173 910 2213 scire
926 2173 1149 2213 eonsilium
1167 2173 1239 2214 Dei
1249 2175 1268 2214 ‘2

241 2244 315 2283 aut
343 2243 439 2295 quis
464 2243 617 2295 poterit
642 2243 853 2295 cogitare,
882 2243 984 2295 quid
1005 2243 1107 2284 velit
1128 2244 1267 2284 Deus?

242 2313 526 2366 Cogitationes
544 2314 659 2355 enim
680 2313 923 2354 mortalium
944 2313 1120 2364 timidae,
1140 2317 1180 2354 et
1198 2315 1270 2355 in-

241 2386 367 2425 certae
392 2383 668 2436 providentiae
697 2386 866 2424 nostrae.
897 2397 916 2420 ›>
949 2383 1046 2424 ldeo
1066 2384 1164 2426 doce
1195 2395 1270 2427 nos

241 2464 378 2505 orare,
394 2466 492 2495 cum
506 2454 563 2494 sis
577 2453 780 2495 Dominus
791 2456 942 2494 noster.
957 2453 1072 2496 Unde
1086 2455 1227 2498 Isaias
1237 2455 1266 2496 ⁷:

243 2540 263 2564 a
279 2525 373 2577 Ego
387 2524 592 2565 Dominus
611 2524 721 2565 Deus
740 2527 841 2565 tuus
861 2524 1012 2565 docens
1033 2528 1072 2566 te
1091 2526 1264 2567 utilia.»

242 2595 294 2637 Et
309 2595 422 2648 quod
442 2595 590 2635 debeat
609 2595 817 2646 exaudiri,
833 2596 1012 2636 ostendit
1026 2609 1100 2649 per
1114 2597 1267 2649 simile,

242 2678 342 2708 cum
362 2665 475 2707 addit
494 2677 504 2706 :
534 2665 654 2708 Sicut
675 2665 817 2708 docuit
836 2667 1018 2708 Joannes
1036 2667 1271 2720 discipulos

243 2747 356 2779 suos.
379 2736 496 2777 Scire
515 2748 701 2789 namque
717 2748 839 2777 orare
858 2736 1006 2789 Deum,
1022 2739 1202 2790 pertinet
1219 2740 1272 2781 ad

243 2807 478 2850 doctrinam
522 2807 711 2860 pietatis,
752 2808 957 2860 quoniam
995 2809 1042 2849 in
1084 2810 1272 2852 oratione

243 2879 457 2932 praecipue
490 2879 642 2920 colitur
675 2878 798 2920 Deus.
832 2879 949 2920 Unde
978 2880 1141 2922 dicebat
1169 2880 1270 2922 Pro-

244 2949 372 3001 pheta
391 2949 432 2991 ὃς
462 2964 482 2989 ε(
510 2949 694 2990 Introibo
720 2949 765 2989 in
793 2949 970 2990 domum
998 2953 1142 3002 tuam,
1170 2951 1270 2993 ado-

245 3020 348 3061 rabo
375 3021 429 3061 ad
453 3021 663 3073 templum
693 3023 886 3061 sanctum
907 3024 1054 3072 tuum,
1074 3037 1094 3060 ›)
1119 3025 1197 3064 etc.
1224 3023 1275 3064 Et

247 3090 596 3143 Chrysostomus:
634 3106 653 3130 c(
682 3091 822 3133 Solam
852 3093 1111 3144 orationem,
1153 3094 1275 3146 quasi

248 3161 466 3213 spirituale
478 3163 699 3214 tributum,
715 3164 861 3204 anima
879 3163 1002 3204 offert
1021 3164 1072 3204 de
1092 3165 1182 3205 suis
1196 3165 1276 3206 vis-

249 3231 428 3273 ceribus.
464 3231 622 3284 Magua
656 3234 810 3288 quippe
841 3235 1029 3287 dignitas
1057 3236 1273 3277 orationiS.

292 3361 304 3383 ¹
327 3361 464 3400 Matth„
485 3369 586 3401 xxvi,
607 3363 658 3394 41.
677 3379 717 3387 -—-
740 3364 751 3383 ²
772 3365 781 3395 1
811 3364 932 3403 Thess„
957 3373 987 3406 ν,
1012 3366 1061 3397 17.
1082 3383 1121 3388 —
1147 3365 1160 3386 3
1180 3366 1275 3406 Sup.,

253 3415 305 3447 VI,
326 3410 377 3439 12.
397 3425 437 3431 —
455 3409 466 3428 ⁴
494 3409 571 3448 inf„
591 3417 699 3451 xviu,
725 3414 753 3443 1.
779 3429 819 3435 —
839 3413 853 3434 ¹⁵
880 3411 996 3450 Eccli„
1027 3420 1132 3452 xvui,
1162 3414 1214 3445 22.
1239 3430 1275 3435 -

254 3456 266 3474 ⁶
284 3455 447 3496 Sap.‚1x‚
469 3457 521 3495 13,
546 3458 597 3488 14.
618 3473 654 3478 -
682 3455 692 3477 ⁷
714 3457 792 3497 lsa„
815 3465 940 3498 xnvm,
964 3460 1014 3490 17.
1039 3475 1079 3483 —
1098 3458 1112 3480 ⁸
1132 3458 1221 3491 Psal.
1243 3467 1277 3501 v,

2280 187 2356 226 515

1332 267 1429 308 Mox
1448 268 1496 307 ut
1512 266 1564 306 ab
1582 277 1654 306 ore
1673 267 1889 319 processit,
1910 269 2144 321 suscipiunt
2163 282 2255 311 eam
2275 272 2359 312 An-

1332 339 1418 391 geli
1438 337 1634 378 manibus
1654 338 1742 378 suis
1754 370 1767 388 ,
1787 340 1828 379 et
1844 339 2029 379 offerunt
2048 343 2143 381 ante
2164 342 2318 394 Deum,
2334 358 2352 381 n

1333 409 1440 449 sicut
1459 409 1516 449 ait
1532 408 1723 459 Angelus
1744 408 1887 450 Tobiae
1907 410 1944 450 ⁹:
1967 425 1986 448 «
2004 408 2098 462 Ego
2118 412 2252 452 obtuli
2271 425 2361 454 ora-

1333 480 1491 520 tionem
1511 482 1631 520 tuam
1656 479 1854 531 Domino,
1880 494 1899 518 ))
1924 484 2000 522 etc.
2025 480 2092 522 Sic
2117 493 2223 533 ergo
2248 483 2361 523 solli-

1334 551 1412 591 cite
1432 551 1605 591 docetur
1625 553 1664 591 et
1683 551 1931 603 requiritur,
1951 554 2122 605 propter
2142 552 2207 593 sui
2229 553 2360 593 excel·

1333 621 1529 671 lentiam;
1546 623 1586 661 et
1599 632 1686 661 non
1702 621 1839 662 solum
1853 625 2022 675 propter
2036 623 2130 673 1100,
2147 623 2219 663 sed
2235 623 2360 663 etiam

1334 695 1505 745 propter
1525 692 1768 742 efficaciam,
1781 694 2014 734 secundum
2030 694 2134 734 illud
2149 695 2177 716 ¹⁰
2189 708 2197 735 ε
2209 709 2228 733 (ι
2243 693 2363 743 Quae-

1335 775 1519 816 cumque
1539 766 1705 803 orantes
1726 764 1880 815 petitis,
1898 764 2052 805 credite
2071 765 2172 817 quia
2191 764 2359 818 accipie-

1334 834 1403 883 tis,
1425 836 1466 874 et
1486 834 1683 876 evenient
1702 834 1870 875 vobis.»
1883 834 1934 875 Et
1950 834 2125 876 Jacobus
2141 836 2165 860 ²¹
2182 849 2191 875 ε
2208 850 2226 874 (ι
2241 833 2364 875 Orate

1335 917 1411 957 pro
1442 905 1625 946 invicem
1661 907 1710 945 ut
1741 905 1963 946 salvemini
1985 919 1993 945 ε
2033 906 2217 946 multum
2250 906 2364 946 enim

1336 975 1448 1017 valet
1479 975 1714 1028 deprecatio
1742 977 1848 1028 justi
1879 977 2062 1018 assidua.
2094 976 2206 1017 Elias
2237 978 2365 1019 homo

1337 1048 1438 1096 erat,
1461 1060 1480 1084 1)
1500 1048 1578 1086 etc.
1596 1045 1712 1087 Unde
1731 1059 1805 1098 per
1826 1047 1906 1088 1100
1926 1047 2119 1088 innuitur
2134 1048 2255 1088 nobis
2274 1061 2367 1089 ora-

1336 1116 1394 1157 tio
1413 1116 1598 1157 multum
1625 1117 1828 1168 amanda,
1851 1118 1953 1171 quia
1975 1131 2050 1171 per
2068 1119 2205 1171 ipsam
2230 1119 2363 1172 impe-

1337 1189 1473 1227 tratur
1492 1187 1678 1228 obtentio
1698 1188 1838 1228 omnis
1857 1189 1971 1239 boni,
1994 1191 2034 1230 et
2053 1190 2211 1230 amotio
2228 1191 2367 1231 omnis

1338 1259 1453 1299 mali.
1475 1258 1592 1300 Unde
1613 1259 1670 1299 ¹²:
1698 1274 1717 1297 «
1738 1259 1854 1300 Bona
1881 1262 1943 1301 est
1971 1262 2105 1302 oratio
2130 1274 2229 1303 cum
2252 1264 2368 1315 30311-

1337 1329 1431 1380 1110,
1451 1333 1492 1370 et
1511 1329 1798 1382 eleemosyna,
1828 1331 1968 1383 magis
1993 1344 2121 1384 quam
2147 1333 2369 1375 thesauros

1338 1399 1576 1439 recondere.
1600 1399 1810 1448 Quoniam
1830 1401 2097 1455 eleemosyna
2117 1415 2141 1443 a
2164 1407 2298 1445 morte
2316 1405 2366 1445 li-

1338 1469 1470 1519 berat,
1489 1472 1527 1509 et
1546 1470 1638 1521 ipsa
1651 1473 1712 1510 est
1727 1482 1824 1522 quae
1842 1474 2000 1523 purgat
2016 1476 2198 1525 peccata,
2216 1477 2257 1514 et
2272 1475 2369 1516 facit

1339 1539 1531 1580 invenire
1552 1539 1884 1581 misericordiam
1899 1544 1939 1581 et
1959 1542 2090 1583 vitam
2109 1546 2328 1586 aeternam.
2344 1561 2362 1584 1)

1393 1613 1432 1649 2.
1456 1610 1511 1652 Ec
1527 1610 1592 1652 ait
1610 1609 1700 1652 illis
1717 1623 1731 1651 .·
1753 1611 1856 1652 Cum
1880 1614 2035 1663 oratis,
2058 1617 2135 1655 etc.
2159 1614 2256 1656 Post
2275 1609 2368 1657 ora-

1339 1680 1465 1720 tionis
1483 1681 1750 1733 exemplum⁷
1772 1682 1996 1735 subjungit
2019 1686 2219 1726 orationis
2238 1686 2369 1728 docu-

1340 1754 1548 1792 mentum.
1567 1751 1612 1791 111
1632 1764 1717 1805 quo
1737 1753 1876 1805 primo
1896 1754 2077 1795 traditur
2095 1756 2232 1798 forma
2253 1757 2370 1800 invo-

1342 1820 1483 1870 candi3
1507 1822 1690 1863 secundo
1710 1834 1826 1874 vero,
1849 1823 1985 1864 forma
2003 1826 2262 1878 postulandi,
2285 1828 2367 1868 ibi:

1345 1891 1646 1943 Sanctificetur
1664 1904 1816 1936 nomen
1837 1897 1971 1937 tuum.
1994 1895 2209 1945 Quantum
2228 1901 2371 1939 autem

1342 1962 1394 2003 ad
1426 1963 1608 2004 formam
1641 1964 1888 2016 invocandi,
1918 1964 2042 2007 dicit:
2074 1967 2130 2009 Et
2156 1969 2222 2010 ait
2253 1968 2343 2011 illis
2357 1981 2371 2009 .·

1345 2033 1446 2075 Cum
1465 2035 1616 2085 oratis,
1639 2034 1800 2077 dicite:
1820 2036 1958 2087 Pater,
1980 2036 2022 2077 id
2042 2039 2125 2089 est,
2147 2039 2285 2091 primo
2305 2040 2373 2080 in-

1341 2105 1487 2145 vocate
1512 2103 1700 2155 Patrem3
1736 2105 1892 2156 dicite,
1922 2107 2122 2159 inquam,
2154 2120 2240 2149 non
2270 2121 2373 2151 voce

1342 2176 1524 2226 tantum,
1548 2175 1620 2216 sed
1640 2176 1767 2216 etiam
1788 2177 1927 2229 corde,
1949 2190 2003 2218 ne
2021 2179 2191 2231 quando
2210 2180 2373 2221 dicatur

1343 2245 1463 2286 vobis
1482 2245 1587 2286 illud
1601 2247 1649 2286 13:
1674 2261 1693 2285 «
1718 2247 1906 2300 Populus
1924 2248 1994 2288 hic
2012 2248 2134 2290 labiis
2150 2262 2218 2291 me
2236 2251 2370 2292 hono-

1342 2318 1408 2356 rat
1416 2330 1426 2365 ;
1448 2328 1520 2356 cor
1539 2319 1683 2357 autem
1696 2328 1846 2358 eorum
1859 2317 1987 2370 longe
2001 2321 2062 2360 est
2074 2332 2099 2360 a
2111 2332 2194 2361 me.
2210 2335 2229 2358 »
2244 2321 2373 2363 Dicite

1343 2399 1512 2439 quoque
1528 2399 1614 2428 non
1632 2389 1798 2429 tantum
1813 2388 1953 2439 corde,
1970 2401 2121 2431 verum
2136 2392 2261 2432 etiam
2277 2404 2367 2433 ore:

1343 2457 1443 2509 quia
1464 2457 1620 2498 vocalis
1639 2458 1772 2498 oratio
1795 2460 1963 2511 accepta
1991 2462 2053 2501 est
2081 2460 2189 2513 Deo,
2216 2474 2370 2504 secun-

1343 2528 1445 2568 dum
1464 2527 1568 2568 illud
1590 2528 1616 2549 ¹2
1642 2539 1652 2567 :
1680 2544 1698 2567 α
1717 2529 1954 2571 Confitebor
1975 2530 2152 2573 Domino
2172 2533 2300 2573 nimis
2327 2534 2371 2574 in

1343 2610 1415 2639 ore
1435 2610 1545 2639 meo.
1568 2613 1586 2636 »
1613 2598 1664 2639 Et
1690 2599 1790 2650 1100,
1817 2602 1910 2641 tum
1937 2603 2039 2655 quia
2064 2603 2174 2645 valet
2201 2605 2252 2645 ad
2279 2618 2367 2647 me-

1344 2669 1523 2710 moriam
1547 2670 1853 2721 suscitandam,
1881 2673 1933 2714 ad
1955 2675 2277 2718 somnolentiam
2297 2689 2371 2718 ex-

1345 2740 1574 2791 citandam,
1597 2741 1650 2782 ad
1670 2741 1925 2784 desiderium
1956 2746 2293 2799 accendendum,
2322 2750 2373 2789 ad

1345 2810 1599 2864 obsequium
1620 2812 1951 2865 impendendum
1965 2848 1974 2866 ,
1998 2817 2051 2857 ad
2072 2818 2279 2868 gaudium
2298 2831 2371 2860 ex-

1344 2881 1639 2934 primendum,
1667 2886 1708 2924 et
1734 2884 1788 2924 ad
1814 2885 2058 2939 exemplum
2082 2888 2375 2930 demonstran-

1346 2952 1464 2993 dum.
1488 2952 1741 2995 Invocamus
1761 2958 1904 2997 autem
1921 2969 2080 2998 nomen
2099 2958 2234 3000 Patris
2251 2975 2259 3001 :
2287 2961 2375 3012 ipse

1346 3024 1461 3064 enim
1492 3027 1553 3065 est
1584 3028 1702 3078 pater
1725 3026 1890 3067 ratione
1915 3028 2163 3070 conditionis
2186 3034 2371 3081 naturae,

1348 3096 1581 3137 secundum
1608 3097 1712 3138 illud
1732 3098 1792 3138 ¹⁵:
1821 3112 1840 3136 «
1857 3098 1920 3139 Ex
1950 3112 2035 3152 quo
2068 3102 2206 3142 omnis
2235 3105 2371 3155 pater-

1348 3166 1455 3206 nitas
1474 3166 1519 3207 in
1540 3167 1654 3208 coelis
1675 3171 1715 3208 et
1737 3168 1781 3208 in
1801 3170 1915 3210 terra
1933 3171 2190 3212 nominatur.
2212 3187 2231 3210 ›)
2258 3172 2375 3213 Unde

1349 3238 1664 3281 Malachia8¹⁶z
1693 3238 1948 3293 «Numquid
1982 3254 2066 3282 non
2106 3246 2225 3296 pater
2263 3256 2376 3284 unus

1351 3322 1381 3352 8.
1407 3338 1446 3344 —
1472 3322 1484 3340 ⁹
1506 3321 1594 3361 Tob„
1621 3329 1692 3359 x11,
1714 3322 1764 3352 12.
1783 3339 1824 3345 -——
1849 3323 1876 3344 1⁰
1898 3323 2016 3363 Marc„
2037 3332 2090 3364 111,
2113 3325 2164 3356 24.
2185 3342 2225 3348 —
2248 3326 2272 3348 1¹
2294 3327 2378 3369 lae„

1351 3376 1383 3408 v,
1410 3370 1458 3409 16,
1481 3370 1531 3401 17.
1552 3385 1592 3391 ·—
1611 3370 1638 3390 ¹⁵2
1659 3368 1748 3409 To'b.‚
1766 3376 1832 3410 ΧΠ,
1854 3371 1887 3410 8,
1909 3371 1937 3402 9.
1957 3387 1998 3394 ——
2017 3371 2044 3392 1³
2066 3372 2184 3412 Marc„
2210 3381 2270 3415 vu,
2290 3377 2319 3406 6.
2340 3394 2379 3401 -

1354 3415 1379 3436 ¹⁸
1397 3415 1487 3448 Psal.
1512 3424 1609 3457 cvm,
1630 3417 1681 3447 30.
1704 3434 1738 3439 —
1764 3417 1789 3438 ¹⁵
1809 3417 1945 3458 Ephea,
1967 3425 2018 3456 111,
2041 3420 2090 3449 15.
2114 3436 2156 3442 -
2177 3420 2200 3441 ¹ss
2220 3422 2377 3463 Malaclz„

1352 3470 1391 3503 11,
1415 3464 1463 3494 10.

2433 2487 2531 2513 Oratio

2390 2528 2510 2556 vocalis.
