2587 3845
210 155 286 191 160

205 239 486 293 delinquentis
513 254 521 280 :
544 240 664 282 Facti
689 242 801 281 suni.
828 238 929 278 Dicit
961 249 1091 287 ergo,
1128 236 1233 288 quia

205 311 323 364 lonae
345 313 482 363 factus
503 316 562 354 esc
581 323 607 353 a
624 322 686 352 me
706 310 956 358 consolator,
976 308 1234 358 11000111·οΡ-

204 384 268 422 ter
287 386 504 434 peccatum
524 383 533 403 ¹
558 396 566 421 :
589 396 607 418 «
630 381 773 431 Longe
807 380 920 419 enim
956 390 979 417 a
1009 377 1234 429 peccatori-

206 452 284 493 bus
304 453 431 494 salus.
455 468 474 490 »
513 453 762 494 Convertens
797 451 986 491 (mimam
1009 458 1158 497 meam,
1180 448 1231 487 ad

202 523 360 564 honuni
387 539 394 564 :
416 525 556 564 nullus
570 524 682 563 enim
702 522 752 562 ad
774 521 934 560 bonum
955 519 1229 566 convertitur,

201 594 282 633 nisi
303 595 418 646 prius
440 595 481 634 in
504 595 612 634 bono
635 593 876 633 delectetur.
907 590 1228 642 Augustinus²z

208 680 226 702 «
247 664 296 705 Ut
316 666 447 705 amori
464 664 638 716 ι1051111ῑο
658 676 742 704 non
757 674 1056 716 praeponamus
1070 660 1229 710 omnia,

200 747 296 787 quse
317 734 519 775 delectant
530 750 539 784 3
572 735 659 787 ipse
689 737 751 774 est
782 734 946 786 primus
977 732 1162 785 gradus,
1185 733 1232 770 ut

199 806 307 846 inter
332 806 488 856 omnia,
516 817 613 858 quae
651 804 881 853 delectant,
923 803 1020 855 plus
1058 802 1231 842 delectet

198 876 481 929 ipsajustitia.
507 891 525 913 »
552 878 631 916 Pro
653 875 837 916 secundo
866 874 1081 926 sequitur:
1108 872 1230 913 Facu·

198 952 299 989 sunt
317 948 403 1000 filu·
430 949 513 989 mei
529 947 717 1000 perditi,
747 947 798 986 ad
827 946 1024 995 litteram,
1048 944 1161 984 uude
1181 946 1194 968 ³
1217 958 1224 983 :

204 1034 222 1056 «
242 1019 428 1059 Adduxit
449 1019 727 1059 mihiluctum
747 1029 957 1068 magnum
975 1015 1084 1056 :vidi
1113 1015 1228 1055 enim

197 1090 480 1142 captivitatem
498 1089 641 1141 populi
662 1088 767 1138 mei,
802 1087 992 1127 filiorum
1013 1098 1226 1135 meorum,

196 1162 236 1199 et
255 1159 440 1199 siliarum
463 1171 670 1199 mearum.
693 1173 712 1196 ))
739 1158 817 1198 Sed
845 1169 971 1198 causa
996 1169 1133 1197 causae
1163 1169 1226 1197 se-

195 1230 339 1283 quitur
361 1244 369 1270 :
397 1230 610 1282 Quoniam
630 1229 823 1271 invaluit
847 1229 1068 1279 inimicus,
1087 1227 1130 1269 id
1150 1230 1226 1278 est,

195 1301 434 1353 praevaluit.

251 1372 503 1424 Allegorice,
524 1384 610 1413 vox
635 1374 696 1412 est
715 1371 936 1421 Ecclesiae,
967 1369 1036 1410 vel
1073 1369 1227 1411 animae

196 1446 366 1494 sanctae,
386 1456 481 1497 quae
499 1443 641 1496 sponsi
662 1443 728 1483 sui
756 1442 946 1494 deplorat
975 1441 1223 1482 absentiam.

197 1514 277 1555 Sed
301 1514 530 1567 deploratio
565 1514 713 1554 efficax
747 1525 833 1554 non
856 1515 942 1562 est,
977 1512 1058 1552 nisi
1091 1512 1224 1552 conti-

195 1589 350 1627 nuetur
374 1600 381 1626 :
404 1585 516 1626 unde
536 1585 605 1625 ille
632 1597 656 1624 0
674 1583 851 1624 Domino
878 1582 1088 1623 consolari
1108 1582 1225 1623 vide-

195 1661 281 1707 tur,
303 1657 376 1709 qui
398 1658 538 1696 servat
565 1667 650 1704 cor,
674 1654 829 1694 scilicet
860 1654 1057 1694 continue
1090 1653 1228 1705 lacry-

194 1740 387 1776 mosum,
425 1726 593 1766 nullum
629 1725 852 1765 admittens
889 1723 1225 1775 interruptivum

195 1799 407 1840 solatium.
432 1796 698 1848 Augustinus
719 1810 727 1836 :
756 1810 774 1833 (‹
794 1794 1006 1835 Consolari
1021 1794 1118 1834 nolo
1132 1806 1223 1844 vos,

194 1870 277 1910 nisi
299 1869 488 1922 primum
517 1868 643 1909 venia
670 1866 888 1907 reduxerit
909 1877 999 1906 vos.
1021 1879 1040 1902 1)
1074 1864 1123 1905 Et
1146 1865 1226 1905 hoc

195 1943 271 1990 est,
293 1940 466 1981 oculum
486 1940 620 1979 facere
640 1938 799 1978 fontem
819 1948 959 1988 aquae.
984 1936 1098 1988 Quia
1110 1936 1226 1988 lonye

194 2013 334 2063 factus
355 2015 427 2061 est,
448 2013 543 2060 etc„
566 2012 738 2062 propter
756 2010 925 2061 peccata
945 2019 1054 2047 mea.
1080 2006 1112 2048 E
1132 2018 1227 2046 con-

195 2082 324 2122 trario
346 2094 444 2122 cum
465 2092 650 2133 praesens
686 2079 738 2119 sit
766 2078 1021 2128 consolator,
1044 2089 1129 2118 non
1150 2077 1224 2117 110-

195 2154 294 2193 bent
313 2152 453 2193 locum
476 2141 769 2192 amaritudinis
788 2150 988 2202 lacrymae
1008 2148 1043 2189 ε’*
1058 2163 1077 2187 α
1097 2148 1227 2189 Ν11111-

195 2224 297 2277 quid
317 2226 492 2276 possunt
519 2222 671 2274 lugere
707 2221 781 2261 filii
820 2221 983 2273 sponsi,
1020 2220 1226 2274 quamdiu

196 2308 294 2336 cum
316 2295 416 2348 ipsis
436 2298 497 2335 est
517 2293 726 2346 sponsus?
748 2293 900 2335 »Facti
919 2295 1021 2334 sunt
1035 2292 1122 2343 filu·
1143 2291 1227 2332 mei

191 2366 370 2420 perdici,
394 2366 485 2405 falsi
514 2363 754 2405 Christiani.
787 2362 861 2404 Vel
889 2363 940 2403 de
971 2364 1114 2403 anima
1143 2362 1226 2402 sin-

195 2438 336 2489 gulari
367 2436 618 2488 intelligitur
650 2435 662 2456 ⁵
701 2447 711 2474 :
751 2449 770 2472 α
805 2433 1009 2486 Ephraim
1048 2433 1226 2474 adducet

194 2509 302 2549 filios
322 2521 419 2549 suos
451 2508 503 2549 ad
531 2506 896 2547 interfectorem.»
935 2503 1137 2557 Ephraim
1156 2503 1225 2543 in-

195 2582 449 2633 terpretatur
499 2578 683 2630 fruqifer
728 2589 741 2617 :
779 2575 880 2628 quia
914 2575 991 2614 filii
1032 2573 1224 2615 Ecclesiae

197 2650 471 2704 prosperitate
491 2652 531 2690 et
556 2647 771 2690 affluentia
802 2646 1012 2699 praecipue
1031 2656 1222 2686 corrum-

198 2724 375 2774 puntur.
714 2727 715 2730 ’

253 2797 317 2834 17.
341 2791 569 2845 Expandii
591 2791 708 2841 Sion,
731 2793 809 2831 etc.
828 2789 905 2830 Hic
919 2788 1117 2838 secundo,
1133 2791 1226 2841 post

199 2865 451 2906 declaratam
472 2877 497 2904 a
516 2876 559 2904 se
578 2863 767 2905 divinam
784 2861 1065 2911 severitatem,
1084 2859 1226 2900 subdit

198 2936 499 2989 compassionis
532 2935 817 2984 incentivum,
850 2933 1039 2974 hostium
1071 2931 1225 2971 scilicet

197 3007 558 3061 importunitatem
577 3039 587 3057 ,
617 3006 755 3059 primo
784 3004 1023 3046 describens
1050 3014 1222 3055 oppres-

198 3079 328 3120 sionis
349 3078 580 3127 miseriam;
604 3077 786 3117 secundo
817 3075 950 3128 ipsius
976 3086 1112 3127 poenae
1130 3076 1222 3126 jus-

197 3151 348 3200 titiam,
371 3151 429 3190 ibi
451 3164 460 3190 :
483 3149 654 3199 Audite,
673 3149 847 3190 obsecro.
872 3147 918 3187 In
939 3147 1075 3199 prima
1089 3149 1221 3198 parte,

197 3222 298 3275 quia
336 3221 478 3262 hostes
521 3222 621 3260 tunc
660 3219 846 3260 maxime
888 3219 990 3258 sunt
1029 3216 1221 3267 molesti,

241 3354 249 3371 ¹
280 3352 370 3384 Psal.
399 3359 524 3389 cxvi11‚
555 3352 623 3382 455.
653 3367 693 3373 -
724 3350 734 3368 ²
769 3352 867 3389 Aug„
900 3349 938 3379 (le
970 3348 1058 3379 verb.
1096 3349 1222 3389 Aliost„

199 3410 300 3432 serm.
328 3408 415 3440 xvii,
444 3399 486 3430 al.
517 3406 614 3438 cmx,
646 3406 680 3428 n.
708 3399 739 3429 2.
767 3415 808 3420 —
837 3397 851 3418 ³
876 3398 1011 3433 Barac„
1045 3403 1092 3435 lv,
1120 3399 1150 3427 9.
1183 3413 1224 3419 —-

199 3448 209 3466 ⁴
228 3448 362 3489 Mami„
385 3456 437 3488 11,
467 3448 517 3479 15.
538 3463 580 3470 —
599 3446 610 3465 ⁵
631 3445 714 3486 Ose„
739 3453 794 3486 lx,
820 3445 870 3477 13.
892 3461 933 3469 —-
954 3444 967 3465 ⁶
986 3442 1135 3484 Nahum,
1162 3451 1219 3484 111,

552 149 824 192 EXPOSITIO
857 149 907 189 IN
940 146 1386 189 LAMENTATIONES
1415 146 1652 193 JEREMIAE
1685 146 1992 187 PROPIIETAE.

1310 236 1478 288 quando
1513 236 1599 285 illi,
1633 245 1819 286 quorum
1848 239 1946 275 sunt
1974 236 2142 286 hostes,
2174 237 2339 276 suntin

1308 307 1507 358 angustia
1548 304 1762 345 constituti
1780 319 1789 353 ;
1831 304 1923 345 ideo
1968 306 2105 358 primo
2143 307 2340 347 describit

1309 379 1454 416 contra
1484 376 1503 417 J
1511 376 1651 416 0111005
1673 375 1869 425 adjutorii
1900 378 1940 415 et
1975 377 2112 416 solatii
2140 377 2339 429 indigen-

1308 447 1434 496 tiam3
1472 447 1621 487 deinde
1655 445 1795 485 subdit
1825 446 2167 487 adversariorum
2197 448 2336 500 impu-

1311 518 1553 568 gnantiam,
1578 518 1633 556 ibi
1658 532 1666 556 ε
1690 516 1919 558 Mandavit
1951 518 2179 567 Dominu83
2215 520 2338 558 tertio

1308 592 1637 641 consequentem
1657 592 1678 629 J
1683 589 1906 629 udaeorum
1932 588 2234 639 ignominiam,
2253 589 2309 629 ibi
2327 604 2335 629 :

1308 659 1437 700 Facta
1470 664 1529 701 est
1564 660 1809 701 Jerusalem.
1845 659 1951 699 Huic
1981 659 2198 699 sententiae
2228 672 2336 711 prae-

1307 730 1488 770 mittitur
1521 731 1661 771 littera
1695 731 1813 781 Phe,
1834 742 1929 782 qua}
1964 731 2265 782 interpretatur
2295 741 2339 772 os

1307 800 1359 840 ab
1383 811 1466 851 ore,
1487 814 1574 842 non
1594 803 1646 842 ab
1667 813 1778 851 08863
1801 802 1868 842 vel
1889 803 1974 843 oris
1997 801 2200 852 genitive,
2218 802 2339 853 quasi

1306 871 1417 913 dicat
1445 888 1452 914 :
1477 873 1609 926 MaJ'or
1632 876 1693 913 est
1713 874 1898 914 obsessio
1916 874 2014 924 mei,
2039 884 2167 925 quam
2188 873 2340 925 lingua

1305 943 1443 984 valeat
1464 956 1662 984 enarrare
1697 959 1704 985 :
1739 945 1849 984 unde
1873 945 2000 985 etiam
2031 957 2239 986 manuum
2261 957 2338 985 ex-

1304 1015 1493 1055 tensione
1505 1015 1796 1067 praetenditur.
1819 1016 1925 1055 Dicit
1936 1028 2041 1068 ergo
2059 1029 2068 1056 :
2089 1016 2336 1069 Expandit,

1304 1085 1412 1125 sicut
1432 1086 1697 1138 periclitans,
1729 1086 1948 1138 requirens
1978 1087 2247 1138 adjutorem3
2272 1087 2338 1128 vel

1303 1154 1348 1195 in
1370 1156 1545 1207 signum
1567 1156 1807 1196 afflictionis
1827 1156 2027 1197 maximae
2051 1160 2119 1208 (a),
2142 1157 2250 1197 sicut
2269 1169 2336 1197 50-

1302 1225 1390 1266 lent
1411 1227 1554 1267 afflicti
1577 1227 1701 1278 gravi
1727 1228 1877 1268 morbo
1898 1228 2056 1278 facere,
2079 1231 2118 1268 et
2139 1227 2339 1268 mulieres

1302 1298 1600 1350 parturientes.
1621 1299 1747 1340 Sion:
1772 1299 1990 1340 continens
2010 1311 2086 1352 pro
2107 1302 2301 1341 contento
2325 1315 2333 1340 ε

1303 1369 1397 1411 Non
1418 1373 1479 1411 est
1501 1371 1578 1421 qui
1608 1369 1843 1412 consoletur
1874 1381 1987 1420 eam,
2009 1370 2219 1410 dominico
2240 1370 2336 1410 sub

1303 1442 1433 1481 tracto
1454 1440 1615 1489 solatio,
1636 1443 1676 1481 et.
1696 1441 1840 1482 divino
1860 1441 2102 1492 flagellante
2118 1441 2277 1492 judicio
2292 1442 2304 1461 6
2325 1453 2334 1481 :

1309 1526 1327 1549 (1
1349 1511 1465 1552 Unde
1489 1523 1681 1564 qu‘ceram
1703 1512 2032 1552 consolatorem?
2057 1526 2076 1549 ³)
2105 1511 2335 1554 Mandavit

1303 1582 1508 1623 Dominus
1528 1582 1732 1624 (idversus
1754 1583 1892 1632 Jacob,
1916 1583 1957 1623 id
1976 1585 2052 1632 est,
2075 1582 2180 1622 duas
2200 1583 2335 1623 tribus

1300 1653 1409 1694 Juda
1426 1656 1466 1693 et
1482 1653 1719 1705 Beniamin,
1741 1653 1791 1693 de
1811 1654 1904 1705 ers
1924 1664 2081 1704 genere
2101 1655 2141 1693 et
2162 1653 2335 1693 nomine

1301 1724 1530 1775 gloriantes
1547 1755 1560 1774 ,
1601 1723 1817 1764 mandavit
1855 1726 2063 1774 quantum
2102 1725 2153 1764 ad
2196 1735 2332 1776 poenae

1297 1795 1521 1847 justitiam,
1542 1807 1625 1836 non
1647 1797 1855 1848 quantum
1876 1795 1927 1834 ad
1948 1795 2215 1847 punientium
2236 1807 2332 1835 ma-

1300 1865 1449 1906 litiam.
1472 1868 1524 1907 ln
1545 1867 1730 1908 circuitu
1751 1865 1842 1917 ejus
1865 1866 1999 1907 hostes
2019 1865 2125 1917 ejus,
2148 1865 2262 1906 unde
2279 1867 2293 1888 ⁷
2318 1878 2328 1906 ε

1307 1953 1325 1975 «
1344 1937 1742 1987 Nabuchodonosor,
1767 1940 1807 1977 et
1826 1936 1964 1977 omnis
1983 1937 2192 1977 exercitus
2211 1938 2304 1989 eJus
2318 1969 2328 1986 ‚

1301 2009 1673 2049 circumdederunt
1692 2008 1904 2049 civitatem
1920 2039 1930 2057 ,
1954 2011 1993 2048 et
2013 2011 2266 2048 extruerunt
2286 2009 2331 2048 in

1300 2080 1481 2120 circuitu
1502 2081 1537 2132 ej
1547 2092 1595 2119 us
1626 2079 1898 2119 munitiones.
1921 2093 1939 2116 »
1966 2078 2046 2119 Sed
2079 2091 2155 2131 pro
2186 2091 2329 2119 conse-

1300 2151 1448 2204 quenti
1463 2151 1703 2202 ignominia
1718 2151 1875 2191 subdit:
1889 2151 2083 2193 Factaesc
2097 2151 2331 2193 Jerusalem

1299 2222 1427 2273 quasi
1451 2221 1616 2274 polluta
1635 2222 1867 2264 menstruis
1895 2223 2011 2263 inter
2038 2232 2104 2263 cos
2123 2234 2137 2262 .·
2158 2222 2332 2263 Jerusa-

1299 2292 1379 2335 lem
1401 2295 1643 2344 (continens
1663 2306 1738 2346 pro
1758 2295 1975 2343 contento)
1999 2293 2105 2333 facta
2126 2295 2188 2332 est
2206 2292 2330 2345 quasi

1299 2365 1461 2418 polluta
1472 2365 1716 2415 menstruis,
1733 2365 1774 2405 id
1790 2374 1866 2415 est,
1883 2363 2106 2404 immunda
2119 2366 2327 2416 reputata,

1298 2438 1338 2476 et
1359 2435 1655 2476 abominabilis
1685 2450 1694 2475 :
1719 2438 1760 2475 et
1783 2436 1864 2476 hoc
1894 2435 2046 2476 dicitur
2062 2467 2072 2484 ,
2095 2434 2330 2475 secundum

1299 2506 1535 2557 Rabanum,
1557 2507 1658 2559 quia
1671 2506 1999 2558 sanguinolenta
2019 2518 2162 2559 opera,
2183 2508 2328 2546 01001-

1298 2578 1410 2617 nalia
1442 2578 1648 2618 desideria
1676 2578 1813 2618 noluit
1847 2577 2010 2628 vitare3
2042 2577 2155 2618 unde
2189 2576 2330 2617 subdit

1299 2648 1498 2689 Rabanus
1523 2663 1531 2689 z
1560 2648 1815 2688 «Menstrua
1840 2648 2005 2689 foeditas
2025 2650 2112 2698 est,
2136 2659 2234 2687 cum
2255 2660 2329 2699 per

1299 2719 1491 2771 singulos
1511 2731 1676 2760 menses
1694 2719 1842 2771 gravia
1862 2721 1989 2771 atque
2008 2718 2220 2771 torpentia
2238 2731 2329 2759 mu-

1296 2790 1452 2831 lierum
1465 2789 1863 2843 corporaimmundi
1879 2789 2104 2841 sanguinis
2120 2788 2327 2830 effusione

1295 2861 1555 2903 relevantur.
1583 2875 1603 2898 ))

1349 2932 1604 2984 Allegorice,
1630 2932 1762 2981 Sion,
1785 2931 1826 2971 id
1847 2934 1909 2972 est
1928 2931 2111 2973 Ecclesia
2142 2932 2183 2971 in
2214 2943 2326 2983 prae-

1295 3003 1391 3044 latis
1410 3003 1578 3054 sanctis,
1602 3002 1813 3055 expandit
1833 3014 1986 3045 manus
2000 3013 2117 3053 suas,
2140 3014 2216 3055 pro
2231 3002 2326 3043 sub-

1296 3075 1392 3115 ditis
1411 3074 1585 3125 orando,
1608 3073 1723 3114 unde
1743 3077 1756 3098 8
1775 3088 1784 3114 ;
1815 3089 1833 3111 <‹
1854 3073 1957 3114 Cum
1977 3073 2140 3115 levaret
2158 3074 2324 3128 Moyses

1296 3158 1475 3197 manus,
1500 3145 1697 3187 vincebat
1717 3145 1857 3185 Israel.
1887 3160 1906 3183 n
1932 3144 2026 3187 Non
2052 3148 2112 3187 est
2134 3146 2210 3198 qui
2225 3157 2321 3188 con-

1295 3218 1451 3261 soletur
1471 3229 1576 3268 eam,
1599 3218 1706 3258 bene
1726 3216 1914 3257 faciendo
1935 3216 1948 3237 ⁹
1973 3230 2012 3257 2«
2034 3214 2188 3257 Omnes
2206 3228 2324 3256 nam-

1296 3303 1378 3343 que
1391 3289 1723 3340 declinaverunt,
1739 3287 1866 3329 simul
1876 3287 2047 3329 inutiles
2063 3287 2160 3328 facti
2172 3291 2316 3329 sunt.»

1296 3401 1325 3430 7.
1353 3415 1394 3421 —
1424 3399 1434 3417 ⁷
1462 3397 1502 3429 lV
1534 3397 1624 3438 Κεφ,
1654 3405 1735 3437 xxv,
1764 3399 1813 3428 10.
1838 3414 1879 3420 —
1906 3397 1916 3415 ⁸
1941 3395 2062 3436 Exod„
2085 3403 2178 3433 xvu,
2209 3396 2255 3427 11.
2280 3411 2321 3418 -—-

1293 3445 1307 3467 ⁹
1325 3445 1419 3478 Psal.
1437 3452 1515 3485 xui,
1536 3446 1566 3477 3.
1581 3461 1621 3468 -
1642 3445 1686 3485 (α)
1704 3444 1795 3476 Edit.
1814 3444 1891 3476 Ven.
1911 3443 2114 3477 maximum.
