2587 3845
1108 152 1276 195 CAPUT
1307 153 1337 193 Ι.

151 249 361 303 sequentis
376 248 541 297 litterae,
565 246 719 286 scilicet
736 245 825 293 Ioct,
849 244 961 297 quod
980 244 1178 295 interpre-

150 323 263 361 tatur
280 318 550 371 principium.
574 316 765 358 Psalmus
780 321 813 356 ¹:
839 330 857 354 c<
875 315 1041 355 Bonum
1058 313 1174 364 mihi,

149 390 249 443 quia
267 388 501 429 humiliasti
528 400 597 428 me
629 402 638 427 ε
672 402 691 424 »
727 387 828 439 quia
851 385 1088 426 humiliatio
1109 384 1179 424 via

148 461 211 500 est
229 459 282 499 ad
301 458 488 500 veritatis
508 458 794 510 cognitionem
808 489 820 507 ,
843 458 884 496 et
914 454 1178 508 imploratio-

147 542 246 570 nem
275 529 507 581 majestatis
534 543 542 569 :
572 528 684 569 unde
715 527 904 580 sequitur
936 527 980 565 in
1009 526 1093 566 tine
1113 537 1177 565 se-

148 600 315 653 quentis
334 600 552 641 sententiae
576 615 584 640 :
619 599 737 649 Vide,
761 599 953 646 Domine,
976 599 1052 637 etc.
1074 596 1180 636 Dicit

148 682 254 723 ergo
273 684 350 723 pro
375 671 513 723 primo
534 686 542 711 z
565 670 734 720 Sordes,
767 669 808 709 id
827 670 913 719 est,
936 670 1152 720 peccatum
1166 699 1175 717 ,

148 741 371 782 causaliter
390 742 583 793 fuerunt,
606 742 655 782 in
687 739 865 791 pedibus
887 738 999 790 ejus,
1021 738 1064 778 id
1093 740 1175 787 est,

148 812 351 865 praelatis,
376 824 400 852 a
421 812 576 865 quihus
596 811 828 851 debuerant
848 808 1080 861 expurgari
1101 811 1175 860 ia),

149 883 249 936 quia
270 883 350 936 ipsi
367 884 539 924 fuerunt.
558 883 735 935 peccatis
755 881 974 930 sordidati,
996 884 1036 921 et
1056 893 1179 921 causa

149 955 305 1008 peccati
336 954 602 995 subditorum
635 968 642 994 :
672 953 842 993 fuerunt
876 953 990 993 enim
1010 952 1177 1005 plures,

150 1031 190 1066 et
207 1025 437 1067 idololatrae
458 1029 472 1050 ²
496 1040 504 1065 :
541 1040 559 1064 α
582 1025 867 1066 Peccaverunt
892 1025 955 1074 ei,
987 1036 1072 1064 non
1106 1023 1180 1063 filii

151 1098 243 1149 eJus
262 1097 307 1136 in
325 1097 532 1137 sordibus.
563 1111 582 1134 ›)
616 1096 667 1136 Et
693 1097 865 1136 fuerunt
896 1106 1023 1135 causa
1042 1106 1180 1135 excae-

151 1167 324 1208 cationis
343 1179 509 1217 eorum;
531 1167 643 1207 unde
663 1167 854 1219 sequitur
887 1180 896 1205 ε
930 1166 1013 1207 Nec
1041 1169 1098 1208 esc
1115 1177 1181 1207 re-

151 1238 324 1281 cordata
357 1239 486 1290 finis,
520 1238 772 1290 captivitatis
802 1249 931 1289 quam
965 1237 1181 1289 prophetas

150 1310 448 1362 praedixerant.
470 1308 545 1349 Vel
569 1308 620 1348 ad
646 1308 851 1357 litteram,
875 1307 1016 1348 sordes
1044 1309 1091 1348 in
1110 1318 1180 1359 pe-

151 1380 291 1428 dibus,
314 1379 414 1431 quia
434 1379 660 1419 multitudo
681 1379 871 1430 peditum
890 1378 1123 1417 ducebatur
1140 1378 1184 1417 in

151 1450 450 1502 captivitatem,
466 1451 590 1502 Juxta
609 1449 720 1501 quod
741 1449 893 1489 dicitur
923 1448 974 1489 de
996 1448 1107 1500 Tyro
1135 1452 1147 1473 ³
1173 1463 1180 1488 :

157 1536 175 1560 c(
195 1521 356 1562 Ducent
376 1533 470 1561 eam
501 1520 626 1573 pedes
658 1520 723 1560 sui
750 1519 880 1571 longe
909 1519 960 1559 ad
990 1519 1181 1571 peregri-

151 1592 357 1632 nandum.
383 1605 402 1629 ))
429 1591 496 1632 Sic
514 1591 558 1631 in
578 1591 749 1642 signum
770 1590 926 1631 doloris
946 1593 985 1629 et
1002 1590 1183 1631 miseriae

151 1662 303 1703 dicitur
322 1662 373 1703 de
392 1662 671 1714 Miphiboseth
691 1665 719 1711 4,
732 1662 844 1714 qnod
856 1661 970 1701 venit
989 1661 1037 1700 ad
1053 1661 1184 1701 David

151 1733 277 1773 illotis
291 1733 483 1785 pedihus,
499 1735 540 1773 et
555 1735 669 1772 veste
684 1732 864 1772 sordida.
877 1732 958 1772 Sed
972 1744 1048 1784 pro
1062 1733 1185 1773 vehe-

152 1805 311 1845 mentia
322 1815 544 1857 poenarum
556 1803 749 1844 subditur
766 1817 773 1842 :
793 1804 992 1855 Deposita
1004 1807 1063 1845 est
1075 1803 1186 1844 relte-

155 1879 323 1926 menter,
337 1879 432 1925 etc.;
450 1875 523 1916 ubi
541 1875 733 1926 tangitur
746 1874 1013 1916 vehementia
1027 1875 1186 1926 flagelli

154 1947 385 1987 etdefectus
398 1946 692 1995 omnissolatii,
710 1946 767 1985 ibi
784 1959 792 1986 :
811 1946 903 1987 Non
915 1945 1087 1996 liabens,
1104 1949 1181 1988 ete.

154 2018 365 2070 Deposita,
386 2018 428 2058 id
447 2020 530 2065 est,
549 2018 725 2070 deJecta,
748 2017 816 2058 vel
850 2017 1094 2061 humiliata,·
1117 2028 1183 2058 ve-

153 2089 380 2138 liementer,
418 2088 468 2128 de
501 2088 605 2128 solio
639 2088 764 2140 regni
802 2091 843 2128 et
878 2088 1096 2128 sacerdotii
1126 2089 1139 2109 ⁵
1172 2102 1180 2129 :

158 2176 177 2198 «
198 2159 313 2201 Sicut
342 2159 570 2200 conteritur
599 2159 754 2209 lagena
781 2159 904 2210 figuli
936 2159 1184 2200 contritione

151 2230 378 2283 pervalida.
419 2246 436 2266 υ
472 2229 566 2272 Non
603 2230 758 2271 liabens
788 2229 1086 2272 consolatorem
1122 2246 1137 2272 .·
1169 2231 1182 2252 ⁶

157 2318 176 2341 (ι
197 2301 385 2342 Recedite
405 2313 430 2341 a
448 2314 531 2352 me,
549 2314 691 2342 amare
711 2302 820 2342 flebo
844 2316 852 2342 ε
875 2302 1004 2342 nolite
1022 2303 1182 2343 incum—

151 2373 249 2413 bere
261 2404 273 2423 ‚
296 2375 344 2413 ut
365 2372 634 2412 consolemini
665 2384 792 2424 super
822 2374 1018 2413 vastitate
1038 2375 1184 2426 populi

154 2443 249 2482 mci.
272 2457 290 2479 »
316 2442 566 2493 Allegorice,
589 2442 714 2494 pedes
736 2442 899 2494 praelati
921 2443 1116 2484 Ecclesiae
1138 2457 1147 2484 ι
1170 2445 1183 2465 ⁷

160 2528 178 2550 «
197 2512 300 2552 Ecce
329 2524 455 2564 super
474 2515 638 2552 montes
667 2513 792 2564 pectes
825 2514 1180 2566 evangelizantis,

153 2586 193 2624 et
201 2583 488 2624 annuntiantis
497 2595 657 2635 pacem.
672 2598 690 2621 n
712 2583 758 2623 In
773 2583 1014 2637 aliquorum
1028 2585 1183 2627 horum

154 2654 314 2695 aedibus
333 2657 431 2694 sunt
450 2654 593 2694 sordes
609 2654 723 2706 gulae
738 2658 751 2679 ⁸
777 2669 785 2695 :
815 2669 833 2692 (ι
852 2654 1005 2696 Omnes
1024 2668 1182 2698 mensae

152 2724 322 2777 repletae
341 2727 440 2765 sunt
459 2724 622 2765 vomitu
647 2725 852 2765 sordium.
874 2740 893 2763 1)
920 2725 967 2765 111
984 2726 1180 2778 aliorum,

153 2795 295 2836 sordes
315 2794 498 2836 luxuriae
517 2798 530 2819 ⁹
557 2808 566 2834 ε
603 2794 842 2836 «Mundare
875 2798 912 2836 te
943 2797 1058 2837 volui
1069 2812 1078 2847 ;
1111 2798 1183 2838 sed

152 2879 237 2907 non
260 2879 304 2908 es
325 2866 527 2907 mundata
546 2878 570 2906 a
589 2866 797 2907 sordibus.
820 2882 839 2904 n
866 2867 912 2906 In
933 2868 1180 2920 multorum,

153 2938 376 2978 111-1111116610
391 2951 430 2978 z«
439 2937 701 2978 Calumniam
710 2937 873 2990 patiens
885 2937 1155 2991 estEphraim
1170 2955 1178 2979 :

154 3008 254 3060 quia
273 3007 398 3061 coepit
419 3008 534 3048 abire
553 3020 626 3060 per
647 3008 788 3048 sordes
803 3039 815 3058 ‚
845 3022 864 3046 1)
890 3008 1043 3049 scilicet
1073 3012 1182 3051 ster-

155 3090 250 3119 cora
285 3082 325 3119 et
361 3080 598 3131 egestiones
632 3082 810 3120 terrenae
849 3081 1128 3122 conscientiae.
1154 3083 1179 3107 ¹¹

160 3164 178 3188 a
199 3149 416 3190 Generatio
435 3162 530 3202 quae
551 3150 630 3191 sibi
650 3151 811 3190 munda
831 3151 1013 3202 videtur,
1036 3155 1076 3192 et
1096 3165 1182 3193 non

155 3221 217 3260 est
235 3220 319 3260 lota
339 3233 364 3261 a
383 3221 574 3262 sordibus
593 3222 696 3262 suis,
719 3236 738 3259 ›>
762 3222 857 3264 Non
880 3226 942 3265 esc
961 3223 1183 3266 recordata

198 3303 204 3319 ¹
226 3301 316 3333 Psal.
345 3310 472 3343 cxvni,
497 3307 548 3336 71.
574 3323 614 3328 —
635 3302 648 3322 ²
674 3305 785 3344 Dent„
809 3313 928 3345 xxxii,
949 3307 978 3337 5.
1001 3323 1040 3329 —
1066 3307 1077 3325 ³
1103 3307 1182 3346 lsa„

157 3356 263 3388 xxm,
289 3350 318 3380 7.
339 3366 379 3372 -—
401 3349 568 3392 411Re9„
597 3360 675 3392 xix,
695 3354 744 3384 21.
766 3369 807 3375 -
826 3354 837 3370 ⁵
857 3353 934 3391 Λα..
961 3361 1052 3392 xxx,
1076 3356 1123 3385 l«.
1142 3370 1182 3376 —

156 3397 168 3414 ὃ
187 3397 264 3435 Iso„
286 3404 375 3436 xxu,
396 3399 479 3428 4.-
499 3399 508 3417 ⁷
527 3399 672 3440 Nahum,
694 3408 717 3439 1,
736 3402 786 3431 15.
805 3417 841 3422 ——
868 3399 883 3421 ⁸
904 3401 985 3440 ssa„
1005 3408 1127 3440 xxviii,
1149 3402 1177 3432 8.

156 3460 195 3468 --
213 3444 226 3465 9
247 3443 377 3483 Ezech.,
407 3452 501 3484 xxiv,
526 3447 574 3478 13.
598 3463 638 3470 —
663 3447 684 3465 ¹⁶
710 3447 794 3485 Osa,
820 3455 852 3487 v,
875 3449 925 3479 11.
949 3465 989 3471 —
1018 3448 1040 3469 ¹¹
1066 3449 1180 3488 Prov„

2212 153 2287 191 153

1257 242 1360 293 sinis
1382 241 1452 283 sui
1473 255 1481 281 :
1504 241 1532 262 ¹²
1560 255 1579 279 α
1599 239 1646 280 111
1666 239 1862 279 omnibus
1879 237 2076 290 operibus
2095 239 2180 278 tuis
2198 251 2289 280 me-

1255 325 1421 354 morare
1442 311 1674 353 novissima
1693 313 1787 360 tua,
1819 312 1859 349 et
1889 309 1933 348 in
1964 311 2173 348 aeternum
2203 322 2289 351 non

1256 383 1459 437 peccabis.
1482 382 1583 423 »Vel
1603 383 1707 433 sinis
1722 413 1732 431 ,
1752 380 1793 421 id
1812 382 1886 429 est,
1906 379 2052 431 ι111111611
2073 379 2102 405 13
2126 393 2134 419 :
2162 394 2180 417 ς(
2203 379 2288 420 Me«

1255 468 1349 495 mor
1369 458 1455 495 esto
1471 454 1622 506 judieii
1642 453 1741 503 mei,
1761 451 1820 492 sic
1839 451 1952 491 enim
1973 454 2050 491 erit
2071 453 2110 490 et
2130 453 2253 491 tuum
2278 467 2288 492 ι

1254 526 1362 566 mihi
1383 526 1488 574 heri,
1513 527 1553 565 et
1572 524 1648 564 tibi
1668 523 1806 564 hodie.
1827 537 1845 560 ›>
1872 523 2076 574 Deposita
2096 526 2157 564 est
2176 522 2292 564 vehe-

1256 600 1431 645 menter,
1454 596 1503 636 de
1523 598 1689 648 peccato
1712 595 1755 634 in
1774 596 2013 647 peccatum3
2034 603 2119 635 non
2138 593 2291 634 habens

1255 667 1573 716 consolatorem,
1603 665 1704 718 quia
1725 678 1749 705 a
1768 677 1811 705 56
1832 664 2054 705 exclusum
2085 662 2289 716 Spiritum

1256 740 1449 778 sanctum
1469 737 1785 777 consolatorem.

1316 809 1445 859 Vide,
1474 809 1681 858 Domine,
1707 810 1783 849 ete.
1820 807 1920 848 Haec
1952 808 2014 846 est
2042 805 2165 846 tertia
2193 816 2293 858 pars

1258 880 1446 933 capituli,
1470 892 1566 933 quae
1587 880 1799 933 praedictae
1822 881 1964 919 tamen
1984 877 2203 917 sententiae
2220 889 2289 917 co-

1256 953 1456 1005 pulatur,
1484 952 1585 1005 quia
1613 964 1667 992 ex
1694 952 1785 1004 ipsa
1817 951 1997 990 infertur
2027 964 2035 988 z
2070 948 2144 989 ubi
2169 949 2220 989 ad
2250 961 2293 989 se

1257 1023 1543 1076 principaliter
1563 1023 1764 1063 inclinare
1785 1022 1935 1062 nititur
1966 1020 2175 1061 coelestem
2206 1019 2294 1059 mi·-

1258 1095 1524 1135 serationem.
1559 1093 1610 1134 Et
1644 1093 1771 1133 habet
1803 1092 1991 1145 quinque
2028 1090 2252 1144 particulas
2280 1105 2288 1130 :

1259 1166 1395 1218 primo
1440 1165 1554 1205 enim
1600 1164 1717 1217 ponit
1759 1164 1882 1203 istam
1925 1161 2290 1215 implorationem3

1258 1237 1407 1277 deinde
1444 1239 1648 1288 tanquam
1686 1235 1895 1275 motivum
1924 1233 1975 1273 ad
2007 1234 2114 1282 hoc,
2154 1232 2296 1272 subdit

1259 1307 1533 1347 inimicorum
1571 1306 1868 1346 exaltationem
1885 1337 1895 1355 ,
1933 1305 1992 1344 ibi
2033 1318 2040 1343 :
2088 1304 2295 1350 Quoniam

1260 1382 1419 1420 erectas
1430 1390 1446 1429 ;
1460 1378 1580 1418 terlio
1594 1377 1733 1417 subdit
1747 1375 1892 1427 templi
1907 1374 2296 1415 dehonestationem

1260 1453 1299 1489 et
1319 1448 1638 1501 spoliationem,
1668 1447 1725 1486 ibi
1759 1459 1768 1486 :
1805 1447 1980 1487 Manum
2000 1456 2124 1486 suam
2154 1446 2292 1495 witisi&

1260 1522 1410 1572 quarto
1430 1518 1577 1571 populi
1606 1517 1903 1567 afflictionem,
1931 1516 2018 1557 ibi:
2047 1516 2192 1557 omnis
2221 1526 2294 1569 po-

1258 1590 1385 1642 pulus
1405 1589 1494 1641 effus
1515 1600 1704 1642 9emens,
1729 1591 1770 1628 et
1789 1588 1941 1628 ultimo
1962 1587 2194 1628 incidenter
2214 1587 2297 1627 im-

1260 1661 1593 1713 ploratdivinam
1606 1659 1923 1701 miserationem
1939 1671 1952 1699 .·
1968 1658 2084 1709 Viae,
2099 1661 2293 1701 Domine.

1261 1736 1299 1773 et
1318 1732 1555 1773 considera.
1579 1731 1683 1772 Cum
1711 1731 1916 1771 hactenus
1948 1729 2156 1782 Propheta
2174 1730 2295 1782 plan-

1260 1803 1369 1844 xerit
1389 1803 1623 1852 civitatem,
1646 1802 1735 1850 hic,
1759 1803 1920 1841 mutata
1938 1813 2139 1853 persona,
2162 1801 2294 1842 intro-

1261 1874 1374 1914 ducit
1393 1874 1529 1926 ipsam
1549 1874 1776 1923 civitatem,
1794 1872 1972 1925 seipsam
1988 1871 2263 1924 plangentem
2282 1886 2291 1912 :

1260 1945 1331 1985 sed
1364 1945 1407 1984 in
1438 1944 1651 1996 sequentis
1681 1955 1831 1984 versus
1859 1943 1978 1983 initio
2014 1942 2296 1984 introducitur

1260 2027 1346 2055 vox
1383 2016 1631 2068 Prophetae,
1667 2017 1708 2056 et
1743 2015 2047 2066 consequenter
2079 2025 2214 2065 usque
2251 2013 2296 2053 in

1258 2086 1387 2126 finem
1409 2086 1580 2126 alterius
1599 2097 1763 2136 versus,
1783 2085 1841 2125 ibi
1862 2100 1871 2125 ι
1900 2084 2020 2135 Viae,
2044 2084 2237 2134 Domine,
2258 2087 2297 2126 et

1259 2157 1495 2206 considera,
1513 2157 1587 2198 ubi
1602 2157 1757 2197 iterum
1769 2156 1959 2209 eJusdem
1973 2167 2058 2198 vox
2074 2155 2291 2207 repetitur.

1258 2228 1363 2269 Dicit
1383 2230 1504 2280 'ergo
1547 2243 1555 2269 :
1601 2228 1734 2278 Vide,
1770 2228 1976 2277 Domine,
2016 2225 2296 2279 afflictionem

1258 2311 1420 2350 meam3
1445 2300 1541 2342 vide
1570 2300 1856 2352 compatiens,
1887 2301 1927 2339 et
1958 2299 2003 2338 in
2034 2298 2295 2340 adversarios

1257 2372 1491 2413 desaeviens
1502 2386 1511 2421 ;
1548 2372 1749 2424 quoniam
1784 2374 1943 2412 erectus
1971 2374 2032 2412 est
2061 2371 2291 2420 inimicus,

1258 2444 1402 2482 contra
1420 2444 1460 2481 te
1480 2442 1753 2493 superbiens,
1782 2453 1869 2480 non
1895 2440 1971 2480 tibi
1989 2471 1998 2489 ,
2028 2440 2100 2480 sed
2128 2440 2293 2481 viribus

1258 2511 1343 2550 suis
1363 2509 2082 2563 111111111111111111111111611511κώμῃ-1,
2099 2509 2289 2560 Domine,

1257 2581 1399 2621 oculos
1417 2584 1533 2632 tuos,
1557 2585 1597 2621 et
1616 2582 1734 2632 vide3
1756 2581 1855 2622 audi
1874 2581 2017 2621 omnia
2035 2580 2165 2622 verba
2185 2580 2290 2621 Sen-

1256 2652 1472 2703 nacherib,
1483 2663 1579 2704 quae
1587 2652 1703 2692 misit
1710 2652 1762 2692 ad
1771 2651 2150 2704 blasphemandum
2159 2652 2293 2692 Deum

1256 2725 1487 2765 viventem.
1507 2738 1526 2761 ›>
1552 2723 1602 2764 Et
1623 2723 1658 2763 si
1675 2724 1769 2764 haec
1779 2723 2016 2776 imploratio
2029 2723 2082 2764 ad
2098 2723 2292 2764 inimicos

1257 2795 1488 2846 referatur,
1523 2798 1584 2835 est
1616 2795 1733 2836 locus
1761 2794 2067 2846 indignationis
2099 2795 2288 2847 primus;

1256 2866 1329 2907 sed
1351 2866 1403 2906 ad
1433 2866 1567 2919 ipsam
1597 2865 1787 2907 Judaeam
1805 2898 1818 2916 ,
1850 2869 1912 2906 est
1937 2866 2054 2906 locus
2085 2878 2288 2919 conques-

1256 2938 1383 2979 tionis
1402 2950 1556 2979 nonus.
1579 2938 1818 2990 Allegorice
1836 2970 1845 2989 ,
1869 2937 2067 2977 inimicus
2089 2937 2288 2989 erigitur,

1260 3022 1357 3051 cum
1381 3011 1518 3051 malus
1538 3012 1585 3051 in
1617 3010 1802 3052 Ecclesia
1827 3009 2004 3061 indigne
2033 3009 2286 3061 praeficitur,

1256 3082 1362 3122 sicut
1393 3083 1470 3122 filii
1503 3083 1594 3124 Heli
1631 3082 1680 3132 ¹⁵,
1718 3080 1945 3121 Ecclesiam
1978 3080 2181 3121 foedantes
2214 3092 2290 3132 per

1254 3152 1495 3203 luxuriam3
1532 3153 1600 3194 vel
1641 3165 1740 3192 cum
1774 3151 1962 3192 haeretici
2000 3163 2075 3203 per
2106 3150 2288 3191 schisma

1256 3227 1400 3265 contra
1419 3224 1645 3265 Ecclesiam
1666 3223 1899 3272 elevantur,
1924 3221 2032 3261 sicut
2064 3220 2092 3242 ¹⁶
2113 3220 2214 3261 Core
2236 3220 2283 3272 (b)

1256 3309 1338 3342 xxx,
1366 3303 1461 3333 12.--
1486 3301 1509 3322 ¹²
1526 3300 1646 3340 Eccli.,
1668 3307 1732 3340 vii,
1752 3301 1856 3331 40.—
1878 3297 1905 3319 ¹⁸
1922 3297 2039 3337 Ecca„
2060 3304 2210 3336 xxxviu,
2230 3298 2283 3328 23.

1255 3366 1294 3373 --
1316 3349 1344 3370 1⁴
1359 3348 1438 3390 Isa„
1460 3355 1595 3388 xxxvn,
1620 3349 1669 3379 17.
1686 3364 1726 3370 —
1747 3347 1773 3369 ¹⁵
1795 3348 1803 3378 l
1824 3346 1915 3387 Re9.,
1933 3353 1981 3385 11,
2004 3346 2051 3376 12.
2069 3343 2152 3367 -16
2169 3342 2282 3383 Num„

1256 3402 1311 3426 xv1
1352 3397 1383 3427 5.

1296 3419 1340 3489 (a')
1360 3450 1440 3480 Item
1458 3448 1619 3482 debuerat
1638 3446 1822 3487 supputari.
1835 3462 1875 3469 —
1890 3443 1934 3486 (b)
1957 3444 2038 3476 Coet.
2058 3442 2139 3474 edit.
2159 3441 2280 3474 Chore„
