2634 3853
136 1683 218 1707 Situs

122 1721 229 1749 Christi

107 1771 173 1790 cum
186 1771 245 1789 coe-

107 1805 149 1839 pit
173 1812 246 1839 prae-

108 1844 216 1872 dicare.

1022 152 1295 196 EXPOSITIO
1326 151 1380 193 ΙΝ
1410 150 1523 192 CAP.
1555 150 1626 191 III.

265 251 411 304 placet.
431 247 610 299 Marcus,
632 248 826 301 respectu
847 245 988 296 Verbi,
1006 244 1052 284 in
1077 245 1288 296 quantum

266 321 387 362 Pater
412 318 548 360 Verbo
587 331 631 360 se
669 319 768 360 dicit
803 318 948 369 nobis,
988 319 1029 358 et
1061 314 1290 367 complacet

265 389 369 440 aliis,
392 391 433 429 et
451 389 543 430 ideo
564 389 661 430 dicit
686 404 695 430 ι
718 391 772 430 [η
794 393 830 432 te
854 388 1099 442 complacui.

318 461 383 501 23.
405 460 460 501 Et
476 461 565 511 ipse
582 461 703 502 Jesus
723 464 827 511 erat,
850 462 926 501 etc.
951 459 1050 500 Post
1069 469 1290 510 regenera-

264 530 421 571 tionem
441 532 803 582 sacramentalem,
823 531 869 571 in
889 542 974 583 qua
996 530 1124 571 etiam
1149 528 1289 570 decla-

265 600 375 642 ravit
406 601 724 652 generationem
759 600 1029 650 aeternaIem,
1065 598 1290 651 subjUngit

264 670 333 711 hic
361 671 658 723 genealogiam
685 671 961 724 temporalem
978 702 989 721 ,
1018 670 1127 710 circa
1160 679 1290 721 quam

263 741 345 782 tria
374 741 701 783 introducuntur
730 741 1035 783 consideranda
1061 753 1072 780 2
1102 740 1290 793 primum

265 815 327 854 est
342 814 510 865 tempus
523 813 798 865 procedentis,
821 812 872 852 ad
893 811 1204 852 excludendum
1223 811 1291 850 in-

264 882 478 924 tellectum
491 883 800 936 phantasticum
817 898 825 933 ;
843 883 1092 932 secundum,
1113 884 1174 923 est
1194 893 1290 922 mo-

264 955 344 996 dus
377 954 654 1007 procedendi,
688 955 740 995 ad
765 954 1077 995 excludendum
1108 953 1291 994 intellec-

263 1026 356 1066 tum
369 1024 605 1075 carnalem3
626 1025 798 1065 tertium
821 1030 882 1064 est
899 1024 1177 1077 processionis
1198 1037 1293 1077 gra-

265 1096 365 1147 dus,
398 1095 486 1137 sive
514 1107 755 1149 processu5,
794 1096 845 1136 ad
877 1095 1188 1136 fortificandum
1226 1096 1292 1136 in-

265 1165 476 1207 tellectum
512 1166 695 1207 fidelem.
746 1164 889 1206 Primo
936 1166 1072 1218 igitur
1107 1166 1293 1207 insinuat

265 1239 433 1289 tempus
472 1237 621 1295 aetatis,
663 1240 711 1278 ut
758 1237 818 1277 illi
863 1237 1183 1286 convincantur,
1218 1237 1293 1290 qui

266 1307 443 1348 credunt
487 1307 697 1348 Christum
737 1319 889 1348 verum
941 1307 1160 1347 hominem
1206 1318 1294 1347 non

264 1377 412 1427 fuisse3
441 1379 613 1429 propter
643 1377 756 1429 quod
795 1377 894 1417 dicit
925 1391 933 1418 z
966 1377 1020 1418 Ec
1048 1379 1138 1428 ipse
1169 1378 1290 1418 Jesus

265 1451 356 1490 erat
387 1447 599 1500 incipiens
639 1449 765 1500 quasi
806 1458 1018 1490 annorum
1057 1449 1237 1500 triqz'nta
1277 1462 1292 1487 .-

265 1518 469 1571 incipiens
488 1518 643 1559 scilicet
662 1518 753 1559 aliis
774 1532 817 1559 se
837 1519 1103 1559 manifestare
1122 1521 1163 1559 et
1183 1530 1294 1571 prae-

266 1590 421 1631 dicare.
453 1589 557 1630 Dicit
585 1592 728 1631 autem
762 1603 771 1630 :
805 1592 932 1643 quasi
963 1600 1173 1632 annorum
1210 1591 1294 1632 tri-

266 1662 402 1714 qima,
423 1660 523 1714 quia
542 1661 774 1702 secundum
795 1662 1003 1714 quosdam
1024 1664 1112 1701 erat
1132 1661 1292 1712 viginti

265 1744 423 1774 novem
447 1744 672 1782 annorum,
712 1734 752 1772 et
779 1732 980 1773 tredecim
1010 1733 1196 1782 dierum3
1228 1744 1293 1772 se-

265 1803 453 1844 cundum
490 1803 606 1854 alios,
642 1803 823 1844 habebat
860 1803 1039 1855 triginta
1067 1815 1217 1852 ann05,
1255 1805 1296 1843 et

265 1874 464 1916 tredecim
483 1873 585 1915 dies.
617 1873 664 1913 ln
685 1885 768 1926 quo
789 1873 914 1914 etiam
944 1874 1126 1926 praebuit
1147 1885 1296 1913 exem-

266 1946 402 1999 plum,
429 1947 477 1986 ut
498 1944 644 1986 nullus
671 1944 818 1985 debeat
838 1945 987 1985 docere
1009 1948 1106 1985 ante
1126 1947 1295 1985 aetatem

267 2017 474 2067 adultam,
515 2018 903 2069 quantamcumque
936 2015 1089 2056 habeat
1126 2018 1293 2069 sapien-

266 2086 384 2126 tiam.
407 2085 549 2126 Unde¹
575 2100 582 2126 :
612 2084 783 2126 «Homo
802 2085 967 2138 sapiens
988 2085 1140 2125 tacebit
1161 2097 1296 2138 usque

267 2157 320 2198 ad
346 2159 528 2210 tempus.
560 2170 580 2193 »
621 2155 672 2196 Et
701 2156 794 2197 ideo
821 2155 998 2196 dicitur²
1027 2170 1034 2195 :
1073 2171 1091 2194 ((
1120 2156 1295 2196 Adoles-

268 2241 379 2279 cens,
400 2228 574 2281 loquere
593 2227 639 2267 in
658 2229 733 2268 tua
752 2239 878 2268 causa
897 2227 983 2278 viX,
1007 2239 1106 2268 cum
1126 2239 1296 2268 necesse

265 2300 404 2341 fuerit.
427 2314 446 2337 ›)
472 2298 614 2340 Unde3
638 2313 648 2339 ι
689 2313 708 2337 ((
733 2297 825 2338 Filii
860 2297 1019 2338 Gerson
1052 2310 1139 2339 non
1167 2299 1249 2338 nisi
1274 2311 1298 2338 a

2311 151 2388 190 299

1364 241 1521 282 divinae
1550 240 1782 293 operationi
1806 242 1848 280 et
1880 238 2030 291 gratiae
2061 240 2123 278 est
2157 237 2227 277 lex
2259 237 2388 289 impo-

1363 311 1527 361 nenda3
1565 310 1680 363 quia,
1718 310 1826 351 sicut
1860 309 2011 350 dicitur
2031 311 2076 348 ⁸:
2114 322 2134 345 <‹
2159 306 2260 347 Cani
2290 309 2390 347 sunt

1363 394 1511 423 sensus
1530 381 1730 430 hominis,
1753 383 1794 422 et
1813 383 1915 421 aetas
1934 377 2174 428 senectutis,
2200 377 2285 418 vita
2306 377 2389 416 im-

1363 453 1586 493 maculata.
1605 466 1625 490 »
1648 451 1700 492 Et
1718 451 1896 492 iterum⁹
1917 465 1926 490 :
1962 465 1981 488 ((
2001 449 2327 490 Consummatus
2345 447 2390 487 in

1363 524 1483 565 brevi
1503 523 1689 576 explevit
1707 524 1898 575 tempora
1918 520 2066 561 multa.
2096 534 2114 556 n

1417 594 1570 635 Deinde
1609 593 1751 633 scribit
1794 592 1968 633 modum
2005 600 2251 643 processus,
2293 599 2391 628 cum

1363 664 1461 705 dicit
1498 678 1507 704 :
1544 663 1594 706 Ut
1619 663 1852 715 putabatur
1883 663 2001 714 filius
2038 659 2204 712 Joseph.
2235 658 2282 698 In
2307 670 2392 710 quo

1363 735 1566 785 ostendit,
1615 734 1727 787 quod
1783 734 2016 774 secundum
2072 729 2392 784 generationem

1363 805 1639 859 temporalem
1677 817 1763 845 non
1796 804 1978 845 habebat
2012 805 2175 856 patrem
2210 812 2390 850 verum,

1365 877 1436 917 sed
1462 877 1723 929 putativum,
1745 876 1845 929 quia
1875 875 1926 916 de
1951 874 2123 926 virgine
2151 875 2292 913 natus.
2322 872 2393 913 Jo-

1364 948 1468 1000 seph
1481 959 1666 1000 namque
1681 946 1888 1000 putabant
1902 945 2097 986 homines
2107 946 2142 996 ej
2150 955 2200 984 us
2212 945 2390 996 patrem,

1365 1019 1598 1060 secundum
1622 1018 1737 1071 quod
1767 1016 1962 1065 dicitur10
1988 1030 1997 1057 :
2027 1015 2209 1056 «Nonne
2242 1014 2312 1054 hic
2332 1015 2394 1054 est

1363 1089 1475 1130 filius
1501 1089 1682 1143 Joseph‘?
1710 1104 1728 1127 n
1763 1088 1845 1129 Sed
1878 1100 1932 1128 ex
1959 1087 2040 1127 hoc
2070 1086 2251 1136 videtur,
2280 1085 2394 1138 quod

1365 1161 1618 1213 genealogia
1638 1172 1816 1213 sequens
1835 1158 1942 1199 nihil
1962 1157 2084 1198 faciat
2108 1157 2160 1198 ad
2181 1156 2394 1198 Christum

1365 1232 1597 1273 secundum
1638 1232 1875 1273 veritatem.
1915 1230 1977 1270 Ad
2022 1228 2135 1282 quod
2171 1227 2394 1280 respondet

1365 1303 1475 1344 Beda
1490 1315 1564 1356 per
1586 1303 1911 1355 Hieronymum,
1922 1300 2035 1354 quod
2052 1312 2139 1340 non
2150 1301 2212 1340 est
2223 1310 2396 1339 consue-

1364 1373 1523 1413 tudinis
1542 1373 1874 1425 Scripturarum,
1890 1374 1939 1411 ut
1959 1370 2191 1411 mulierum
2204 1369 2249 1408 in
2270 1380 2396 1420 gene-

1364 1444 1599 1484 rationibus
1619 1444 1721 1485 ordo
1745 1444 1929 1483 taxetur.
1948 1440 2106 1481 Deinde
2119 1442 2159 1480 et
2177 1439 2198 1480 J
2202 1439 2333 1492 oseph
2352 1441 2392 1480 et

1365 1513 1543 1555 Mariam
1562 1527 1616 1555 ex
1635 1514 1780 1555 eadem
1794 1513 1910 1554 tribu
1927 1512 2025 1553 dicit
2042 1523 2133 1552 esse
2156 1513 2395 1563 generatos.

1366 1585 1484 1626 Unde
1498 1588 1538 1626 et
1550 1586 1647 1637 lege
1662 1586 1887 1626 tenebatur
1906 1596 2000 1625 eam
2022 1583 2222 1635 accipere,
2240 1584 2289 1622 ut
2305 1594 2398 1634 pro-

1366 1657 1588 1710 pinquam.
1629 1657 1757 1709 Cujus
1788 1656 1916 1697 etiam
1953 1655 2128 1706 signum
2167 1656 2245 1704 est,
2283 1654 2396 1706 quod

1366 1728 1494 1768 simul
1520 1728 1563 1768 in
1592 1727 1836 1769 Bethlehem
1862 1727 2098 1775 censentur,
2128 1724 2236 1764 sicut
2264 1724 2396 1764 habe*

1367 1801 1439 1839 tur
1475 1810 1603 1852 supra
1624 1800 1666 1839 ¹¹.
1707 1798 1758 1839 Et
1799 1798 1892 1839 ideo
1943 1796 2231 1848 generationis
2268 1795 2395 1836 series

1367 1871 1512 1921 unius,
1531 1872 1582 1912 ad
1603 1871 1784 1912 alterum
1802 1870 1982 1923 pertinet
2004 1883 2013 1909 :
2037 1880 2091 1910 ex
2108 1880 2193 1921 quo
2207 1870 2392 1920 apparet,

1369 1954 1499 1994 quam
1537 1954 1690 1995 parum
1734 1942 1779 1981 in
1827 1940 2044 1993 Scriptura
2087 1939 2138 1980 de
2175 1938 2306 1979 Maria
2342 1939 2396 1979 sit

1369 2025 1508 2053 sermo
1539 2025 1549 2053 ε
1582 2014 1617 2053 si
1647 2013 1762 2053 enim
1790 2012 1841 2053 de
1869 2012 1962 2064 ipsa
1989 2021 2077 2051 non
2105 2009 2160 2049 sit
2189 2020 2327 2049 sermo
2352 2009 2397 2050 in

1371 2082 1519 2124 Christi
1549 2083 1801 2136 genealogia
1826 2084 1997 2136 propter
2025 2079 2282 2121 servandum
2302 2091 2394 2120 mo-

1369 2167 1460 2196 rem
1509 2154 1852 2208 Scripturarum,
1894 2165 1991 2194 cum
2024 2155 2167 2193 tamen
2205 2150 2398 2191 videatur

1369 2227 1492 2280 quasi
1512 2228 1819 2278 necessarium3
1849 2225 1984 2267 multo
2004 2224 2148 2265 minus
2164 2223 2256 2263 fieri
2276 2222 2398 2263 debet

1369 2299 1480 2339 circa
1504 2298 1696 2351 proprios
1721 2299 1855 2338 actus.
1889 2295 1982 2337 Non
2008 2295 2056 2335 fit
2082 2296 2226 2334 autem
2258 2304 2396 2333 sermo
2434 2301 2536 2328 Curia

1369 2369 1419 2409 de
1454 2369 1706 2409 mulieribus
1746 2368 1791 2408 111
1829 2367 1976 2408 ordine
2016 2364 2394 2418 genealogiarum,
2415 2343 2554 2418 ῗῑῗξζὲῗ

2427 2424 2483 2451 cris
2496 2433 2555 2452 non

1369 2442 1463 2480 tum
1500 2442 1670 2492 propter
1716 2439 1923 2480 defectum
1956 2449 2009 2478 ex
2045 2438 2164 2489 parte
2202 2437 2393 2487 naturae,
2421 2466 2552 2492 fiatmu-

1370 2511 1470 2564 quia
1484 2511 1512 2532 ¹²
1532 2510 1688 2551 femina
1709 2512 1772 2551 est
1790 2509 1857 2549 vir
1876 2509 1945 2550 vel
1965 2520 2056 2548 mas
2082 2507 2369 2548 occasionatus
2381 2521 2391 2556 ;
2432 2508 2537 2535 Uerum

2431 2565 2529 2585 recen-

266 2371 440 2423 triginta
465 2370 585 2411 annis
619 2381 756 2422 usque
787 2369 839 2410 ad
871 2369 1190 2421 quinquaginta
1212 2382 1294 2410 nu-

267 2443 541 2485 merabantur
569 2442 620 2482 ad
658 2441 913 2494 portandum
942 2453 1071 2481 onera
1094 2442 1295 2483 taberna—

268 2513 367 2555 culi.
389 2527 408 2550 »
433 2512 546 2553 Licet
565 2515 707 2553 autem
728 2512 785 2552 ita
807 2512 860 2552 sit
875 2511 925 2552 de
944 2511 1041 2563 lege
1062 2513 1293 2564 communi,

267 2587 408 2626 tamen
429 2582 652 2636 aliquando
673 2582 792 2623 aliter
809 2582 907 2622 facit
922 2582 1126 2623 Dominus
1143 2583 1194 2623 de
1211 2584 1295 2635 pri-

266 2655 427 2707 vilegio
447 2654 628 2708 speciali,
646 2654 753 2694 sicut
773 2653 932 2706 legitur
951 2654 1001 2694 de
1023 2653 1237 2695 Hieremia
1251 2654 1264 2675 ¹·
1280 2667 1294 2695 .·

273 2725 404 2767 «Noli
439 2725 575 2766 dicere
603 2739 612 2764 2
646 2723 758 2765 Puer
781 2736 878 2765 sum
901 2736 911 2764 :
933 2738 952 2761 ))
986 2726 1027 2765 et
1054 2724 1213 2775 Daniel,
1246 2725 1297 2766 de

267 2809 352 2850 quo
371 2796 537 2846 dicitur,
560 2796 701 2849 quod⁵
738 2811 757 2835 ((
783 2796 999 2837 suscitavit
1029 2795 1139 2836 Deus
1170 2796 1293 2849 spiri-

266 2873 358 2908 tum
392 2866 515 2920 pueri
542 2866 739 2920 Junioris.
768 2880 787 2904 ι)
828 2866 925 2907 Ideo
954 2866 1120 2916 dicitur,
1149 2868 1263 2920 quod
1281 2872 1293 2893 ⁶

274 2951 292 2975 (ι
315 2935 518 2989 sapientia
536 2935 704 2988 aperuit
732 2947 778 2975 os
799 2937 1033 2986 mutorum,
1061 2938 1100 2976 et
1125 2935 1297 2988 linguas

267 3006 492 3047 infantium
509 3006 606 3047 fecit
631 3006 821 3047 disertas.
843 3020 861 3043 ›)
887 3005 938 3046 Et
954 3006 996 3046 in
1018 3005 1261 3047 Psalmista⁷
1284 3022 1292 3048 ε

271 3091 296 3116 1(
312 3076 377 3118 Ex
407 3089 479 3118 ore
503 3077 731 3118 infantium
752 3080 793 3118 et
821 3077 1067 3118 lactentium
1087 3077 1296 3130 perfecisti

270 3146 451 3188 laudem.
497 3162 516 3186 1>
556 3148 753 3189 Attamen
792 3148 1017 3202 privilegia
1059 3160 1296 3201 paucorum

271 3229 358 3258 non
384 3220 482 3259 sunt
507 3218 712 3260 trahenda
744 3219 796 3260 ad
826 3219 1184 3273 consequentiam,
1219 3232 1296 3261 nec

313 3351 323 3371 ¹
343 3348 462 3388 Ecclz’..
480 3356 539 3389 xx,
557 3350 588 3383 7.
605 3366 645 3374 —
666 3352 680 3373 ²
693 3349 814 3390 Eccli„
829 3358 941 3392 xxxn,
961 3352 1011 3384 10.
1025 3367 1066 3376 --
1086 3351 1100 3373 ³
1114 3354 1226 3391 Num„
1248 3361 1293 3394 1v,

271 3399 322 3429 23.
342 3412 384 3421 -
403 3396 417 3417 δ
432 3395 568 3436 Ιενενη.,
589 3405 621 3438 1,
650 3398 682 3428 7.
704 3414 745 3422 —
772 3398 785 3421 ⁵
803 3398 904 3439 Dan„
931 3405 1012 3439 xiil,
1037 3400 1088 3432 45.
1108 3417 1149 3423 —
1167 3400 1180 3420 6
1199 3400 1295 3440 Sap.‚

271 3452 310 3485 x,
331 3445 382 3476 21.
408 3460 449 3469 —-
472 3444 482 3463 ⁷
502 3442 593 3476 Psal.
621 3451 706 3484 vin,
723 3447 753 3477 3.
779 3462 819 3471 -
840 3446 851 3464 ⁸
870 3446 964 3488 Sap„
984 3453 1032 3485 1v,
1053 3448 1083 3478 9.
1105 3463 1143 3471 —
1163 3447 1177 3469 ⁹
1197 3447 1297 3488 ibid„

1369 2585 1461 2623 tum
1485 2583 1657 2635 propter
1686 2580 1893 2622 defectum
1921 2591 1975 2620 ex
2004 2581 2122 2632 parte
2146 2578 2394 2630 significan-
2456 2599 2510 2626 550,

1369 2653 1455 2702 tiae,
1489 2653 1590 2706 quia
1614 2664 1699 2693 non
1729 2652 1956 2700 Christum,
1985 2651 2057 2691 sed
2086 2649 2312 2690 Ecclesiam
2340 2647 2395 2688 si-

1369 2724 1557 2777 gnificat,
1588 2736 1675 2764 non
1707 2722 1968 2776 superiorem
2004 2720 2242 2774 portionem
2267 2719 2395 2759 ratio-

1369 2796 1450 2846 nis,
1478 2795 1550 2836 sed
1580 2794 1847 2844 inferiorem3
1874 2796 1966 2834 tum
1987 2793 2159 2845 propter
2190 2790 2398 2832 defectum

1370 2880 1423 2909 ex
1443 2869 1561 2920 parte
1583 2867 1724 2917 officii,
1747 2866 1846 2919 quia
1865 2877 1942 2906 nec
1964 2865 2127 2914 docere,
2148 2875 2225 2904 nec
2256 2862 2398 2916 praesi-

1370 2939 1468 2979 dere
1487 2938 1546 2979 eis
1567 2937 1765 2990 competit
1777 2952 1786 2986 3
1813 2939 1907 2977 tum
1926 2937 2096 2988 propter
2116 2934 2323 2976 defectum
2345 2946 2398 2974 ex

1369 3012 1488 3063 parte
1513 3009 1702 3060 remedii,
1739 3009 1840 3061 quia
1866 3008 1905 3048 ei
1929 3006 2128 3059 competit
2147 3018 2234 3046 non
2258 3016 2395 3045 reme-

1370 3081 1501 3131 diare,
1524 3081 1596 3121 sed
1615 3079 1862 3129 remediari3
1885 3080 1978 3119 tum
1998 3079 2169 3131 propter
2188 3076 2397 3117 defectum

1370 3152 1581 3205 principii,
1605 3151 1705 3204 quia
1728 3161 1815 3190 non
1852 3148 1918 3190 vir
1943 3161 1997 3189 ex
2025 3148 2199 3189 muliere
2220 3149 2294 3196 est,
2324 3145 2396 3186 sed

1370 3223 1525 3265 mulier
1561 3235 1615 3264 ex
1652 3223 1745 3264 viro
1761 3235 1772 3272 ;
1815 3225 1907 3262 tum
1937 3222 2107 3273 propter
2146 3216 2395 3258 memoriam

1371 3356 1420 3386 13.
1441 3370 1482 3377 —
1504 3355 1531 3376 ¹⁰
1549 3353 1640 3393 Luc.,
1665 3360 1710 3393 ιν,
1737 3354 1788 3384 22.
1814 3368 1854 3377 -
1876 3351 1901 3374 11
1924 3351 2012 3390 Luc„
2034 3357 2077 3390 11,
2100 3351 2129 3382 4.
2150 3364 2191 3373 -
2208 3347 2236 3370 1²
2260 3348 2395 3386 Averr„

1368 3401 1484 3442 Phys,
1522 3401 1580 3434 lib.
1621 3402 1657 3441 13
1685 3399 1796 3440 Arist„
1837 3399 1877 3431 de
1912 3399 2028 3431 Gener.
2060 3395 2215 3436 animal„
2246 3394 2304 3427 lib.
2341 3393 2396 3434 11,

1369 3457 1398 3481 c.
1425 3456 1481 3481 111.
