2634 3853
104 1279 204 1313 Sepul-

76 1320 189 1354 chrum,

64 1361 91 1388 id
104 1363 148 1388 est
161 1369 205 1388 se-

81 1402 120 1429 mi
124 1403 186 1437 pul-

77 1444 191 1471 chrum.

980 179 1251 225 EXPOSITIO
1282 179 1335 220 IN
1365 177 1477 221 CAP.
1509 178 1576 220 XI.

216 282 418 329 temnere,
431 289 531 328 non,
548 279 595 317 ut
612 275 829 326 Pharisaei,
845 276 1054 328 appetere.
1073 270 1239 312 Etenim

217 351 290 405 qui
309 350 401 392 haec
421 350 548 400 amat,
571 349 619 389 ut
638 347 735 388 dicit
752 346 1055 398 Hieronymus,
1073 353 1160 382 non
1178 343 1241 381 est

218 420 368 462 Christi
386 419 636 473 discipulus,
660 419 730 460 sed
750 417 894 459 Scriba
919 418 959 456 et
984 413 1236 455 Pharisaeus.

219 490 407 532 Christus
432 492 566 543 enim,
589 503 687 531 cum
716 488 931 542 petebatur
953 486 1003 526 ad
1030 494 1238 536 regnum,

216 562 329 614 fugit
346 562 391 602 in
413 564 597 602 montem
620 575 629 602 :
652 572 833 612 cumque
854 557 1112 607 laudaretur,
1133 566 1243 595 sece-

217 631 341 672 debat
360 632 404 673 in
425 632 638 673 desertum
657 631 709 672 ad
729 629 951 671 orandum.

269 701 409 743 Tertio
423 702 534 743 hanc
548 700 919 743 comminationem
937 697 1108 750 replicat
1121 707 1244 748 prop-

218 775 283 814 ter
301 773 648 824 fraudulentiam,
672 784 769 814 cum
793 770 934 812 subdit
955 772 1020 820 (v.
1042 768 1142 820 lam:
1174 766 1245 808 Voe

218 843 350 894 vobis,
366 845 469 896 quia
482 844 581 886 estis
593 846 639 886 ut
656 845 939 891 monumenta,
959 850 1052 892 quce
1071 848 1156 880 non
1173 847 1246 888 ap-

215 919 384 966 parent,
403 915 559 955 scilicet
571 915 711 967 qualia
726 916 823 954 sunt
839 914 970 963 intus,
991 911 1091 964 quia
1104 909 1244 950 foetida

219 988 258 1024 et
267 985 488 1026 immunda
497 988 596 1025 sunt
604 986 730 1036 intus,
742 985 813 1025 sed
822 988 940 1024 extra
948 984 1045 1023 sunt
1052 980 1243 1034 pulchra.

223 1053 337 1096 Unde
363 1056 505 1097 addit:
534 1058 591 1098 Ετ
618 1056 805 1098 homines
832 1056 1092 1097 ambulantes
1118 1062 1249 1104 supra

226 1126 435 1168 nesciunt.
453 1126 572 1168 Tales
591 1129 691 1167 sunt
709 1126 956 1179 hypocritae,
976 1125 1050 1178 qui
1072 1136 1167 1164 cum
1188 1123 1250 1161 in-

222 1197 288 1236 tra
307 1197 394 1237 sint
414 1197 536 1248 mali,
566 1200 687 1237 extra
712 1199 853 1237 tamen
875 1197 1073 1237 videntur
1090 1193 1190 1234 honi
1209 1195 1250 1233 et

222 1266 406 1318 perfecti.
430 1266 548 1308 Unde
567 1267 717 1307 merito
735 1266 933 1307 dicuntur
950 1265 1187 1318 sepulchra,
1208 1263 1250 1303 id

223 1337 308 1385 est,
341 1328 663 1389 semipulchra,
682 1338 916 1377 secundum
941 1336 1045 1376 illud
1067 1337 1102 1374 l:
1133 1350 1152 1373 α
1176 1334 1248 1374 Se-

223 1405 451 1458 pulchrum
469 1410 616 1460 patens
637 1411 700 1449 est
723 1410 874 1459 guttur
897 1419 1070 1456 eorum,
1092 1404 1252 1457 linguis

224 1475 328 1526 suis,
353 1479 462 1518 nete.
485 1476 536 1518 Et
553 1477 646 1519 ideo
666 1490 754 1518 non
774 1480 874 1519 sunt
892 1478 967 1517 filii
987 1476 1142 1529 sponsi,
1166 1476 1251 1514 imo

225 1546 399 1588 omnino
425 1548 620 1601 oppositi.
647 1547 755 1589 Nam
774 1554 812 1589 2:
842 1565 860 1588 «
882 1548 1015 1601 Nigra
1037 1559 1131 1588 sum
1148 1578 1159 1595 ,
1182 1544 1254 1585 sed

226 1618 424 1659 formosa.
445 1633 465 1657 n
489 1618 561 1659 Isti
588 1621 732 1659 autem
753 1619 836 1659 albi
864 1621 983 1670 sunt,
1007 1618 1078 1659 sed
1097 1617 1251 1665 foetidi3

227 1688 321 1730 ideo
339 1689 491 1730 merito
513 1689 712 1730 dicuntur
732 1692 1022 1731 monumenta.
1045 1704 1063 1726 «
1083 1687 1201 1729 Unde
1216 1687 1252 1727 3:

234 1773 254 1797 (t
271 1757 345 1801 Vae
366 1760 504 1810 vobis,
533 1760 688 1801 Scribae
712 1763 752 1802 et
777 1760 981 1802 Pharisaei
1000 1759 1253 1813 hypocritae,

229 1823 328 1882 q‘uia
349 1830 509 1872 similes
537 1831 636 1871 estis
656 1831 888 1883 sepulchris
916 1830 1133 1881 dealbatis,
1161 1841 1256 1881 quae

229 1913 254 1940 a
271 1900 372 1942 foris
395 1902 542 1954 parent
565 1902 616 1953 (a)
643 1901 890 1942 hominibus
912 1901 1097 1953 speciosa
1111 1932 1122 1951 ,
1145 1900 1259 1941 intus

233 1983 334 2013 vero
346 1970 470 2024 plena
483 1973 582 2012 sunt
599 1972 763 2012 ossibus
783 1974 1068 2021 mortuorum,
1082 1973 1124 2011 et
1143 1970 1260 2012 omni

233 2042 451 2094 spurcitia.
467 2056 487 2080 n
506 2041 623 2084 Unde
639 2043 985 2095 Chrysostomus:
1006 2057 1025 2081 ε(
1042 2042 1062 2083 J
1068 2045 1259 2082 ustorum

231 2124 408 2166 corpora
425 2113 582 2166 templa
601 2113 820 2163 dicuntur;
847 2124 1023 2165 corpora
1041 2124 1143 2153 vero
1162 2124 1258 2164 pec-

232 2184 424 2224 catorum
457 2183 704 2236 sepulchra,
741 2183 841 2236 quia
873 2183 988 2223 intus
1023 2184 1084 2223 est
1118 2182 1262 2223 anima

233 2255 427 2295 mortua:
463 2265 541 2295 nec
566 2254 680 2296 enim
708 2254 808 2295 viva
832 2254 1020 2306 putanda
1046 2256 1130 2304 est,
1163 2265 1261 2306 quae

233 2323 342 2364 nihil
363 2324 538 2375 vivum,
560 2323 604 2364 id
629 2327 710 2375 est,
742 2323 957 2376 spirituale
984 2324 1073 2375 egit
1102 2323 1144 2363 in
1170 2335 1261 2364 cor-

235 2405 350 2446 pore.
374 2407 394 2431 n
418 2393 470 2434 Et
487 2396 581 2447 post
602 2408 611 2434 ε
637 2408 656 2432 α
676 2393 760 2443 Dic,
783 2393 1026 2446 hypocrita3
1047 2393 1082 2433 si
1102 2394 1263 2434 bonum

235 2465 298 2505 est
323 2463 483 2505 bonum
509 2475 623 2515 esse,
645 2476 721 2505 cur
747 2476 833 2505 non
858 2464 924 2505 vis
944 2475 1033 2504 esse
1059 2463 1174 2517 quod
1197 2463 1263 2505 vis

237 2534 472 2588 apparere?
499 2533 618 2584 Quod
642 2536 785 2575 autem
806 2536 928 2587 turpe
954 2535 1016 2575 est
1034 2546 1261 2587 apparere,

237 2604 404 2659 turpius
415 2608 480 2645 est
490 2616 595 2646 esse.
617 2605 702 2647 Aut
721 2616 827 2656 ergo
841 2609 929 2645 esto
945 2604 1057 2658 quod
1071 2616 1261 2657 appareS,

239 2678 313 2717 aut
335 2687 491 2729 appare
509 2676 622 2729 quod
640 2687 700 2716 es.
721 2690 740 2713 n
763 2674 827 2717 Ex
851 2675 918 2715 his
937 2674 1102 2716 Domini
1122 2675 1265 2717 verbis

239 2748 376 2800 potest
393 2746 592 2799 intelligi,
615 2746 689 2799 qui
708 2746 794 2787 sint
808 2746 868 2786 illi
883 2778 894 2797 ,
917 2746 990 2799 qui
1010 2746 1164 2787 debent
1182 2746 1266 2799 hy·-

239 2818 411 2871 pocritae
437 2817 642 2871 Judicari,
675 2816 830 2858 scilicet
860 2817 905 2857 in
931 2817 1086 2870 quibus
1114 2819 1268 2869 regnat

240 2888 526 2941 negligentia,
567 2887 831 2940 arrogantia,
875 2887 1173 2928 fraudulentia.
1214 2887 1268 2928 Hi

241 2961 385 3000 autem
404 2961 504 3000 sunt
520 2959 594 3012 qui
613 2958 790 2998 minima
805 2958 1035 3010 praeferunt
1052 2958 1266 3009 maximis,

241 3029 480 3069 transitoria
497 3029 687 3080 aeternis,
712 3028 957 3081 apparentia
977 3029 1104 3069 veris.
1126 3029 1183 3069 De
1201 3029 1269 3069 his

242 3100 388 3139 autem
402 3099 601 3151 judicare*
618 3112 704 3140 non
734 3102 795 3140 est
814 3099 999 3140 hominis
1018 3100 1267 3152 cujuslibet,

245 3168 318 3208 sed
337 3167 490 3209 Christi
503 3170 577 3221 qui
597 3182 668 3210 cor
684 3169 846 3222 aspicit,
863 3170 1095 3210 secundum
1115 3170 1219 3211 illud
1233 3173 1266 3209 ⁸:

251 3237 415 3280 «Nolite
435 3242 531 3280 ante
550 3242 719 3293 tempus
734 3241 944 3293 judicare,
969 3252 1188 3293 quousque
1202 3253 1272 3282 ve-

246 3308 335 3349 niat
351 3308 566 3361 DominUS,
585 3310 658 3363 qui
679 3311 935 3352 illuminabit
955 3311 1196 3352 abscondita
1215 3314 1273 3352 te-

293 3414 301 3432 ¹
321 3414 415 3446 Psal.
433 3424 464 3457 V,
485 3418 532 3447 Η.
548 3434 587 3440 —-
603 3417 614 3435 ²
634 3416 745 3456 Cant„
763 3426 787 3456 1,
808 3420 837 3449 4.
857 3435 896 3441 -
916 3418 928 3440 3
948 3418 1084 3457 Mattlc„
1103 3426 1202 3456 xxm,
1220 3420 1270 3451 27.

250 3464 316 3485 —⁴
337 3463 346 3493 Ι
370 3462 458 3504 Cor„
476 3470 523 3502 ιν,
543 3465 574 3495 5.
592 3481 631 3486 —
650 3465 661 3482 ⁵
679 3465 758 3504 lsa„
781 3473 811 3505 ν,
831 3468 883 3496 21.
899 3483 935 3488 —
954 3467 967 3487 ⁶
987 3466 1089 3504 Rom„
1113 3473 1147 3501 υ,
1168 3467 1271 3497 ito-20.

434 3532 533 3563 ΤοΜ.
564 3533 608 3562 x.

2263 187 2340 225 545

1316 268 1569 318 nebrarum,
1591 279 1609 303 n
1636 267 1713 306 etc.
1735 264 1841 307 Nam
1864 264 2067 307 Dominus
2090 279 2172 308 non
2193 281 2340 322 repre-

1314 339 1459 379 hendit
1478 337 1709 378 bonitatem
1728 338 1999 389 apparentem
2020 339 2061 378 et
2080 339 2340 393 evidentem,

1316 410 1387 451 sed
1407 409 1678 462 sophisticam
1697 409 1738 449 et
1759 421 1844 449 non
1864 408 2127 450 existentem.

1370 481 1435 521 [ιὸ.
1461 480 1727 533 Respondeas
1750 483 1890 522 autem
1915 480 2093 533 quidam
2119 491 2172 522 θει-
2196 482 2341 534 Legis-

1316 551 1490 603 perine,
1525 553 1602 592 ete.
1634 551 1862 604 Postquam
1881 551 2164 592 comminatus
2193 553 2255 592 est
2282 563 2344 594 voe

1318 621 1563 672 Pharisaeis,
1591 622 1660 662 hic
1679 622 1862 663 secundo
1882 623 2165 663 comminatur
2183 633 2247 665 vae
2268 622 2344 664 Le-

1319 693 1552 745 gisperitis‚
1587 696 1627 733 et
1652 693 1731 734 hoc
1763 694 1897 734 tribus
1929 694 1980 735 de
2007 694 2172 735 causis:
2208 694 2345 748 primo

1320 766 1490 815 propter
1507 763 1724 815 desidiam,
1745 766 1888 805 contra
1906 764 2124 806 veritatem
2145 765 2265 815 vitae3
2289 777 2348 806 se-

1321 834 1458 874 cundo
1487 835 1655 886 propter
1685 835 1925 886 perfidiam,
1960 837 2105 875 contra
2125 835 2347 877 veritatem

1317 904 1508 957 Justitiae,
1521 904 1578 944 ibi
1596 904 1650 957 (v.
1666 906 1728 958 47)
1745 921 1753 945 ι
1775 905 1846 947 Vae
1859 905 1989 955 vobis,
2004 906 2109 958 quia
2120 905 2349 958 certificatis

1322 981 1610 1026 monumenta,
1635 978 1711 1016 etc.
1735 990 1744 1026 ;
1772 977 1896 1016 tertio
1926 979 2097 1029 propter
2118 977 2345 1028 fallaciam,

1323 1048 1466 1086 contra
1488 1046 1707 1086 veritatem
1727 1046 1950 1098 doctrinae,
1969 1047 2032 1087 ibi
2057 1048 2122 1100 (v.
2145 1048 2220 1101 52)
2241 1063 2249 1088 :
2280 1048 2351 1089 Voe

1324 1116 1440 1157 vobis
1458 1117 1747 1168 Leyz'spericz‘s,
1771 1118 1877 1169 quia
1897 1117 2056 1159 tulistis
2076 1118 2250 1167 clavem,
2271 1120 2348 1158 etc.

1326 1187 1423 1228 Heec
1442 1189 1556 1228 enim
1576 1188 1729 1241 triplex
1745 1189 1900 1230 veritas
1918 1190 2103 1230 maxime
2124 1191 2245 1230 debet
2264 1202 2352 1231 esse

1325 1259 1369 1297 in
1389 1258 1627 1299 doctoribus
1645 1260 1778 1311 legis3
1801 1260 1871 1300 sed
1891 1260 1936 1300 in,
1952 1259 2227 1312 Legisperitis
2246 1259 2354 1299 nihil

1326 1332 1439 1378 erat,
1462 1330 1542 1369 nisi
1560 1331 1809 1382 hypocrisis.
1833 1331 1881 1371 In
1901 1330 2197 1371 comminando
2218 1330 2354 1381 igitur

1329 1400 1572 1451 gebennam
1590 1404 1760 1453 propter
1779 1402 1998 1451 desidiam,
2015 1401 2153 1453 primo
2172 1401 2356 1452 praemit-

1327 1469 1429 1509 titur
1448 1472 1672 1512 ostentatio
1693 1472 1976 1522 auctoritatis3
1998 1471 2182 1512 secundo
2203 1471 2353 1523 adjun—

1331 1540 1447 1591 gitur
1469 1541 1741 1582 comminatio
1767 1541 2027 1582 calamitatis.
2055 1541 2196 1581 Primo
2219 1540 2355 1592 igitur

1330 1613 1536 1663 quantum
1568 1612 1619 1652 ad
1653 1613 1978 1653 ostentationem
2010 1611 2268 1652 auctoritatis
2302 1623 2356 1652 ex

1331 1683 1447 1733 parte
1463 1682 1726 1735 Legisperiti,
1743 1683 1916 1723 dicitur:
1936 1682 2202 1735 Respondeas
2217 1685 2357 1724 autem

1332 1752 1504 1801 quidam
1522 1764 1576 1794 eoe
1597 1755 1897 1806 Leqz'speritz's,
1916 1754 1989 1807 qui
2009 1753 2165 1794 scilicet
2184 1753 2264 1793 sibi
2282 1765 2357 1802 pe·-

1331 1821 1438 1861 ritus
1452 1834 1541 1863 esse
1555 1823 1794 1874 videbatur,
1811 1824 2045 1865 secundum
2063 1823 2168 1863 illud
2181 1823 2310 1864 Isaioe
2323 1823 2355 1862 5:

1339 1909 1357 1933 α
1376 1893 1451 1936 Vae
1470 1896 1545 1947 qui
1564 1896 1770 1948 sapientes
1790 1897 1886 1938 estis
1906 1897 1950 1936 in
1969 1896 2101 1937 oculis
2121 1895 2270 1936 vestris
2283 1926 2294 1945 ,
2320 1897 2360 1934 et

1333 1978 1474 2006 coram
1500 1966 1809 2019 vobismetipsis
1844 1967 2083 2019 prudentes.
2120 1980 2138 2003 n
2176 1964 2226 2005 Et
2260 1965 2359 2017 quia

1334 2035 1438 2076 tales
1466 2036 1665 2076 videntur
1690 2036 1771 2077 sibi
1797 2039 1838 2077 et
1863 2037 1974 2077 docti
2001 2039 2042 2077 et
2071 2035 2242 2087 magni,
2267 2034 2360 2075 ideo

1334 2106 1688 2146 contumeliosum
1702 2109 1851 2159 putant
1865 2107 1916 2147 ab
1931 2107 2070 2158 aliquo
2080 2105 2222 2157 argui.
2235 2105 2361 2156 Prop-

1333 2179 1398 2217 ter
1416 2177 1524 2229 quod
1546 2177 1707 2218 subdit:
1729 2178 1805 2234 Ait
1824 2177 1918 2219 illi.-
1943 2178 2161 2230 Magister,
2182 2176 2266 2217 hoee
2289 2174 2361 2215 elz·-

1335 2258 1449 2297 cens,
1477 2249 1606 2290 etiam
1634 2248 1754 2290 nobis
1780 2248 2076 2291 contumeliam
2096 2248 2221 2298 facis.
2244 2245 2363 2294 Quod

1336 2330 1420 2358 non
1447 2318 1624 2369 diceret,
1649 2318 1731 2359 nisi
1756 2330 1810 2360 ex
1835 2317 2088 2360 conscientia
2116 2316 2289 2357 sentiret
2317 2327 2362 2355 se

1336 2388 1526 2429 similiter
1556 2389 1817 2441 transgredi,
1856 2391 1897 2430 et
1927 2401 1978 2430 ex
2007 2387 2204 2441 superbia
2234 2386 2363 2426 nollet

1334 2460 1601 2514 reprehendi.
1622 2459 1740 2501 Unde
1768 2462 1932 2513 poterat
1962 2459 2041 2499 sibi
2070 2458 2149 2498 dici
2177 2457 2280 2497 illud
2310 2456 2364 2496 ad

1336 2531 1544 2573 Romanos
1563 2531 1576 2552 ⁶
1593 2545 1604 2572 ς
1622 2546 1641 2570 α
1661 2530 1842 2573 Confidis
1862 2530 2045 2582 teipsum
2065 2529 2215 2570 ducem
2237 2538 2364 2568 caeco-

1336 2613 1459 2653 rum,
1489 2601 1636 2643 lumen
1663 2613 1811 2643 eorum
1837 2599 1912 2653 qui
1945 2600 1992 2640 in
2025 2599 2210 2641 tenebris
2241 2601 2360 2649 sunt,

1337 2672 1594 2714 eruditorem
1613 2671 1928 2724 insipientium,
1949 2670 2205 2723 magistrum
2226 2670 2362 2710 infan-

1337 2744 1462 2794 tium,
1478 2758 1497 2782 ›>
1513 2746 1591 2784 etc.
1614 2758 1633 2782 (ι
1649 2742 1729 2791 Qui
1746 2753 1853 2794 ergo
1872 2741 2005 2782 alium
2024 2741 2160 2793 doceS,
2180 2741 2364 2794 teipsum

1340 2827 1425 2856 non
1447 2815 1582 2856 doces.
1610 2829 1629 2853 >2
1650 2813 1891 2855 Doctrinam
1918 2824 2068 2854 sanan:
2093 2814 2243 2865 putant
2262 2824 2366 2853 con-

1340 2886 1577 2937 tumeliam,
1601 2887 1723 2939 quia,
1753 2887 1802 2926 ut
1827 2885 1980 2926 dicitur
1999 2885 2044 2925 in
2062 2884 2303 2938 Proverbiis
2323 2888 2362 2924 ⁷:

1346 2971 1365 2996 c
1384 2956 1475 2998 Non
1495 2957 1644 3010 recipit
1670 2956 1823 2998 stultus
1848 2956 1980 2997 verba
1999 2954 2257 3008 prudentiae,
2286 2954 2366 2994 nisi

1342 3041 1391 3070 ea
1409 3029 1586 3080 dixeris,
1621 3040 1717 3082 quae
1739 3030 1964 3071 versantur
1990 3028 2035 3068 in
2065 3027 2188 3068 corde
2218 3028 2361 3079 ejus.»

1342 3099 1393 3140 Et
1412 3112 1511 3141 vere
1539 3099 1632 3140 talis
1662 3102 1750 3140 erat
1769 3100 1945 3149 stultus,
1974 3099 2047 3152 qui
2076 3098 2297 3151 reputabat
2324 3109 2368 3138 se

1342 3170 1578 3220 eruditum;
1602 3169 1805 3222 quoniam
1825 3169 1978 3210 ibidem
2009 3168 2162 3210 dicitur
2181 3167 2220 3206 ⁸:
2248 3181 2268 3205 a
2292 3165 2366 3206 Vi·

1344 3241 1438 3282 disti
1457 3241 1674 3282 hominem
1697 3241 1931 3293 sapientem
1949 3240 2027 3280 sibi
2045 3237 2207 3280 videri?
2229 3236 2368 3288 magis

1343 3311 1415 3352 illo
1434 3323 1553 3365 spem
1570 3312 1741 3353 habebit
1761 3311 1977 3364 insipiens.
2001 3324 2020 3347 n

1345 3435 1385 3441 —
1404 3419 1414 3437 ⁷
1431 3420 1540 3456 Prov„
1562 3427 1667 3459 xvim,
1690 3421 1720 3451 2.
1749 3436 1790 3442 —
1809 3419 1823 3440 Β
1843 3420 1952 3456 Ρνου.,
1974 3425 2072 3456 xxv1,
2096 3418 2144 3448 12.
2168 3433 2202 3438 —
2226 3414 2269 3455 (a)
2291 3414 2370 3446 Caet.

1345 3466 1424 3496 edit.
1448 3467 1531 3498 foris
1552 3470 1680 3507 patent.

2161 3524 2212 3562 35
