2587 3845
1063 181 1231 223 CAPUT
1262 181 1293 222 l.

114 277 233 328 virgo
251 272 451 326 squalida
470 273 532 312 est
546 271 722 311 intentio
737 271 780 311 in
799 271 910 311 bono
928 281 1054 323 opere
1073 270 1140 310 de-

114 346 326 398 pravata:
361 355 458 395 quae
491 342 574 382 duo
613 342 824 390 accidunt,
863 353 961 380 cum
999 341 1138 381 clerici

113 415 247 456 multa
268 413 379 453 mala
398 415 540 465 aperte
561 413 736 462 faciunt,
767 415 807 452 et
826 424 921 451 cum
943 411 1089 463 quaeda
1100 423 1139 450 m

112 485 222 525 bona
250 484 408 524 faciunt
435 484 665 523 intentione
685 485 910 535 corrupta3
941 482 1052 522 unde
1073 494 1140 521 se-

111 555 256 608 quitur
274 569 282 595 :
305 555 405 606 Ipsa
426 565 648 606 oppressa,
666 554 808 593 anima
827 552 1006 602 misera,
1027 563 1140 594 amtt-

111 624 327 675 ritudtne,
348 625 389 664 id
410 627 492 675 est,
517 624 679 664 sarcina
699 626 982 676 peccatorum.

165 700 204 736 5.
225 697 302 737 He.
324 695 446 737 Facti
459 698 559 736 sunt
576 695 727 744 homa,
747 696 823 734 etc.
848 693 924 733 Hic
943 693 1140 733 describit

111 766 325 808 miseriam
345 765 610 819 captivitatis,
638 767 845 817 quantum
871 764 922 804 ad
943 764 1142 804 conditio-

111 850 184 878 nes
203 837 562 886 adversariorum3
583 839 622 877 et
639 837 764 876 habet
780 839 961 888 quatuor
980 838 1137 888 partes:

112 909 250 962 primo
270 907 465 948 describit
480 906 831 955 dominationem3
855 907 1003 947 deinde
1024 919 1142 958 rapa-

112 981 304 1021 citatem:
322 979 497 1020 Inimici
517 978 555 1030 ej
561 989 608 1019 us
626 977 882 1030 locupletati,
899 980 992 1027 etc.;
1016 978 1140 1018 tertio

111 1051 388 1100 ferocitatem,
411 1050 512 1102 quia
529 1061 606 1089 nec
627 1049 816 1101 parvulis
837 1051 1139 1101 pepercerunt,

112 1122 171 1163 ibi
187 1136 196 1162 z
209 1121 383 1163 Parvuli
394 1120 430 1172 ej
437 1131 497 1170 us,
510 1123 604 1169 etc.;
620 1122 769 1172 quarto
784 1120 1050 1171 tyrannicam
1067 1132 1140 1172 po-

113 1195 326 1242 testatem,
344 1191 428 1231 ibi:
451 1191 654 1243 Egressus
676 1194 735 1232 cst
753 1202 779 1232 α
797 1191 906 1241 sitia,
935 1193 1011 1230 etc.
1034 1190 1142 1230 Huic

113 1267 254 1305 autem
273 1263 475 1303 clausulae
491 1263 763 1314 praemittitur
783 1263 920 1301 littera
941 1263 1019 1313 He,
1045 1274 1140 1314 quae

112 1335 410 1386 interpretatur
440 1334 551 1383 Ista,
581 1333 694 1384 quod
720 1335 782 1372 est
807 1344 1042 1383 pronomen
1070 1334 1142 1372 de-

112 1404 437 1445 monstrativum
457 1403 510 1443 ad
537 1402 706 1442 oculum
721 1418 730 1452 3
755 1403 874 1454 quasi
895 1403 1015 1442 dicat:
1040 1406 1141 1444 Ecce

111 1475 163 1516 ad
179 1487 349 1516 sensum
367 1475 539 1527 impleta
555 1476 667 1522 sunt,
688 1486 784 1526 quae
800 1486 822 1513 a
838 1473 1015 1514 Domino
1030 1486 1139 1526 prae-

111 1547 221 1587 dicta
249 1546 436 1586 fuerunt.
461 1545 471 1566 ¹
499 1559 518 1582 «
537 1544 665 1584 Ducet
696 1547 736 1584 te
764 1545 987 1595 Dominus,
1012 1548 1053 1585 et
1074 1557 1139 1585 re-

110 1628 211 1669 gem
239 1618 387 1664 tuum,
416 1627 543 1668 quem
573 1616 840 1656 constitueris
866 1619 1073 1668 superte,
1098 1617 1142 1656 in

114 1690 286 1740 gentem
324 1698 453 1739 quam
493 1686 695 1737 ignoras,
730 1701 748 1724 »
789 1689 865 1727 etc.
907 1686 1106 1739 Sequitur
1129 1701 1138 1728 ι

111 1760 239 1801 Facti
272 1762 372 1800 suut
397 1758 529 1800 hostes
561 1758 672 1809 cJ'us,
705 1758 850 1810 populi
877 1758 1061 1809 judaici,
1093 1759 1142 1799 in

111 1832 268 1882 capite,
290 1829 331 1870 id
352 1833 431 1880 est,
454 1830 655 1871 habentes
679 1830 917 1870 dominium
944 1831 982 1869 ²:
1007 1845 1024 1866 «
1048 1830 1140 1881 Ipsa

112 1901 191 1941 erit
217 1901 262 1941 in
288 1904 432 1953 caput,
463 1903 503 1941 et
530 1903 577 1941 tu
605 1901 687 1940 eris
718 1900 761 1939 in
788 1901 981 1940 caudam.
1013 1916 1032 1938 >³
1059 1900 1141 1941 Pro

113 1983 297 2024 quorum
320 1971 546 2023 rapacitate
566 1971 707 2012 subdit
730 1986 739 2011 :
767 1973 943 2013 Inimici
969 1973 1058 2024 ejus
1079 1972 1138 2015 Io-

113 2042 314 2094 cupletatz'
331 2047 447 2093 sunt,
469 2043 574 2083 sicut
593 2043 745 2083 dicitur
765 2043 797 2084 ³:
821 2058 840 2081 (‹
860 2043 1138 2087 Nabuchodo-

111 2125 238 2154 nosor
257 2114 413 2166 accepit
431 2113 680 2153 thesaurum
701 2114 889 2163 Domini,
911 2119 950 2155 et
970 2117 1139 2158 thesau-

110 2197 180 2226 ros
206 2185 357 2225 domus
386 2185 534 2236 regiae.
558 2198 577 2222 n
603 2185 717 2236 Quia
744 2185 952 2228 Dominus
977 2187 1138 2230 locutus

112 2261 173 2299 est
201 2266 325 2308 super
357 2266 476 2297 eam:
505 2255 575 2295 hic
602 2258 664 2295 est
690 2261 863 2296 octavus
891 2258 1007 2298 locus
1037 2272 1135 2300 con·

110 2326 364 2381 questionis:
397 2339 482 2367 non
505 2338 558 2366 ex
582 2327 828 2367 necessitate
853 2330 1039 2381 essendi,
1066 2332 1136 2372 sed

111 2397 420 2450 consequentiae
440 2401 470 2446 ¹·‚
493 2397 600 2437 sicut
619 2397 768 2437 dicitur
787 2401 800 2422 ⁵
819 2413 826 2437 z
856 2415 874 2437 «
899 2399 992 2440 Non
1018 2406 1134 2453 pote-

110 2471 206 2508 rant
233 2468 419 2517 eredere,
453 2467 553 2519 quia
578 2467 682 2507 dixit
714 2468 867 2508 isaias:
898 2469 1137 2513 Excaecavit

112 2538 254 2579 oculos
272 2550 441 2588 eorum,
463 2552 482 2575 ))
500 2540 578 2578 etc.
601 2537 715 2578 Unde
735 2537 936 2580 Jeremias
959 2541 1049 2580 vult
1069 2541 1136 2581 di-

110 2621 204 2650 cere
231 2609 327 2649 hic:
363 2607 455 2649 Non
475 2608 577 2660 Rideo
601 2609 692 2649 haec
726 2613 957 2661 venerunt,
985 2613 1085 2663 quia
1112 2625 1136 2653 a

110 2681 286 2722 Domino
319 2681 517 2734 praedicta
551 2684 670 2730 sunt;
710 2682 781 2722 sed
817 2682 919 2734 quia
953 2686 1136 2725 ventura

109 2754 248 2802 erant,
272 2752 470 2804 praedicta
491 2755 603 2792 sunt.
630 2752 733 2792 Dicit
758 2765 860 2804 ergo
890 2754 1022 2806 :Quia
1047 2756 1131 2797 DO-

108 2823 250 2865 minus
275 2823 435 2865 locutus
461 2826 521 2865 est
544 2834 669 2875 super
699 2834 809 2874 eam,
842 2824 998 2865 scilicet
1028 2838 1132 2866 ven-

108 2897 203 2935 tura
241 2894 505 2946 praedicendo
545 2907 671 2947 super
708 2894 898 2935 iudaeam
915 2928 925 2945 ,
962 2901 1134 2948 propter

108 2965 425 3008 multitudinem
449 2966 734 3018 iniquitatum
761 2966 851 3018 eJus
869 2979 883 3006 .·
904 2967 916 2988 ⁶
941 2983 959 3005 α
983 2968 1133 3010 Tradet

111 3041 148 3078 te
172 3036 373 3076 Dominus
399 3039 663 3077 corruentem
691 3040 788 3078 ante
813 3038 953 3078 hostes
973 3052 1084 3080 suos.
1107 3055 1126 3079 >2

108 3108 121 3130 ⁷
145 3122 164 3146 c(
184 3106 406 3148 Effundam
426 3119 554 3160 super
572 3110 612 3148 te
631 3108 968 3160 indignationem
991 3123 1130 3151 meam

108 3177 152 3217 in
165 3177 267 3228 igne
280 3178 432 3218 furoris
445 3178 543 3218 mei.
566 3192 584 3215 n
602 3179 681 3219 Sed
701 3179 888 3220 hostium
905 3183 1130 3222 ostendens

108 3247 384 3298 ferocitatem,
416 3249 587 3289 subdit:
617 3249 796 3291 Parvuli
827 3251 941 3302 effus,
975 3253 1131 3304 quibus

152 3329 162 3349 ¹
187 3329 299 3367 Dent„
328 3336 454 3370 xan,
481 3331 531 3362 36.
564 3349 599 3353 -
626 3332 639 3352 2
666 3332 764 3373 ibid„
792 3335 842 3364 44.
865 3350 904 3357 —
932 3334 945 3355 3
970 3335 1011 3366 lV
1039 3336 1129 3375 Κεφ,

108 3384 190 3416 XXV,
223 3377 259 3406 13
287 3377 319 3406 et
346 3384 431 3416 seq.,
460 3377 572 3417 quoad
598 3387 795 3409 sensum.—-
823 3380 837 3401 ¹·
864 3381 917 3420 Cf.
945 3390 1020 3422 quae
1041 3382 1129 3413 dicta

109 3425 186 3455 sunt
204 3422 246 3454 ab
268 3425 404 3454 auctore
423 3423 456 3453 in
475 3425 484 3455 1
505 3424 609 3466 Sent.‚
634 3425 710 3457 dist.
732 3434 881 3467 xxxvm,
904 3430 965 3459 art.
987 3431 1018 3466 2,
1034 3438 1066 3469 q.
1088 3437 1128 3460 11.

109 3487 145 3494 -
166 3471 176 3489 ⁵
195 3470 302 3509 loan„
324 3477 386 3511 ΧΗ,
406 3471 456 3503 39.
474 3488 514 3494 -
532 3472 546 3493 ⁵
561 3472 672 3514 Dent„
692 3481 813 3514 xxvur,
835 3476 885 3506 25.
909 3493 943 3497 -
970 3477 979 3495 ⁷
997 3476 1126 3516 Ezech„

2169 189 2245 227 149

1213 271 1384 323 propter
1401 271 1568 310 aetatem
1583 273 1691 311 esset
1710 270 1986 322 parcendum,
2009 270 2128 312 ducti
2146 277 2247 316 sunt

1214 342 1260 382 tn
1299 342 1616 393 captivitatem,
1652 340 1917 393 Babyloniae,
1956 345 2052 383 ante
2094 343 2248 393 faciem

1215 411 1476 461 tribulantis,
1500 411 1540 451 id
1561 414 1636 460 est,
1660 411 1804 463 populi
1825 411 2117 451 Chaldaeorum
2132 415 2245 453 atro-

1215 483 1317 521 citer
1356 486 1394 521 et
1432 494 1598 531 severe;
1638 494 1725 522 non
1764 481 1873 521 sicut
1909 481 2006 521 dicit
2045 482 2170 523 Jacob
2201 487 2215 509 ⁸
2235 499 2243 524 :

1222 568 1240 591 α
1261 552 1393 602 Nosti,
1417 553 1591 593 Domine
1613 553 1691 602 mi,
1715 553 1825 604 quod
1846 552 2046 605 parvulos
2065 553 2246 595 habeam

1216 627 1406 674 teneros,
1442 627 1481 664 et
1513 636 1634 674 oves,
1664 637 1712 664 ac
1743 625 1872 664 boves
1902 624 2021 664 foetas
2052 637 2245 677 mecum,

1217 708 1321 748 quas
1348 696 1382 735 si
1409 696 1505 748 plus
1526 696 1568 735 in
1599 696 1854 736 ambulando
1883 696 2018 735 fecero
2037 696 2246 748 laborare,

1217 767 1453 806 morientur
1473 778 1559 806 una
1579 765 1645 806 die
1670 767 1808 807 cuncti
1831 779 2000 818 greges.
2019 779 2039 802 n

1270 836 1522 888 Allegorice‚
1545 836 1686 876 hostes
1706 837 1814 876 fiunt
1833 837 1876 876 in
1897 837 2044 889 capite,
2067 849 2164 878 cum
2183 838 2249 880 in-

1218 908 1338 959 digni
1374 907 1668 960 Iiraeticiilntur
1711 907 1928 958 Ecclesiae‚
1968 907 2154 949 maxime
2190 909 2250 949 illi

1218 991 1314 1032 quae
1343 982 1405 1018 est
1431 981 1554 1030 caput
1578 978 1785 1028 aliarum3
1816 978 1891 1032 qui
1914 991 2000 1019 non
2029 982 2249 1032 quaerunt,

1218 1050 1297 1090 nisi
1327 1062 1422 1102 quae
1454 1061 1530 1089 sua
1557 1051 1682 1089 sunt:
1715 1049 1808 1090 ideo
1834 1050 2027 1102 sequitur
2047 1064 2056 1091 :
2078 1051 2252 1094 Inimici

1220 1122 1310 1174 ejus
1332 1122 1575 1174 locupletati
1599 1125 1720 1173 suut,
1749 1121 1847 1174 quia
1869 1121 1975 1162 nihil
1994 1122 2109 1163 aliud
2132 1135 2249 1175 quae-

1219 1195 1321 1233 runt
1341 1196 1376 1232 ⁹:
1407 1207 1425 1230 «
1445 1192 1673 1232 Abundant
1689 1192 1962 1232 tabernacula
1981 1193 2248 1245 praedonum,

1219 1266 1259 1302 et
1287 1263 1484 1303 audacter
1515 1262 1647 1303 Deum
1691 1265 1936 1315 provocant.
1970 1277 1989 1300 »
2024 1263 2251 1305 Praedones

1219 1337 1341 1384 sunt,
1376 1335 1635 1386 quicumque
1672 1335 1878 1387 stipendia
1914 1335 2112 1376 Ecclesiae
2143 1336 2250 1376 reci-

1218 1405 1364 1457 piunt,
1388 1407 1427 1444 et
1447 1405 1666 1444 communi
1689 1405 1857 1444 utilitati
1875 1417 1961 1445 non
1981 1405 2250 1447 incumbunt.

1217 1475 1291 1515 Vel
1322 1476 1514 1526 inimici,
1549 1475 1588 1515 id
1623 1478 1699 1524 est,
1737 1476 1974 1527 daemones,
2011 1476 2254 1528 locupletati

1218 1550 1341 1596 suut,
1372 1547 1476 1586 dum
1509 1547 1734 1588 multitudo
1767 1547 1993 1587 hominum
2027 1547 2252 1600 subjicitur

1218 1618 1434 1658 diabolicae
1454 1618 1665 1668 servituti,
1688 1618 1834 1671 paucis
1854 1618 2016 1659 Christo
2034 1618 2251 1659 adhaeren-

1217 1689 1329 1729 tibus
1349 1689 1405 1728 ³⁰:
1437 1689 1546 1730 «Vae
1574 1690 1700 1740 mihi,
1732 1690 1832 1742 quia
1852 1689 1986 1729 factus
2019 1700 2115 1729 sum
2142 1688 2251 1730 sicut:

1218 1761 1291 1813 qui
1315 1761 1475 1812 colligit
1494 1761 1538 1799 in
1559 1763 1768 1801 autumno
1787 1772 1976 1800 racemos
1997 1760 2244 1801 vindemiae:

1217 1844 1300 1872 non
1321 1835 1382 1872 cst
1401 1833 1548 1872 botrus
1574 1832 1625 1871 ad
1646 1833 1966 1873 comedendum.
1990 1847 2008 1869 n
2040 1833 2149 1880 Quia
2168 1834 2248 1876 Do-

1216 1904 1359 1945 minus
1379 1904 1540 1945 locutus
1557 1907 1753 1955 estsuper
1767 1914 1872 1954 eum,
1890 1903 1934 1942 in
1949 1915 2118 1956 poenam
2134 1905 2247 1956 eJus:

1217 1976 1387 2026 ⁴propter
1402 1973 1515 2013 enim
1531 1974 1734 2014 demerita
1754 1974 2022 2014 subditorum
2042 1974 2250 2026 permittit

1215 2043 1419 2084 Dominus
1442 2045 1598 2097 praefici
1631 2047 1842 2096 pastorem
1873 2044 2166 2085 detestandum
2189 2049 2216 2071 ¹¹
2237 2059 2248 2086 x

1217 2129 1236 2151 (ι
1258 2114 1378 2166 ¹Dabo
1401 2128 1554 2168 pueros
1573 2116 1783 2168 principes
1808 2128 1978 2165 eorum,
2001 2118 2041 2156 et
2068 2115 2247 2156 effoemi-

1213 2186 1301 2226 nati
1328 2187 1661 2227 dominabuntur
1687 2187 1761 2226 eis.
1792 2201 1811 2224 >³
1848 2191 1907 2227 Ex
1937 2199 2025 2239 quo
2055 2187 2248 2240 sequitur

1215 2258 1437 2311 multiplex
1457 2258 1636 2298 ulterius
1655 2258 1875 2299 subversio
1896 2258 2164 2299 subditorum
2187 2263 2217 2285 ¹²
2234 2274 2244 2300 ε

1219 2345 1238 2368 «
1256 2329 1371 2369 Facti
1391 2332 1488 2369 sunt
1512 2341 1667 2381 greges
1688 2329 1770 2370 mei
1790 2330 1833 2369 in
1854 2330 2061 2382 rapinam,
2085 2332 2126 2370 et
2146 2342 2247 2372 oves

1212 2412 1319 2440 meze
1351 2399 1397 2439 in
1430 2400 1745 2440 devorationem
1783 2400 1976 2440 omnium
2010 2401 2247 2441 bestiarum

1212 2471 1328 2522 agri,
1361 2483 1409 2510 eo
1439 2471 1550 2523 quod
1581 2483 1667 2510 non
1693 2473 1801 2510 esset
1823 2473 1979 2524 pastor,
2003 2471 2075 2511 sed
2101 2483 2243 2523 pasce-

1210 2542 1310 2582 bant
1330 2544 1516 2595 pastores
1541 2541 1802 2594 semetipsos.
1828 2555 1847 2578 ))
1879 2542 2057 2584 Parvuli
2065 2572 2077 2591 ‚
2099 2542 2141 2582 id
2160 2545 2242 2595 est,

1209 2612 1442 2665 simpliceS,
1465 2613 1509 2652 in
1531 2613 1687 2665 quibus
1716 2612 1874 2652 solebat
1900 2612 2140 2653 innocentia
2165 2613 2242 2653 flo-

1209 2696 1322 2733 rere3
1357 2683 1477 2725 ducti
1503 2687 1604 2725 sunt
1634 2684 1680 2724 in
1711 2684 2028 2736 captivitatem,
2062 2684 2240 2736 peccati;

1209 2759 1307 2796 ante
1334 2756 1485 2806 faciem
1514 2755 1785 2804 tribulantis,
1815 2755 1856 2795 id
1875 2758 1937 2795 est
1973 2754 2142 2795 diaboli.
2177 2753 2243 2796 Illi

1209 2829 1305 2866 ante
1326 2825 1473 2865 faciem
1502 2825 1658 2866 diaboli
1683 2826 1914 2876 ducuntur,
1948 2826 2022 2878 qui
2045 2825 2239 2866 tentatio-

1207 2908 1306 2936 nem
1327 2896 1616 2947 praeveniunt,
1640 2898 1679 2935 et
1699 2898 1846 2948 sponte
1864 2895 1908 2935 in
1929 2895 2107 2936 crimina
2127 2906 2241 2948 prae-

1208 2965 1449 3018 cipitantur.
1475 2965 1686 3006 Moraliter
1715 2966 1855 3006 hostes
1884 2969 1983 3006 sunt
2009 2966 2053 3006 in
2081 2967 2236 3020 capite,

1207 3037 1376 3088 quando
1394 3037 1589 3077 voluntas
1619 3037 1795 3077 rationis
1824 3036 2053 3077 inclinatur
2073 3037 2123 3077 ad
2143 3048 2237 3078 con-

1206 3119 1376 3147 sensum
1396 3108 1519 3148 malae
1550 3107 1859 3159 suggestionis,
1887 3108 1955 3149 vel
1974 3108 2142 3160 quando
2162 3108 2234 3149 de-

1206 3181 1409 3229 pravatur
1431 3178 1578 3219 oculus
1607 3178 1864 3219 intentionis,
1885 3177 1960 3220 Vel
1983 3179 2092 3219 fiunt
2109 3178 2153 3218 in
2173 3190 2237 3218 ca-

1206 3248 1305 3300 pite,
1329 3249 1495 3301 quando
1515 3249 1559 3289 in
1578 3248 1856 3289 adolescentia
1875 3249 1972 3302 quis
1988 3249 2134 3301 incipit
2153 3248 2235 3288 dia-

1205 3318 1301 3359 bolo
1334 3320 1526 3361 servire:
1568 3320 1732 3372 aliquos
1771 3320 1885 3361 enim
1925 3320 2034 3373 capit
2067 3319 2112 3359 in
2148 3318 2232 3359 fine

1204 3432 1284 3465 xri,
1314 3427 1364 3458 31.
1388 3444 1422 3448 -
1454 3428 1465 3445 ⁸
1497 3427 1590 3464 Gen„
1618 3429 1886 3467 XXX111‚13.-
1910 3427 1922 3446 ⁹
1947 3425 2017 3462 lob,
2046 3432 2115 3464 xn,
2141 3426 2172 3455 6.
2193 3441 2230 3448 —

1208 3472 1228 3490 ¹⁰
1242 3472 1358 3512 Mz'clz.,
1377 3481 1437 3512 v11,
1454 3477 1479 3505 1.
1498 3490 1538 3496 —
1553 3474 1574 3494 ¹¹
1597 3474 1676 3509 Isa„
1695 3481 1752 3512 111,
1770 3475 1895 3506 4.-12
1909 3473 2041 3513 Ezeclz„
2056 3478 2175 3514 xxxlv,
2199 3471 2229 3505 8.
