2634 3853
89 2630 212 2659 D1visi0‚

962 186 1233 228 EXPOSITIO
1265 187 1316 228 IN
1347 186 1460 229 CAP.
1491 187 1598 229 XIII.

217 273 343 314 etiam
379 284 456 326 pro
493 273 732 316 minoribus
777 275 944 328 reprobi
987 276 1238 328 puniuntur.

218 342 336 383 Unde
366 343 686 396 Chrysostomus
723 361 730 387 :
769 362 787 385 α
817 346 860 387 Si
888 346 1016 387 semel
1046 346 1244 386 condem-

217 417 343 454 natus
373 415 527 455 missus
553 417 684 457 fueris
713 418 757 458 in
787 430 1011 468 carcerem,
1035 418 1127 469 jam
1157 429 1244 457 non

218 484 355 525 solum
377 498 453 538 pro
481 488 684 539 gravibus
702 489 893 542 peccatis,
916 489 987 529 sed
1014 489 1141 529 etiam
1169 501 1244 541 pro

218 556 350 597 verbo
369 558 515 607 otioso,
531 560 644 611 quod
660 560 823 600 locutus
843 572 900 610 es,
917 560 1143 612 exigentur
1162 572 1186 600 a
1204 562 1246 600 te

220 629 435 682 supplicia.
459 644 478 667 n
511 631 559 670 In
579 631 672 671 haec
698 631 902 684 supplicia
929 631 1248 683 praecipitantur

220 699 293 751 qui
316 712 400 741 non
430 701 667 742 custodiunt
688 702 832 742 divina
861 702 1003 750 verba,
1029 714 1125 753 quae
1152 701 1248 740 mit—

220 771 316 809 tunt
345 771 565 812 hominem
597 772 650 812 ad
680 773 870 813 divinam
903 771 1085 823 gratiam
1119 775 1158 811 ct
1197 772 1247 811 ad

222 839 451 882 Christum.
471 842 587 883 Unde
608 844 618 864 1
645 855 655 882 :
684 858 703 881 «
724 843 979 884 Scrutamini
1005 844 1247 896 scripturaS‚

222 911 322 963 quia
344 924 416 952 vos
436 913 591 965 putatis
611 914 652 953 in
672 914 773 966 ipsis
795 914 927 955 vitam
948 916 1150 955 aeternam
1171 914 1250 953 ha-

223 982 321 1022 bere
342 996 351 1022 :
374 985 415 1022 et
442 983 524 1024 illae
545 986 643 1024 sunt
671 997 768 1037 quae
789 985 1080 1025 testimonium
1107 985 1249 1037 perhi-

223 1052 324 1093 bent
349 1054 400 1094 de
427 1067 510 1095 me.
533 1069 551 1092 >³
587 1055 650 1095 EX
680 1056 747 1095 his
778 1055 914 1107 igitur
945 1059 1116 1108 apparet
1141 1056 1253 1108 quod

224 1124 488 1177 negligentia
506 1126 692 1166 hominis
712 1127 763 1167 ad
784 1126 855 1167 Dei
874 1126 1055 1178 gratiam
1079 1139 1255 1178 cognos-

225 1195 401 1236 cendam
431 1199 471 1236 et
501 1197 810 1250 suscipiendam
846 1200 908 1237 est
942 1198 1251 1247 inexcusabilis,

226 1277 303 1318 pro
333 1278 382 1307 eo
425 1267 538 1320 quod
574 1268 626 1308 ad
666 1268 782 1321 illam
814 1268 1139 1309 commonitione
1179 1268 1256 1308 tri-

227 1336 324 1388 plici
352 1337 573 1388 excitatur,
598 1338 752 1379 scilicet
779 1351 853 1391 per
874 1339 1033 1380 librum
1054 1341 1257 1380 creaturae

227 1407 492 1448 conscientia}
511 1412 551 1449 et
570 1409 803 1461 scripturae,
827 1410 946 1461 quasi
973 1422 1047 1461 per
1068 1413 1151 1450 tres
1171 1413 1255 1450 teS«

227 1479 304 1529 tes,
334 1490 519 1531 quorum
548 1490 663 1518 unus
695 1479 892 1529 exterior,
928 1479 1032 1520 alter
1065 1480 1255 1529 interior,

229 1550 377 1590 tertius
396 1550 602 1602 superior.
626 1549 901 1603 Quapropter,
916 1550 1023 1591 sicut
1045 1551 1196 1591 dicitur
1217 1554 1255 1591 2ε

237 1635 256 1658 <z
269 1620 566 1661 Abundantius
579 1623 742 1673 oportet
757 1621 981 1661 observare
995 1633 1070 1661 nos
1086 1634 1149 1672 ea,
1163 1633 1259 1673 quae

232 1691 488 1742 audivimus,
521 1703 575 1732 ne
601 1692 706 1732 forte
733 1691 1045 1743 pereffluamus.
1070 1691 1113 1731 Si
1147 1692 1260 1731 enim

233 1762 306 1815 qui
319 1774 394 1815 per
407 1762 582 1815 angelos
595 1763 729 1803 dictus
741 1765 801 1803 est
816 1764 867 1815 tal
886 1776 1038 1813 sermo,
1052 1764 1185 1804 factus
1199 1767 1261 1804 est

234 1834 402 1885 firmus,
418 1836 459 1875 et
470 1834 608 1875 omnis
623 1835 914 1886 praevarieatio
928 1838 967 1875 et
983 1835 1262 1876 inobedientia

234 1905 393 1958 accepit
406 1907 565 1958 ,iustam
583 1905 787 1945 mercedis
803 1905 1138 1957 retributionem,
1162 1918 1262 1959 quo-

235 1976 359 2016 modo
390 1988 468 2016 nos
500 1976 776 2028 effugiemus,
812 1976 846 2016 si
877 1979 1036 2018 tantam
1068 1977 1263 2030 neglexe-

233 2047 368 2088 rimus
384 2047 563 2089 salutem
573 2051 589 2087 ‘3
601 2062 620 2085 ›>

537 2208 759 2253 CAPUT
802 2208 949 2251 XIII.

286 2342 324 2377 1.
355 2336 545 2377 Aderant
579 2338 717 2375 amem
743 2332 921 2384 quidam
952 2333 1044 2384 ipso
1072 2332 1120 2372 in
1154 2336 1257 2374 tem-

231 2417 353 2459 pore,
392 2408 470 2447 etc.
509 2404 646 2457 Supra
688 2403 907 2455 redarguit
948 2402 1259 2454 negligentiam

231 2481 424 2532 respectu
443 2477 592 2530 gratiae
612 2475 936 2528 cognoscendae3
959 2475 1027 2514 hic
1039 2474 1260 2526 redarguit

231 2549 541 2603 negligentiam
558 2548 751 2600 respectu
768 2545 1024 2599 poenitentiae
1044 2545 1258 2585 faeiendae.

231 2622 283 2664 Et
318 2622 400 2662 hoc
437 2620 608 2674 quidem
644 2619 740 2659 facit
781 2616 997 2669 trIpliciter
1043 2632 1052 2656 ;
1099 2616 1256 2669 primo,

232 2692 426 2745 exemplo
455 2691 624 2739 audito;
652 2688 851 2738 secundo,
873 2687 1066 2740 exemplo
1095 2700 1261 2728 assum-

232 2766 319 2818 pto,
340 2763 400 2803 ibi
422 2763 476 2816 (v.
499 2763 537 2812 4)
562 2775 571 2802 z
598 2760 713 2802 Sicut
732 2759 800 2801 illi
818 2758 960 2800 decem
980 2762 1019 2801 et
1039 2762 1140 2809 octo,
1162 2763 1257 2811 etc.;

232 2836 370 2887 tertio,
399 2833 593 2887 exemplo
621 2832 862 2882 adinvento,
888 2831 978 2872 sive
1006 2832 1257 2883 excogItato,

233 2908 291 2948 ibi
313 2910 369 2959 (v.
391 2907 433 2960 6)
459 2921 468 2947 :
492 2905 662 2947 Dicebat
685 2906 825 2946 autem
855 2902 965 2943 Ιιαηο
998 2903 1259 2945 similitudi-

233 2990 327 3021 nem
344 3011 356 3029 ,
393 2981 471 3019 etc.
512 2976 626 3018 Circa
668 2973 911 3026 exemplum
951 2973 1145 3013 auditum
1181 2973 1261 3013 hoc

235 3048 382 3090 ordine
401 3047 586 3100 procedit
607 3061 616 3087 :
639 3046 778 3099 primo
797 3044 1048 3097 proponitur
1067 3043 1261 3084 atrocitas

235 3118 429 3172 supplicii
442 3132 452 3168 3
466 3117 648 3159 secundo
663 3118 845 3168 negatur
858 3115 1083 3155 enormitas
1096 3115 1233 3155 delicti
1246 3129 1256 3165 ;

235 3190 358 3231 tertio
378 3187 638 3229 concluditur
656 3186 880 3228 necessitas
906 3185 1151 3238 poenitendi.

290 3260 434 3302 Primo
474 3270 576 3310 ergo
611 3257 890 3298 introducitur
924 3255 1110 3296 narratio
1147 3257 1259 3296 atro-

236 3331 371 3372 citatis
400 3328 608 3382 supplicii,
628 3340 725 3369 cum
752 3327 904 3368 dicitur
931 3340 939 3367 :
966 3325 1159 3368 Aderant
1190 3337 1263 3368 au-

283 3438 290 3455 ¹
307 3437 417 3473 loun„
435 3442 468 3475 V,
486 3435 584 3466 39.—
608 3434 621 3454 '²
636 3432 746 3471 Hebr„
765 3441 802 3473 11,
822 3435 940 3464 1-2.—
958 3432 969 3450 ³
986 3432 1072 3472 Act„
1095 3439 1127 3472 V,
1149 3433 1261 3463 36-37.

239 3501 280 3507 —
298 3483 309 3502 ⁴
328 3482 452 3522 Eccle„
470 3489 548 3520 v.11,
569 3482 620 3520 10,
641 3482 690 3511 14.
708 3497 748 3503 -
769 3480 815 3522 (a)
835 3480 916 3511 Caet.
935 3480 1015 3511 edit.
1035 3480 1128 3510 omz'S.
1146 3482 1208 3510 est.

399 3552 498 3582 Tou.
527 3551 572 3580 x.

2264 197 2339 235 577

1316 279 1397 317 tem
1416 277 1594 329 quidemn
1616 277 1709 328 ipso
1728 276 1778 317 in
1797 278 1991 327 tempore,
2012 281 2256 323 mutuantes
2276 283 2342 324 illi

1318 346 1367 387 de
1398 346 1606 396 Galiloeis,
1628 346 1782 386 scilicet
1806 346 1912 387 dura
1938 348 1979 387 et
2011 350 2224 402 terribilia,
2247 365 2343 405 quae

1319 418 1503 458 maxime
1523 424 1833 460 consueverunt
1852 417 2031 458 recitari.
2049 418 2166 460 Unde
2185 424 2225 462 et
2247 424 2344 463 sub-

1319 489 1378 529 dIt
1412 504 1420 530 z
1462 490 1643 535 Quorum
1680 490 1931 542 semanimem
1970 490 2134 533 Pilatus
2176 494 2348 537 miscuit

1319 571 1414 601 cum
1433 562 1659 612 sacrificiis
1685 571 1837 603 eorum.
1862 561 2107 604 Secundum
2126 564 2348 607 historiam

1320 643 1449 683 quam
1468 635 1612 672 narrat
1638 631 1861 685 Iosephus,
1884 634 2056 685 quidam
2081 638 2171 676 erat
2193 636 2237 676 in
2267 636 2348 678 Ga-

1320 701 1432 742 lilaea
1452 702 1605 743 faciens
1625 715 1668 743 se
1687 703 1878 744 Messinm
1899 704 1943 744 in
1959 704 2055 756 lege
2074 707 2348 759 promissum,

1323 777 1363 814 et
1382 773 1504 813 multi
1519 774 1569 813 de
1591 772 1770 814 Galilaeis
1790 776 2076 827 sequebantur
2089 777 2244 829 ipsum,
2261 780 2353 832 qui-

1324 845 1403 885 bus
1423 845 1716 896 assignaverat
1737 845 1863 896 diem,
1886 858 1970 898 quo
1993 858 2246 889 ascensurus
2265 852 2355 890 erat

1324 916 1368 955 in
1400 916 1569 966 coelum,
1591 916 1831 956 videntibus
1859 916 1953 968 illis,
1978 918 2027 958 de
2061 922 2203 960 monte
2236 920 2355 961 Gari-

1325 987 1423 1027 21111.
1444 986 1601 1028 Videns
1621 988 1764 1026 autem
1796 985 1954 1027 Pilatus
1978 989 2089 1040 quod
2115 991 2270 1032 multos
2291 1003 2354 1032 se-

1327 1058 1507 1098 duxerat
1539 1057 1588 1097 de
1624 1058 1849 1098 tetrarchia
1887 1058 2086 1109 Herodis,
2126 1060 2266 1101 timuit
2303 1074 2356 1103 ne

1330 1131 1421 1180 post
1451 1128 1667 1168 seduceret
1694 1140 1765 1168 eos
1796 1128 1870 1180 qui
1901 1132 2021 1169 erant
2049 1130 2100 1170 (16
2131 1133 2358 1172 tetrarchia

1329 1210 1418 1238 sua.
1442 1198 1546 1238 Cum
1573 1210 1678 1250 ergo
1709 1199 1797 1239 dies
1825 1199 2040 1252 assignata
2067 1204 2187 1254 esset,
2211 1205 2252 1243 et
2282 1203 2356 1253 illi,

1331 1281 1437 1321 quos
1470 1269 1708 1319 seduxerat,
1737 1271 1960 1312 adorarent
1987 1285 2102 1323 eum,
2134 1277 2174 1314 et
2200 1275 2358 1315 sacrifi-

1331 1342 1474 1381 carent
1493 1341 1544 1391 ei,
1571 1344 1741 1393 repente
1771 1344 2016 1395 supervenit
2043 1344 2217 1395 Pilatus,
2240 1348 2281 1386 et
2301 1346 2360 1386 in-

1333 1411 1490 1451 terfecit
1516 1423 1585 1451 eos
1613 1411 1723 1452 inter
1752 1413 1956 1454 sacrificia
1982 1426 2144 1455 eorum.
2173 1415 2224 1456 Et
2250 1416 2360 1457 inter

1332 1480 1424 1520 illos
1444 1481 1592 1521 occidit
1610 1482 1731 1523 illum
1762 1484 1836 1535 qui
1861 1485 2038 1525 faciebat
2060 1498 2103 1526 56
2131 1486 2357 1529 Christum.

1336 1550 1450 1592 Unde
1470 1552 1520 1592 de
1539 1553 1619 1593 hoc
1638 1554 1819 1595 arbitror
1832 1555 2014 1608 intelligi
2029 1556 2132 1598 illud
2147 1560 2160 1582 ³
2178 1572 2185 1597 :
2215 1573 2234 1597 ((
2254 1558 2362 1600 Ante

1334 1623 1411 1663 hos
1437 1624 1525 1664 dies
1552 1625 1688 1665 extitit
1715 1625 1905 1666 Theodas
1936 1627 2078 1668 dicens
2102 1641 2146 1669 se
2172 1641 2261 1670 esse
2284 1630 2360 1670 ali-

1334 1706 1477 1746 quem,
1499 1695 1567 1735 cui
1598 1697 1805 1737 consensit
1833 1709 2038 1739 numerus
2065 1699 2258 1740 virorum
2286 1701 2363 1741 cir-

1335 1765 1437 1805 citer
1467 1766 1895 1820 quadringentorum,
1928 1770 2002 1822 qui
2027 1771 2189 1812 occisus
2220 1774 2296 1823 est,
2322 1775 2364 1813 61

1335 1848 1482 1876 omnes
1500 1837 1574 1890 qui
1593 1838 1817 1879 credebant
1834 1840 1872 1880 ei
1898 1840 2086 1893 dissipati
2110 1844 2209 1882 sunt
2230 1844 2270 1882 61
2297 1853 2364 1882 re-

1335 1908 1442 1948 dacti
1473 1908 1525 1948 ad
1556 1909 1752 1950 nihilum.
1788 1909 1884 1950 Post
1920 1911 2036 1951 hunc
2065 1912 2202 1952 extitit
2235 1912 2364 1953 Judas

1336 1977 1530 2019 Galilaeus
1566 1979 1610 2019 in
1646 1980 1792 2021 diebus
1828 1982 2109 2033 professioniS,
2142 1985 2183 2023 et
2213 1983 2365 2025 avertit

1336 2050 1540 2102 populum
1566 2053 1660 2103 post
1687 2063 1744 2102 se,
1768 2054 1808 2092 et
1834 2052 1922 2105 ipse
1950 2054 2092 2106 periit;
2127 2056 2168 2095 et
2198 2066 2361 2105 omnes,

1335 2123 1541 2174 quotquot
1574 2125 1876 2163 consenserunt
1907 2124 1959 2172 61,
1995 2124 2169 2177 dispersi
2197 2128 2311 2166 sunt.
2338 2141 2357 2163 n

1337 2191 1386 2231 [fit
1411 2192 1470 2232 sic
1500 2192 1703 2232 acerbitas
1726 2193 1804 2233 fuit
1835 2194 2041 2246 supplicii,
2064 2196 2164 2248 quia
2191 2199 2364 2249 repente

1335 2262 1523 2313 graviter
1557 2265 1598 2302 et
1627 2263 1672 2302 in
1711 2263 1984 2305 multitudine
2012 2267 2157 2307 traditi
2189 2270 2289 2309 sunt
2320 2269 2364 2309 in

1334 2331 1588 2373 horrendam
1608 2335 1800 2374 mortem.

1388 2403 1594 2453 Secundo,
1619 2406 1827 2457 quantum
1849 2405 1901 2446 ad
1928 2407 2199 2459 negationem
2224 2410 2362 2462 majo-

1335 2474 1394 2514 ris
1425 2475 1687 2516 enormitatis
1716 2476 1868 2527 delicti,
1890 2477 2083 2519 subditur
2109 2481 2165 2530 (v.
2196 2482 2233 2531 Ξ)
2269 2495 2277 2522 ;
2309 2481 2364 2523 Ec

1335 2545 1585 2597 respondens
1606 2546 1728 2589 dioez't
1744 2546 1862 2588 illis:
1882 2548 2057 2592 Putatis
2076 2550 2188 2602 quod
2206 2551 2255 2593 hi
2275 2551 2362 2595 Ga-

1333 2616 1439 2658 lz'loez‘
1454 2627 1545 2669 prce
1571 2617 1766 2659 omnibus
1798 2617 1992 2661 Galilcez's
2014 2626 2249 2672 peccatores
2279 2623 2364 2674 sue-

1334 2688 1440 2734 rint,
1461 2687 1565 2739 quia
1594 2687 1701 2729 talia
1721 2689 1846 2739 passi
1870 2690 2004 2732 sunt?
2032 2690 2120 2732 Hoc
2146 2692 2260 2733 enim
2280 2693 2364 2733 fre-

1335 2760 1514 2811 quenter
1546 2759 1763 2800 consuevit
1793 2760 1905 2801 credi
1937 2762 1989 2802 ab
2019 2762 2264 2804 hominibus
2290 2764 2364 2817 qui

1328 2829 1521 2881 judicant
1541 2830 1774 2871 secundum
1793 2832 2029 2883 exteriora;
2053 2836 2093 2874 et
2117 2836 2259 2875 tamen
2276 2846 2363 2875 non

1334 2903 1394 2940 est
1413 2901 1470 2940 ita
1484 2900 1777 2952 Judicandum.
1800 2901 1896 2944 Ideo
1916 2904 2056 2945 subdit
2078 2905 2132 2957 (v.
2158 2905 2193 2958 3)
2219 2920 2227 2946 :
2251 2905 2359 2956 Non,

1334 2970 1429 3013 dico
1446 2972 1574 3023 vobiS,
1597 2972 1639 3013 id
1659 2976 1720 3013 est
1740 2984 1881 3014 assero
1902 2976 2016 3027 quod
2033 2987 2122 3017 non
2139 2979 2260 3017 erant
2275 2988 2363 3030 prae

1335 3043 1426 3082 aliis
1444 3045 1680 3096 peccatores
1713 3058 1722 3084 z
1748 3044 1841 3085 ideo
1867 3057 1955 3086 non
1983 3049 2045 3088 est
2068 3049 2226 3088 temere
2245 3048 2360 3100 judi-

1303 3112 1308 3114 ’
1335 3114 1531 3164 candum,
1550 3115 1622 3155 sed
1649 3115 1788 3168 potius
1818 3116 2149 3169 formidandum,
2171 3119 2271 3171 quia
2301 3131 2363 3160 se-

1334 3187 1447 3225 creta
1459 3188 1558 3225 sunt
1564 3185 1781 3238 Judicialia
1794 3186 1881 3228 Dei.
1893 3187 2010 3229 Unde
2021 3189 2171 3230 dicitur
2184 3192 2218 3230 ¹⁶:
2241 3204 2260 3227 «
2269 3189 2364 3231 Vidi

1335 3255 1486 3307 imples
1506 3255 1706 3308 sepultos,
1725 3257 1799 3310 qui
1820 3258 1947 3299 etiam
1967 3271 2065 3300 cum
2084 3259 2221 3300 adhuc
2240 3259 2360 3301 vive-

1335 3329 1442 3378 rent,
1464 3326 1510 3366 in
1528 3326 1618 3368 loco
1637 3331 1780 3369 sancto
1797 3332 1929 3381 erant,
1953 3332 1993 3370 et
2015 3329 2297 3371 laudabantur
2318 3330 2363 3370 in

1336 3396 1502 3437 civitate
1522 3397 1644 3449 quasi
1665 3399 1882 3450 justorum
1902 3411 2093 3451 operum.
2115 3414 2134 3438 ))
2160 3399 2212 3440 Ε1
2236 3402 2330 3452 post
2350 3412 2361 3440 :

1344 3482 1362 3505 ι(
1385 3466 1493 3507 Sunt
1506 3468 1617 3519 justi
1644 3469 1800 3520 quibus
1821 3470 1932 3510 mala
1951 3471 2222 3522 proveniunt,
2243 3473 2365 3524 quasi

2155 3544 2204 3583 37
