<?xml version="1.0" encoding="UTF-8"?>
<!DOCTYPE html PUBLIC "-//W3C//DTD XHTML 1.0 Transitional//EN"
    "http://www.w3.org/TR/xhtml1/DTD/xhtml1-transitional.dtd">
<html xmlns="http://www.w3.org/1999/xhtml" xml:lang="en" lang="en">
 <head>
  <title>
</title>
<meta http-equiv="Content-Type" content="text/html;charset=utf-8" />
  <meta name='ocr-system' content='tesseract 3.04.00' />
  <meta name='ocr-capabilities' content='ocr_page ocr_carea ocr_par ocr_line ocrx_word'/>
</head>
<body>
  <div class='ocr_page' id='page_1' title='image "./operaomniasixtiv10bonauoft/operaomniasixtiv10bonauoft_0547.png"; bbox 0 0 2634 3853; ppageno 0'>
   <div class='ocr_carea' id='block_1_1' title="bbox 17 308 27 855">
    <p class='ocr_par' dir='ltr' id='par_1_1' title="bbox 17 308 27 855">
     <span class='ocr_line' id='line_1_1' title="bbox 17 308 27 855; baseline 0 0"><span class='ocrx_word' id='word_1_1' title='bbox 17 308 27 855; x_wconf 95' lang='lat' dir='ltr'> </span> 
     </span>
    </p>
   </div>
   <div class='ocr_carea' id='block_1_2' title="bbox 0 0 40 2022">
    <p class='ocr_par' dir='ltr' id='par_1_2' title="bbox 0 0 40 2022">
     <span class='ocr_line' id='line_1_2' title="bbox 0 0 40 2022; baseline 0 0"><span class='ocrx_word' id='word_1_2' title='bbox 0 0 40 2022; x_wconf 95' lang='lat' dir='ltr'> </span> 
     </span>
    </p>
   </div>
   <div class='ocr_carea' id='block_1_3' title="bbox 1019 145 1622 190">
    <p class='ocr_par' dir='ltr' id='par_1_3' title="bbox 1019 145 1622 190">
     <span class='ocr_line' id='line_1_3' title="bbox 1019 145 1622 190; baseline 0.007 -4"><span class='ocrx_word' id='word_1_3' title='bbox 1019 145 1293 186; x_wconf 86' lang='lat' dir='ltr'>EXPOSlTlO</span> <span class='ocrx_word' id='word_1_4' title='bbox 1325 145 1377 186; x_wconf 92' lang='lat' dir='ltr'>IN</span> <span class='ocrx_word' id='word_1_5' title='bbox 1409 148 1522 189; x_wconf 87' lang='lat' dir='ltr'>CAP.</span> <span class='ocrx_word' id='word_1_6' title='bbox 1555 149 1622 190; x_wconf 89' lang='lat' dir='ltr'>Xl.</span> 
     </span>
    </p>
   </div>
   <div class='ocr_carea' id='block_1_4' title="bbox 241 230 1286 3177">
    <p class='ocr_par' dir='ltr' id='par_1_4' title="bbox 241 230 1286 2820">
     <span class='ocr_line' id='line_1_4' title="bbox 259 230 1286 286; baseline -0.003 -10"><span class='ocrx_word' id='word_1_7' title='bbox 259 245 408 286; x_wconf 84' lang='lat' dir='ltr'>regna.</span> <span class='ocrx_word' id='word_1_8' title='bbox 441 247 460 270; x_wconf 80' lang='lat'>›)</span> <span class='ocrx_word' id='word_1_9' title='bbox 486 230 560 274; x_wconf 89' lang='lat' dir='ltr'>Vel</span> <span class='ocrx_word' id='word_1_10' title='bbox 591 233 713 285; x_wconf 87' lang='lat' dir='ltr'>quia,</span> <span class='ocrx_word' id='word_1_11' title='bbox 749 235 796 272; x_wconf 91' lang='lat' dir='ltr'>ut</span> <span class='ocrx_word' id='word_1_12' title='bbox 830 233 927 274; x_wconf 88' lang='lat' dir='ltr'>dicit</span> <span class='ocrx_word' id='word_1_13' title='bbox 954 233 1093 275; x_wconf 89' lang='lat' dir='ltr'>Beda:</span> <span class='ocrx_word' id='word_1_14' title='bbox 1123 249 1142 272; x_wconf 81' lang='grc' dir='ltr'>α</span> <span class='ocrx_word' id='word_1_15' title='bbox 1171 233 1286 274; x_wconf 89' lang='lat' dir='ltr'>Sicut</span> 
     </span>
     <span class='ocr_line' id='line_1_5' title="bbox 259 303 1280 357; baseline -0.001 -13"><span class='ocrx_word' id='word_1_16' title='bbox 259 305 383 357; x_wconf 90' lang='lat' dir='ltr'>piscis</span> <span class='ocrx_word' id='word_1_17' title='bbox 424 303 503 343; x_wconf 92' lang='lat' dir='ltr'>sub</span> <span class='ocrx_word' id='word_1_18' title='bbox 539 305 787 355; x_wconf 89' lang='lat' dir='ltr'>tegumento</span> <span class='ocrx_word' id='word_1_19' title='bbox 824 316 1035 357; x_wconf 88' lang='lat' dir='ltr'>aquarum</span> <span class='ocrx_word' id='word_1_20' title='bbox 1071 305 1280 355; x_wconf 81' lang='lat' dir='ltr'>nascitur,</span> 
     </span>
     <span class='ocr_line' id='line_1_6' title="bbox 260 374 1284 425; baseline -0.002 -9"><span class='ocrx_word' id='word_1_21' title='bbox 260 376 386 424; x_wconf 88' lang='lat' dir='ltr'>vivit,</span> <span class='ocrx_word' id='word_1_22' title='bbox 409 376 449 414; x_wconf 89' lang='lat' dir='ltr'>et</span> <span class='ocrx_word' id='word_1_23' title='bbox 469 374 612 425; x_wconf 90' lang='lat' dir='ltr'>alitur;</span> <span class='ocrx_word' id='word_1_24' title='bbox 635 375 692 415; x_wconf 93' lang='lat' dir='ltr'>sic</span> <span class='ocrx_word' id='word_1_25' title='bbox 711 376 813 416; x_wconf 88' lang='lat' dir='ltr'>fides</span> <span class='ocrx_word' id='word_1_26' title='bbox 835 376 1018 416; x_wconf 82' lang='lat' dir='ltr'>trahitur</span> <span class='ocrx_word' id='word_1_27' title='bbox 1040 376 1090 416; x_wconf 93' lang='lat' dir='ltr'>de</span> <span class='ocrx_word' id='word_1_28' title='bbox 1111 375 1284 415; x_wconf 87' lang='lat' dir='ltr'>occultis</span> 
     </span>
     <span class='ocr_line' id='line_1_7' title="bbox 258 444 1286 497; baseline -0.001 -12"><span class='ocrx_word' id='word_1_29' title='bbox 258 444 488 497; x_wconf 81' lang='lat' dir='ltr'>scripturis,</span> <span class='ocrx_word' id='word_1_30' title='bbox 504 447 544 485; x_wconf 89' lang='lat' dir='ltr'>et</span> <span class='ocrx_word' id='word_1_31' title='bbox 565 445 615 485; x_wconf 86' lang='lat' dir='ltr'>de</span> <span class='ocrx_word' id='word_1_32' title='bbox 634 445 807 485; x_wconf 90' lang='lat' dir='ltr'>occultis</span> <span class='ocrx_word' id='word_1_33' title='bbox 827 447 902 495; x_wconf 99' lang='grc' dir='ltr'>θεῖ,</span> <span class='ocrx_word' id='word_1_34' title='bbox 920 447 960 485; x_wconf 88' lang='grc' dir='ltr'>θῖ</span> <span class='ocrx_word' id='word_1_35' title='bbox 979 445 1152 485; x_wconf 83' lang='lat' dir='ltr'>occulta.</span> <span class='ocrx_word' id='word_1_36' title='bbox 1168 444 1286 485; x_wconf 88' lang='lat' dir='ltr'>Unde</span> 
     </span>
     <span class='ocr_line' id='line_1_8' title="bbox 257 515 1282 568; baseline 0 -13"><span class='ocrx_word' id='word_1_37' title='bbox 257 515 309 556; x_wconf 88' lang='lat' dir='ltr'>ad</span> <span class='ocrx_word' id='word_1_38' title='bbox 336 515 528 557; x_wconf 77' lang='lat' dir='ltr'>Hebroeos</span> <span class='ocrx_word' id='word_1_39' title='bbox 550 520 588 556; x_wconf 90' lang='grc'>1;</span> <span class='ocrx_word' id='word_1_40' title='bbox 617 530 636 553; x_wconf 88' lang='lat'>«</span> <span class='ocrx_word' id='word_1_41' title='bbox 662 515 732 556; x_wconf 85' lang='lat' dir='ltr'>Est</span> <span class='ocrx_word' id='word_1_42' title='bbox 757 518 897 555; x_wconf 90' lang='lat' dir='ltr'>autem</span> <span class='ocrx_word' id='word_1_43' title='bbox 927 515 1030 555; x_wconf 87' lang='lat' dir='ltr'>fides</span> <span class='ocrx_word' id='word_1_44' title='bbox 1056 515 1282 568; x_wconf 84' lang='lat' dir='ltr'>speranda-</span> 
     </span>
     <span class='ocr_line' id='line_1_9' title="bbox 256 587 1284 637; baseline -0.002 -11"><span class='ocrx_word' id='word_1_45' title='bbox 256 598 354 627; x_wconf 85' lang='lat' dir='ltr'>rum</span> <span class='ocrx_word' id='word_1_46' title='bbox 386 587 619 627; x_wconf 88' lang='lat' dir='ltr'>substantia</span> <span class='ocrx_word' id='word_1_47' title='bbox 653 598 822 635; x_wconf 90' lang='lat' dir='ltr'>rerum,</span> <span class='ocrx_word' id='word_1_48' title='bbox 860 589 1166 637; x_wconf 77' lang='lat' dir='ltr'>argumentum</span> <span class='ocrx_word' id='word_1_49' title='bbox 1198 597 1284 625; x_wconf 91' lang='lat' dir='ltr'>non</span> 
     </span>
     <span class='ocr_line' id='line_1_10' title="bbox 256 655 1283 709; baseline -0.001 -13"><span class='ocrx_word' id='word_1_50' title='bbox 256 657 563 709; x_wconf 89' lang='lat' dir='ltr'>apparentium.</span> <span class='ocrx_word' id='word_1_51' title='bbox 592 672 611 694; x_wconf 88' lang='lat'>»</span> <span class='ocrx_word' id='word_1_52' title='bbox 646 656 773 707; x_wconf 89' lang='lat' dir='ltr'>Huic,</span> <span class='ocrx_word' id='word_1_53' title='bbox 806 656 912 696; x_wconf 89' lang='lat' dir='ltr'>sicut</span> <span class='ocrx_word' id='word_1_54' title='bbox 942 656 1040 696; x_wconf 89' lang='lat' dir='ltr'>dicit</span> <span class='ocrx_word' id='word_1_55' title='bbox 1072 655 1283 708; x_wconf 87' lang='lat' dir='ltr'>Augusti-</span> 
     </span>
     <span class='ocr_line' id='line_1_11' title="bbox 255 727 1283 779; baseline -0.001 -12"><span class='ocrx_word' id='word_1_56' title='bbox 255 739 337 768; x_wconf 88' lang='lat' dir='ltr'>nus</span> <span class='ocrx_word' id='word_1_57' title='bbox 357 730 393 777; x_wconf 86' lang='lat'>²‚</span> <span class='ocrx_word' id='word_1_58' title='bbox 428 727 662 768; x_wconf 88' lang='lat' dir='ltr'>contrarius</span> <span class='ocrx_word' id='word_1_59' title='bbox 696 730 756 767; x_wconf 89' lang='grc' dir='ltr'>θεῖ</span> <span class='ocrx_word' id='word_1_60' title='bbox 786 738 976 779; x_wconf 80' lang='lat' dir='ltr'>serpens,</span> <span class='ocrx_word' id='word_1_61' title='bbox 1013 727 1089 779; x_wconf 85' lang='lat' dir='ltr'>qui</span> <span class='ocrx_word' id='word_1_62' title='bbox 1121 729 1168 767; x_wconf 88' lang='lat' dir='ltr'>ut</span> <span class='ocrx_word' id='word_1_63' title='bbox 1197 738 1283 766; x_wconf 88' lang='lat' dir='ltr'>non</span> 
     </span>
     <span class='ocr_line' id='line_1_12' title="bbox 255 796 1279 849; baseline -0.001 -12"><span class='ocrx_word' id='word_1_64' title='bbox 255 797 495 837; x_wconf 74' lang='lat' dir='ltr'><strong>crederetur</strong></span> <span class='ocrx_word' id='word_1_65' title='bbox 520 797 626 845; x_wconf 85' lang='lat' dir='ltr'>Deo,</span> <span class='ocrx_word' id='word_1_66' title='bbox 658 808 871 838; x_wconf 85' lang='lat' dir='ltr'>venenosa</span> <span class='ocrx_word' id='word_1_67' title='bbox 890 797 1038 838; x_wconf 84' lang='lat' dir='ltr'>fraude</span> <span class='ocrx_word' id='word_1_68' title='bbox 1058 796 1279 849; x_wconf 76' lang='lat' dir='ltr'><strong>persuasit.</strong></span> 
     </span>
     <span class='ocr_line' id='line_1_13' title="bbox 255 868 1276 922; baseline -0.003 -13"><span class='ocrx_word' id='word_1_69' title='bbox 255 868 371 909; x_wconf 88' lang='lat' dir='ltr'>Unde</span> <span class='ocrx_word' id='word_1_70' title='bbox 392 868 663 910; x_wconf 66' lang='lat' dir='ltr'>Ecclesiasces</span> <span class='ocrx_word' id='word_1_71' title='bbox 680 869 718 907; x_wconf 80' lang='lat'>³:</span> <span class='ocrx_word' id='word_1_72' title='bbox 741 883 759 906; x_wconf 74' lang='grc' dir='ltr'>α</span> <span class='ocrx_word' id='word_1_73' title='bbox 781 868 860 917; x_wconf 82' lang='lat' dir='ltr'>Qui</span> <span class='ocrx_word' id='word_1_74' title='bbox 881 869 1051 921; x_wconf 90' lang='lat' dir='ltr'>dissipat</span> <span class='ocrx_word' id='word_1_75' title='bbox 1071 881 1235 922; x_wconf 82' lang='lat' dir='ltr'>sepem,</span> <span class='ocrx_word' id='word_1_76' title='bbox 1257 883 1276 906; x_wconf 81' lang='lat'>›)</span> 
     </span>
     <span class='ocr_line' id='line_1_14' title="bbox 253 939 1283 992; baseline 0.002 -13"><span class='ocrx_word' id='word_1_77' title='bbox 253 939 296 980; x_wconf 93' lang='lat' dir='ltr'>id</span> <span class='ocrx_word' id='word_1_78' title='bbox 316 942 390 989; x_wconf 88' lang='lat' dir='ltr'>est,</span> <span class='ocrx_word' id='word_1_79' title='bbox 412 939 698 980; x_wconf 87' lang='lat' dir='ltr'>defensionem</span> <span class='ocrx_word' id='word_1_80' title='bbox 718 952 846 980; x_wconf 80' lang='lat' dir='ltr'>sacrae</span> <span class='ocrx_word' id='word_1_81' title='bbox 866 939 1110 992; x_wconf 78' lang='lat' dir='ltr'>Scripturae,</span> <span class='ocrx_word' id='word_1_82' title='bbox 1134 955 1152 978; x_wconf 74' lang='grc' dir='ltr'>α</span> <span class='ocrx_word' id='word_1_83' title='bbox 1172 953 1283 981; x_wconf 90' lang='lat' dir='ltr'>mor-</span> 
     </span>
     <span class='ocr_line' id='line_1_15' title="bbox 253 1009 1281 1058; baseline 0.002 -8"><span class='ocrx_word' id='word_1_84' title='bbox 253 1009 365 1050; x_wconf 83' lang='lat' dir='ltr'>debit</span> <span class='ocrx_word' id='word_1_85' title='bbox 384 1021 481 1050; x_wconf 91' lang='lat' dir='ltr'>eum</span> <span class='ocrx_word' id='word_1_86' title='bbox 502 1010 688 1058; x_wconf 81' lang='lat' dir='ltr'>coluber,</span> <span class='ocrx_word' id='word_1_87' title='bbox 711 1024 729 1047; x_wconf 75' lang='lat' dir='ltr'>n</span> <span class='ocrx_word' id='word_1_88' title='bbox 750 1010 792 1050; x_wconf 94' lang='lat' dir='ltr'>id</span> <span class='ocrx_word' id='word_1_89' title='bbox 809 1013 871 1050; x_wconf 89' lang='lat' dir='ltr'>est</span> <span class='ocrx_word' id='word_1_90' title='bbox 884 1010 1106 1051; x_wconf 85' lang='lat' dir='ltr'>infidelitas</span> <span class='ocrx_word' id='word_1_91' title='bbox 1126 1012 1281 1052; x_wconf 81' lang='lat' dir='ltr'>erroris</span> 
     </span>
     <span class='ocr_line' id='line_1_16' title="bbox 254 1080 1281 1134; baseline 0.003 -14"><span class='ocrx_word' id='word_1_92' title='bbox 254 1080 459 1121; x_wconf 83' lang='lat' dir='ltr'>diabolici.</span> <span class='ocrx_word' id='word_1_93' title='bbox 482 1080 605 1121; x_wconf 88' lang='lat' dir='ltr'>Recte</span> <span class='ocrx_word' id='word_1_94' title='bbox 626 1081 748 1120; x_wconf 86' lang='lat' dir='ltr'>etiam</span> <span class='ocrx_word' id='word_1_95' title='bbox 777 1093 851 1133; x_wconf 87' lang='lat' dir='ltr'>per</span> <span class='ocrx_word' id='word_1_96' title='bbox 876 1093 1005 1122; x_wconf 89' lang='lat' dir='ltr'>ovum</span> <span class='ocrx_word' id='word_1_97' title='bbox 1030 1082 1281 1134; x_wconf 80' lang='lat' dir='ltr'>intelligitur</span> 
     </span>
     <span class='ocr_line' id='line_1_17' title="bbox 257 1150 1277 1203; baseline 0.003 -13"><span class='ocrx_word' id='word_1_98' title='bbox 257 1161 370 1203; x_wconf 82' lang='lat' dir='ltr'>spes;</span> <span class='ocrx_word' id='word_1_99' title='bbox 401 1150 515 1191; x_wconf 86' lang='lat' dir='ltr'>unde</span> <span class='ocrx_word' id='word_1_100' title='bbox 543 1151 846 1202; x_wconf 64' lang='lat' dir='ltr'>Augustinus⁴</span> <span class='ocrx_word' id='word_1_101' title='bbox 872 1166 881 1191; x_wconf 79' lang='lat'>2</span> <span class='ocrx_word' id='word_1_102' title='bbox 914 1167 932 1188; x_wconf 76' lang='grc' dir='ltr'>α</span> <span class='ocrx_word' id='word_1_103' title='bbox 962 1152 1065 1203; x_wconf 84' lang='lat' dir='ltr'>Spes</span> <span class='ocrx_word' id='word_1_104' title='bbox 1097 1152 1141 1191; x_wconf 88' lang='lat' dir='ltr'>in</span> <span class='ocrx_word' id='word_1_105' title='bbox 1172 1165 1277 1203; x_wconf 84' lang='lat' dir='ltr'>ovo,</span> 
     </span>
     <span class='ocr_line' id='line_1_18' title="bbox 252 1221 1276 1279; baseline 0.002 -18"><span class='ocrx_word' id='word_1_106' title='bbox 252 1221 352 1273; x_wconf 89' lang='lat' dir='ltr'>quia</span> <span class='ocrx_word' id='word_1_107' title='bbox 369 1221 457 1261; x_wconf 90' lang='lat' dir='ltr'>vita</span> <span class='ocrx_word' id='word_1_108' title='bbox 484 1221 590 1279; x_wconf 86' lang='lat' dir='ltr'>pulli</span> <span class='ocrx_word' id='word_1_109' title='bbox 616 1221 806 1262; x_wconf 89' lang='lat' dir='ltr'>nondum</span> <span class='ocrx_word' id='word_1_110' title='bbox 827 1223 908 1270; x_wconf 87' lang='grc' dir='ltr'>θεῖ,</span> <span class='ocrx_word' id='word_1_111' title='bbox 932 1222 1002 1262; x_wconf 91' lang='lat' dir='ltr'>sed</span> <span class='ocrx_word' id='word_1_112' title='bbox 1029 1223 1172 1262; x_wconf 88' lang='lat' dir='ltr'>futura</span> <span class='ocrx_word' id='word_1_113' title='bbox 1193 1226 1276 1273; x_wconf 88' lang='lat' dir='ltr'>est,</span> 
     </span>
     <span class='ocr_line' id='line_1_19' title="bbox 251 1291 1279 1345; baseline 0.004 -16"><span class='ocrx_word' id='word_1_114' title='bbox 251 1302 328 1330; x_wconf 84' lang='lat' dir='ltr'>nec</span> <span class='ocrx_word' id='word_1_115' title='bbox 342 1292 432 1342; x_wconf 73' lang='lat' dir='ltr'>Jam</span> <span class='ocrx_word' id='word_1_116' title='bbox 452 1291 634 1340; x_wconf 83' lang='lat' dir='ltr'>videtur,</span> <span class='ocrx_word' id='word_1_117' title='bbox 657 1291 727 1331; x_wconf 88' lang='lat' dir='ltr'>sed</span> <span class='ocrx_word' id='word_1_118' title='bbox 747 1291 886 1331; x_wconf 89' lang='lat' dir='ltr'>adhuc</span> <span class='ocrx_word' id='word_1_119' title='bbox 907 1295 1121 1344; x_wconf 85' lang='lat' dir='ltr'>speratur:</span> <span class='ocrx_word' id='word_1_120' title='bbox 1146 1308 1165 1331; x_wconf 88' lang='lat'>«</span> <span class='ocrx_word' id='word_1_121' title='bbox 1186 1305 1279 1345; x_wconf 89' lang='lat' dir='ltr'>spes</span> 
     </span>
     <span class='ocr_line' id='line_1_20' title="bbox 250 1360 1280 1414; baseline 0.004 -14"><span class='ocrx_word' id='word_1_122' title='bbox 250 1360 365 1400; x_wconf 88' lang='lat' dir='ltr'>enim</span> <span class='ocrx_word' id='word_1_123' title='bbox 390 1360 441 1412; x_wconf 84' lang='lat' dir='ltr'>(a)</span> <span class='ocrx_word' id='word_1_124' title='bbox 470 1372 566 1413; x_wconf 82' lang='lat' dir='ltr'>quae</span> <span class='ocrx_word' id='word_1_125' title='bbox 591 1360 772 1410; x_wconf 86' lang='lat' dir='ltr'>videtur,</span> <span class='ocrx_word' id='word_1_126' title='bbox 797 1373 881 1401; x_wconf 87' lang='lat' dir='ltr'>non</span> <span class='ocrx_word' id='word_1_127' title='bbox 904 1364 964 1401; x_wconf 87' lang='lat' dir='ltr'>est</span> <span class='ocrx_word' id='word_1_128' title='bbox 992 1374 1106 1414; x_wconf 83' lang='lat' dir='ltr'>spes,</span> <span class='ocrx_word' id='word_1_129' title='bbox 1130 1378 1148 1399; x_wconf 86' lang='lat'>»</span> <span class='ocrx_word' id='word_1_130' title='bbox 1174 1364 1280 1404; x_wconf 88' lang='lat' dir='ltr'>sicut</span> 
     </span>
     <span class='ocr_line' id='line_1_21' title="bbox 249 1429 1277 1484; baseline 0.002 -14"><span class='ocrx_word' id='word_1_131' title='bbox 249 1429 402 1470; x_wconf 89' lang='lat' dir='ltr'>dicitur</span> <span class='ocrx_word' id='word_1_132' title='bbox 421 1435 455 1480; x_wconf 76' lang='grc' dir='ltr'>ις;</span> <span class='ocrx_word' id='word_1_133' title='bbox 477 1432 517 1470; x_wconf 88' lang='grc' dir='ltr'>θῖ</span> <span class='ocrx_word' id='word_1_134' title='bbox 537 1429 636 1481; x_wconf 87' lang='lat' dir='ltr'>quia</span> <span class='ocrx_word' id='word_1_135' title='bbox 654 1429 698 1468; x_wconf 89' lang='lat' dir='ltr'>in</span> <span class='ocrx_word' id='word_1_136' title='bbox 718 1441 799 1470; x_wconf 88' lang='lat' dir='ltr'>ovo</span> <span class='ocrx_word' id='word_1_137' title='bbox 819 1430 960 1481; x_wconf 87' lang='lat' dir='ltr'>pullus</span> <span class='ocrx_word' id='word_1_138' title='bbox 977 1434 1039 1470; x_wconf 85' lang='lat' dir='ltr'>est</span> <span class='ocrx_word' id='word_1_139' title='bbox 1059 1432 1277 1484; x_wconf 87' lang='lat' dir='ltr'>imperfec—</span> 
     </span>
     <span class='ocr_line' id='line_1_22' title="bbox 249 1499 1275 1554; baseline 0.003 -15"><span class='ocrx_word' id='word_1_140' title='bbox 249 1502 338 1550; x_wconf 89' lang='lat' dir='ltr'>tus,</span> <span class='ocrx_word' id='word_1_141' title='bbox 360 1499 433 1552; x_wconf 87' lang='lat' dir='ltr'>qui</span> <span class='ocrx_word' id='word_1_142' title='bbox 452 1500 555 1540; x_wconf 91' lang='lat' dir='ltr'>dum</span> <span class='ocrx_word' id='word_1_143' title='bbox 575 1499 806 1552; x_wconf 84' lang='lat' dir='ltr'>perficitur,</span> <span class='ocrx_word' id='word_1_144' title='bbox 829 1502 934 1540; x_wconf 83' lang='lat' dir='ltr'>testa</span> <span class='ocrx_word' id='word_1_145' title='bbox 954 1501 1023 1541; x_wconf 92' lang='lat' dir='ltr'>ovi</span> <span class='ocrx_word' id='word_1_146' title='bbox 1046 1501 1275 1554; x_wconf 80' lang='lat' dir='ltr'>frangitur.</span> 
     </span>
     <span class='ocr_line' id='line_1_23' title="bbox 249 1569 1277 1623; baseline 0.004 -13"><span class='ocrx_word' id='word_1_147' title='bbox 249 1569 317 1610; x_wconf 89' lang='lat' dir='ltr'>Sic</span> <span class='ocrx_word' id='word_1_148' title='bbox 331 1571 417 1622; x_wconf 91' lang='lat' dir='ltr'>spei</span> <span class='ocrx_word' id='word_1_149' title='bbox 436 1570 619 1610; x_wconf 80' lang='lat' dir='ltr'>succedit</span> <span class='ocrx_word' id='word_1_150' title='bbox 636 1571 906 1611; x_wconf 80' lang='lat' dir='ltr'>beatitudinis</span> <span class='ocrx_word' id='word_1_151' title='bbox 922 1572 1141 1623; x_wconf 83' lang='lat' dir='ltr'>perfectio;</span> <span class='ocrx_word' id='word_1_152' title='bbox 1165 1574 1277 1614; x_wconf 88' lang='lat' dir='ltr'>unde</span> 
     </span>
     <span class='ocr_line' id='line_1_24' title="bbox 249 1640 1277 1694; baseline 0.002 -14"><span class='ocrx_word' id='word_1_153' title='bbox 249 1641 481 1693; x_wconf 78' lang='lat' dir='ltr'>Apostolus</span> <span class='ocrx_word' id='word_1_154' title='bbox 498 1641 511 1662; x_wconf 80' lang='lat'><strong>⁶</strong></span> <span class='ocrx_word' id='word_1_155' title='bbox 530 1656 538 1681; x_wconf 73' lang='grc' dir='ltr'>ε</span> <span class='ocrx_word' id='word_1_156' title='bbox 568 1655 586 1678; x_wconf 86' lang='lat'>«</span> <span class='ocrx_word' id='word_1_157' title='bbox 605 1640 708 1681; x_wconf 90' lang='lat' dir='ltr'>Cum</span> <span class='ocrx_word' id='word_1_158' title='bbox 727 1641 891 1681; x_wconf 88' lang='lat' dir='ltr'>venerit</span> <span class='ocrx_word' id='word_1_159' title='bbox 909 1642 1021 1693; x_wconf 86' lang='lat' dir='ltr'>quod</span> <span class='ocrx_word' id='word_1_160' title='bbox 1046 1643 1277 1694; x_wconf 85' lang='lat' dir='ltr'>perfectum</span> 
     </span>
     <span class='ocr_line' id='line_1_25' title="bbox 248 1712 1274 1764; baseline 0.001 -12"><span class='ocrx_word' id='word_1_161' title='bbox 248 1714 329 1761; x_wconf 84' lang='lat' dir='ltr'>est,</span> <span class='ocrx_word' id='word_1_162' title='bbox 353 1712 629 1753; x_wconf 75' lang='lat' dir='ltr'>evacuabitur</span> <span class='ocrx_word' id='word_1_163' title='bbox 657 1712 770 1764; x_wconf 81' lang='lat' dir='ltr'>quod</span> <span class='ocrx_word' id='word_1_164' title='bbox 790 1724 844 1752; x_wconf 91' lang='lat' dir='ltr'>ex</span> <span class='ocrx_word' id='word_1_165' title='bbox 861 1715 978 1764; x_wconf 87' lang='lat' dir='ltr'>parte</span> <span class='ocrx_word' id='word_1_166' title='bbox 1003 1715 1078 1753; x_wconf 89' lang='grc' dir='ltr'>θεῖ.</span> <span class='ocrx_word' id='word_1_167' title='bbox 1100 1728 1119 1750; x_wconf 85' lang='grc'>»</span> <span class='ocrx_word' id='word_1_168' title='bbox 1146 1713 1274 1762; x_wconf 84' lang='lat' dir='ltr'>Huic,</span> 
     </span>
     <span class='ocr_line' id='line_1_26' title="bbox 246 1782 1272 1835; baseline 0 -13"><span class='ocrx_word' id='word_1_169' title='bbox 246 1785 296 1823; x_wconf 91' lang='lat' dir='ltr'>ut</span> <span class='ocrx_word' id='word_1_170' title='bbox 315 1782 414 1822; x_wconf 88' lang='lat' dir='ltr'>dicit</span> <span class='ocrx_word' id='word_1_171' title='bbox 430 1782 701 1834; x_wconf 80' lang='lat' dir='ltr'>Augustinus</span> <span class='ocrx_word' id='word_1_172' title='bbox 715 1787 745 1832; x_wconf 84' lang='lat'>⁷,</span> <span class='ocrx_word' id='word_1_173' title='bbox 759 1782 995 1823; x_wconf 89' lang='lat' dir='ltr'>contrarius</span> <span class='ocrx_word' id='word_1_174' title='bbox 1014 1785 1076 1823; x_wconf 90' lang='lat' dir='ltr'>est</span> <span class='ocrx_word' id='word_1_175' title='bbox 1094 1783 1272 1835; x_wconf 78' lang='lat' dir='ltr'>scorpio,</span> 
     </span>
     <span class='ocr_line' id='line_1_27' title="bbox 247 1852 1276 1906; baseline 0.001 -14"><span class='ocrx_word' id='word_1_176' title='bbox 247 1852 290 1894; x_wconf 89' lang='lat' dir='ltr'>id</span> <span class='ocrx_word' id='word_1_177' title='bbox 310 1855 393 1904; x_wconf 83' lang='lat' dir='ltr'>est,</span> <span class='ocrx_word' id='word_1_178' title='bbox 422 1853 675 1906; x_wconf 81' lang='lat' dir='ltr'>desperatio,</span> <span class='ocrx_word' id='word_1_179' title='bbox 699 1866 795 1906; x_wconf 87' lang='lat' dir='ltr'>quae</span> <span class='ocrx_word' id='word_1_180' title='bbox 823 1854 919 1893; x_wconf 86' lang='lat' dir='ltr'>facit</span> <span class='ocrx_word' id='word_1_181' title='bbox 948 1856 1180 1894; x_wconf 85' lang='lat' dir='ltr'>retrorsum</span> <span class='ocrx_word' id='word_1_182' title='bbox 1205 1866 1276 1894; x_wconf 89' lang='lat' dir='ltr'>re-</span> 
     </span>
     <span class='ocr_line' id='line_1_28' title="bbox 245 1922 1275 1976; baseline 0.001 -13"><span class='ocrx_word' id='word_1_183' title='bbox 245 1922 424 1975; x_wconf 88' lang='lat' dir='ltr'>spicere,</span> <span class='ocrx_word' id='word_1_184' title='bbox 451 1926 492 1963; x_wconf 89' lang='lat' dir='ltr'>et</span> <span class='ocrx_word' id='word_1_185' title='bbox 515 1935 569 1964; x_wconf 85' lang='lat' dir='ltr'>ex</span> <span class='ocrx_word' id='word_1_186' title='bbox 587 1923 659 1963; x_wconf 91' lang='lat' dir='ltr'>illa</span> <span class='ocrx_word' id='word_1_187' title='bbox 674 1926 790 1975; x_wconf 87' lang='lat' dir='ltr'>parte</span> <span class='ocrx_word' id='word_1_188' title='bbox 814 1926 948 1964; x_wconf 86' lang='lat' dir='ltr'>nocet.</span> <span class='ocrx_word' id='word_1_189' title='bbox 972 1923 1145 1976; x_wconf 85' lang='lat' dir='ltr'>Scorpio</span> <span class='ocrx_word' id='word_1_190' title='bbox 1163 1925 1275 1964; x_wconf 86' lang='lat' dir='ltr'>enim</span> 
     </span>
     <span class='ocr_line' id='line_1_29' title="bbox 245 1993 1276 2046; baseline 0.001 -12"><span class='ocrx_word' id='word_1_191' title='bbox 245 2005 299 2034; x_wconf 88' lang='lat' dir='ltr'>ex</span> <span class='ocrx_word' id='word_1_192' title='bbox 319 1993 389 2033; x_wconf 89' lang='lat' dir='ltr'>illa</span> <span class='ocrx_word' id='word_1_193' title='bbox 410 1996 528 2046; x_wconf 87' lang='lat' dir='ltr'>parte</span> <span class='ocrx_word' id='word_1_194' title='bbox 546 1994 759 2035; x_wconf 87' lang='lat' dir='ltr'>cavendus</span> <span class='ocrx_word' id='word_1_195' title='bbox 777 1997 854 2044; x_wconf 89' lang='grc' dir='ltr'>θεῖ,</span> <span class='ocrx_word' id='word_1_196' title='bbox 874 1995 1077 2046; x_wconf 86' lang='lat' dir='ltr'>quoniam</span> <span class='ocrx_word' id='word_1_197' title='bbox 1097 2007 1276 2035; x_wconf 85' lang='lat' dir='ltr'>venena-</span> 
     </span>
     <span class='ocr_line' id='line_1_30' title="bbox 245 2065 1273 2107; baseline 0.004 -4"><span class='ocrx_word' id='word_1_198' title='bbox 245 2066 331 2104; x_wconf 86' lang='lat' dir='ltr'>tam</span> <span class='ocrx_word' id='word_1_199' title='bbox 356 2067 397 2104; x_wconf 91' lang='lat' dir='ltr'>et</span> <span class='ocrx_word' id='word_1_200' title='bbox 419 2065 653 2105; x_wconf 85' lang='lat' dir='ltr'>aculeatam</span> <span class='ocrx_word' id='word_1_201' title='bbox 672 2065 850 2105; x_wconf 88' lang='lat' dir='ltr'>caudam</span> <span class='ocrx_word' id='word_1_202' title='bbox 878 2068 1111 2105; x_wconf 89' lang='lat' dir='ltr'>retrorsum</span> <span class='ocrx_word' id='word_1_203' title='bbox 1130 2065 1273 2107; x_wconf 88' lang='lat' dir='ltr'>habet.</span> 
     </span>
     <span class='ocr_line' id='line_1_31' title="bbox 244 2133 1274 2186; baseline 0.001 -12"><span class='ocrx_word' id='word_1_204' title='bbox 244 2133 361 2174; x_wconf 88' lang='lat' dir='ltr'>Unde</span> <span class='ocrx_word' id='word_1_205' title='bbox 380 2134 454 2186; x_wconf 86' lang='lat' dir='ltr'>qui</span> <span class='ocrx_word' id='word_1_206' title='bbox 469 2134 621 2174; x_wconf 90' lang='lat' dir='ltr'>nititur</span> <span class='ocrx_word' id='word_1_207' title='bbox 635 2146 659 2174; x_wconf 93' lang='lat' dir='ltr'>a</span> <span class='ocrx_word' id='word_1_208' title='bbox 675 2146 747 2186; x_wconf 92' lang='lat' dir='ltr'>spe</span> <span class='ocrx_word' id='word_1_209' title='bbox 766 2135 864 2174; x_wconf 84' lang='lat' dir='ltr'>vitae</span> <span class='ocrx_word' id='word_1_210' title='bbox 882 2134 1142 2184; x_wconf 86' lang='lat' dir='ltr'>subvertere,</span> <span class='ocrx_word' id='word_1_211' title='bbox 1163 2147 1274 2176; x_wconf 83' lang='lat' dir='ltr'>scor-</span> 
     </span>
     <span class='ocr_line' id='line_1_32' title="bbox 248 2203 1276 2256; baseline 0.003 -13"><span class='ocrx_word' id='word_1_212' title='bbox 248 2203 343 2256; x_wconf 89' lang='lat' dir='ltr'>pius</span> <span class='ocrx_word' id='word_1_213' title='bbox 354 2206 429 2244; x_wconf 84' lang='lat' dir='ltr'>est.</span> <span class='ocrx_word' id='word_1_214' title='bbox 444 2203 561 2245; x_wconf 90' lang='lat' dir='ltr'>Unde</span> <span class='ocrx_word' id='word_1_215' title='bbox 577 2204 626 2244; x_wconf 90' lang='lat' dir='ltr'>ad</span> <span class='ocrx_word' id='word_1_216' title='bbox 642 2204 901 2244; x_wconf 85' lang='lat' dir='ltr'>Ezechielem</span> <span class='ocrx_word' id='word_1_217' title='bbox 922 2204 968 2256; x_wconf 80' lang='lat' dir='ltr'>(b)</span> <span class='ocrx_word' id='word_1_218' title='bbox 992 2208 1006 2229; x_wconf 73' lang='lat'><strong>⁸</strong></span> <span class='ocrx_word' id='word_1_219' title='bbox 1029 2216 1038 2243; x_wconf 91' lang='lat'><strong>:</strong></span> <span class='ocrx_word' id='word_1_220' title='bbox 1059 2221 1077 2243; x_wconf 84' lang='lat'>«</span> <span class='ocrx_word' id='word_1_221' title='bbox 1090 2204 1276 2247; x_wconf 82' lang='lat' dir='ltr'>Subver-</span> 
     </span>
     <span class='ocr_line' id='line_1_33' title="bbox 243 2275 1276 2327; baseline 0.001 -12"><span class='ocrx_word' id='word_1_222' title='bbox 243 2285 357 2315; x_wconf 88' lang='lat' dir='ltr'>sores</span> <span class='ocrx_word' id='word_1_223' title='bbox 380 2277 480 2315; x_wconf 89' lang='lat' dir='ltr'>sunt</span> <span class='ocrx_word' id='word_1_224' title='bbox 502 2277 656 2325; x_wconf 87' lang='lat' dir='ltr'>tecum,</span> <span class='ocrx_word' id='word_1_225' title='bbox 670 2278 710 2315; x_wconf 89' lang='lat' dir='ltr'>et</span> <span class='ocrx_word' id='word_1_226' title='bbox 737 2287 828 2315; x_wconf 71' lang='lat' dir='ltr'>pum</span> <span class='ocrx_word' id='word_1_227' title='bbox 848 2275 1139 2327; x_wconf 84' lang='lat' dir='ltr'>scorpionibus</span> <span class='ocrx_word' id='word_1_228' title='bbox 1157 2276 1276 2316; x_wconf 89' lang='lat' dir='ltr'>habi-</span> 
     </span>
     <span class='ocr_line' id='line_1_34' title="bbox 243 2344 1272 2398; baseline 0 -14"><span class='ocrx_word' id='word_1_229' title='bbox 243 2347 321 2384; x_wconf 86' lang='lat' dir='ltr'>tas.</span> <span class='ocrx_word' id='word_1_230' title='bbox 341 2359 361 2382; x_wconf 87' lang='lat'>»</span> <span class='ocrx_word' id='word_1_231' title='bbox 383 2344 455 2384; x_wconf 86' lang='lat' dir='ltr'>Est</span> <span class='ocrx_word' id='word_1_232' title='bbox 473 2345 609 2395; x_wconf 83' lang='lat' dir='ltr'>igitur</span> <span class='ocrx_word' id='word_1_233' title='bbox 629 2356 776 2385; x_wconf 90' lang='lat' dir='ltr'>sensus</span> <span class='ocrx_word' id='word_1_234' title='bbox 798 2345 915 2385; x_wconf 86' lang='lat' dir='ltr'>verbi</span> <span class='ocrx_word' id='word_1_235' title='bbox 938 2345 1139 2397; x_wconf 87' lang='lat' dir='ltr'>propositi</span> <span class='ocrx_word' id='word_1_236' title='bbox 1152 2346 1272 2398; x_wconf 91' lang='lat' dir='ltr'>spiri-</span> 
     </span>
     <span class='ocr_line' id='line_1_35' title="bbox 243 2402 1271 2468; baseline 0.002 -14"><span class='ocrx_word' id='word_1_237' title='bbox 243 2402 392 2465; x_wconf 88' lang='lat' dir='ltr'>tualis,</span> <span class='ocrx_word' id='word_1_238' title='bbox 415 2415 527 2467; x_wconf 88' lang='lat' dir='ltr'>quod</span> <span class='ocrx_word' id='word_1_239' title='bbox 552 2415 586 2455; x_wconf 89' lang='lat' dir='ltr'>si</span> <span class='ocrx_word' id='word_1_240' title='bbox 613 2416 708 2467; x_wconf 90' lang='lat' dir='ltr'>quis</span> <span class='ocrx_word' id='word_1_241' title='bbox 729 2418 841 2468; x_wconf 91' lang='lat' dir='ltr'>petat</span> <span class='ocrx_word' id='word_1_242' title='bbox 869 2427 1021 2467; x_wconf 89' lang='lat' dir='ltr'>panem</span> <span class='ocrx_word' id='word_1_243' title='bbox 1042 2415 1271 2467; x_wconf 82' lang='lat' dir='ltr'>charitatis,</span> 
     </span>
     <span class='ocr_line' id='line_1_36' title="bbox 243 2483 1273 2537; baseline 0 -12"><span class='ocrx_word' id='word_1_244' title='bbox 243 2483 310 2525; x_wconf 91' lang='lat' dir='ltr'>vel</span> <span class='ocrx_word' id='word_1_245' title='bbox 318 2484 490 2536; x_wconf 91' lang='lat' dir='ltr'>piscem,</span> <span class='ocrx_word' id='word_1_246' title='bbox 502 2485 654 2525; x_wconf 88' lang='lat' dir='ltr'>scilicet</span> <span class='ocrx_word' id='word_1_247' title='bbox 664 2485 776 2535; x_wconf 87' lang='lat' dir='ltr'>fidei,</span> <span class='ocrx_word' id='word_1_248' title='bbox 790 2487 830 2525; x_wconf 90' lang='lat' dir='ltr'>et</span> <span class='ocrx_word' id='word_1_249' title='bbox 843 2496 975 2525; x_wconf 91' lang='lat' dir='ltr'>ovum</span> <span class='ocrx_word' id='word_1_250' title='bbox 986 2485 1088 2537; x_wconf 88' lang='lat' dir='ltr'>spei,</span> <span class='ocrx_word' id='word_1_251' title='bbox 1106 2485 1221 2525; x_wconf 87' lang='lat' dir='ltr'>dabit</span> <span class='ocrx_word' id='word_1_252' title='bbox 1235 2485 1273 2525; x_wconf 91' lang='lat' dir='ltr'>ei</span> 
     </span>
     <span class='ocr_line' id='line_1_37' title="bbox 243 2555 1273 2608; baseline 0 -12"><span class='ocrx_word' id='word_1_253' title='bbox 243 2555 367 2605; x_wconf 83' lang='lat' dir='ltr'>DeUS‚</span> <span class='ocrx_word' id='word_1_254' title='bbox 389 2558 430 2596; x_wconf 90' lang='lat' dir='ltr'>et</span> <span class='ocrx_word' id='word_1_255' title='bbox 447 2556 684 2596; x_wconf 87' lang='lat' dir='ltr'>removebit</span> <span class='ocrx_word' id='word_1_256' title='bbox 713 2556 765 2596; x_wconf 89' lang='lat' dir='ltr'>ab</span> <span class='ocrx_word' id='word_1_257' title='bbox 799 2568 848 2596; x_wconf 90' lang='lat' dir='ltr'>eo</span> <span class='ocrx_word' id='word_1_258' title='bbox 874 2556 1058 2608; x_wconf 86' lang='lat' dir='ltr'>lapidem</span> <span class='ocrx_word' id='word_1_259' title='bbox 1088 2556 1273 2597; x_wconf 91' lang='lat' dir='ltr'>obdura-</span> 
     </span>
     <span class='ocr_line' id='line_1_38' title="bbox 242 2626 1272 2680; baseline 0.002 -14"><span class='ocrx_word' id='word_1_260' title='bbox 242 2626 385 2677; x_wconf 84' lang='lat' dir='ltr'>tionis,</span> <span class='ocrx_word' id='word_1_261' title='bbox 402 2629 639 2680; x_wconf 88' lang='lat' dir='ltr'>serpentem</span> <span class='ocrx_word' id='word_1_262' title='bbox 660 2627 932 2678; x_wconf 83' lang='lat' dir='ltr'>infidelitatis‚</span> <span class='ocrx_word' id='word_1_263' title='bbox 947 2630 988 2667; x_wconf 87' lang='grc' dir='ltr'>θῖ</span> <span class='ocrx_word' id='word_1_264' title='bbox 1006 2628 1272 2680; x_wconf 87' lang='lat' dir='ltr'>scorpionem</span> 
     </span>
     <span class='ocr_line' id='line_1_39' title="bbox 242 2697 1271 2750; baseline 0.002 -13"><span class='ocrx_word' id='word_1_265' title='bbox 242 2697 568 2750; x_wconf 86' lang='lat' dir='ltr'>desperationis:</span> <span class='ocrx_word' id='word_1_266' title='bbox 590 2709 687 2750; x_wconf 81' lang='lat' dir='ltr'>quae</span> <span class='ocrx_word' id='word_1_267' title='bbox 706 2710 781 2750; x_wconf 90' lang='lat' dir='ltr'>per</span> <span class='ocrx_word' id='word_1_268' title='bbox 798 2697 991 2739; x_wconf 86' lang='lat' dir='ltr'>divinum</span> <span class='ocrx_word' id='word_1_269' title='bbox 1011 2698 1271 2750; x_wconf 77' lang='lat' dir='ltr'>adJutorium</span> 
     </span>
     <span class='ocr_line' id='line_1_40' title="bbox 241 2767 851 2820; baseline 0.002 -13"><span class='ocrx_word' id='word_1_270' title='bbox 241 2767 497 2820; x_wconf 81' lang='lat' dir='ltr'>elongantur</span> <span class='ocrx_word' id='word_1_271' title='bbox 517 2780 541 2808; x_wconf 91' lang='lat' dir='ltr'>a</span> <span class='ocrx_word' id='word_1_272' title='bbox 560 2768 663 2808; x_wconf 87' lang='lat' dir='ltr'>viris</span> <span class='ocrx_word' id='word_1_273' title='bbox 683 2768 851 2808; x_wconf 90' lang='lat' dir='ltr'>sanctis.</span> 
     </span>
    </p>

    <p class='ocr_par' dir='ltr' id='par_1_5' title="bbox 241 2839 1270 3177">
     <span class='ocr_line' id='line_1_41' title="bbox 295 2839 1269 2892; baseline 0 -12"><span class='ocrx_word' id='word_1_274' title='bbox 295 2843 360 2880; x_wconf 84' lang='grc'>13.</span> <span class='ocrx_word' id='word_1_275' title='bbox 383 2839 437 2880; x_wconf 82' lang='lat' dir='ltr'>Sz·</span> <span class='ocrx_word' id='word_1_276' title='bbox 456 2849 550 2892; x_wconf 72' lang='lat' dir='ltr'>erqo</span> <span class='ocrx_word' id='word_1_277' title='bbox 570 2849 643 2881; x_wconf 79' lang='lat' dir='ltr'>vos</span> <span class='ocrx_word' id='word_1_278' title='bbox 663 2850 757 2880; x_wconf 79' lang='lat' dir='ltr'>cum</span> <span class='ocrx_word' id='word_1_279' title='bbox 777 2839 879 2881; x_wconf 75' lang='lat' dir='ltr'>sitis</span> <span class='ocrx_word' id='word_1_280' title='bbox 899 2839 1029 2890; x_wconf 78' lang='lat' dir='ltr'>mali,</span> <span class='ocrx_word' id='word_1_281' title='bbox 1051 2842 1129 2880; x_wconf 86' lang='lat' dir='ltr'>etc.</span> <span class='ocrx_word' id='word_1_282' title='bbox 1152 2839 1269 2880; x_wconf 89' lang='lat' dir='ltr'>Post-</span> 
     </span>
     <span class='ocr_line' id='line_1_42' title="bbox 241 2911 1270 2964; baseline -0.001 -12"><span class='ocrx_word' id='word_1_283' title='bbox 241 2923 373 2964; x_wconf 86' lang='lat' dir='ltr'>quam</span> <span class='ocrx_word' id='word_1_284' title='bbox 401 2911 620 2964; x_wconf 88' lang='lat' dir='ltr'>proposuit</span> <span class='ocrx_word' id='word_1_285' title='bbox 650 2911 943 2951; x_wconf 84' lang='lat' dir='ltr'>liberalitatem</span> <span class='ocrx_word' id='word_1_286' title='bbox 965 2913 1010 2951; x_wconf 92' lang='lat' dir='ltr'>in</span> <span class='ocrx_word' id='word_1_287' title='bbox 1040 2914 1158 2964; x_wconf 87' lang='lat' dir='ltr'>parte</span> <span class='ocrx_word' id='word_1_288' title='bbox 1177 2923 1270 2951; x_wconf 90' lang='lat' dir='ltr'>car-</span> 
     </span>
     <span class='ocr_line' id='line_1_43' title="bbox 241 2982 1267 3035; baseline 0.001 -13"><span class='ocrx_word' id='word_1_289' title='bbox 241 2982 349 3033; x_wconf 87' lang='lat' dir='ltr'>nali,</span> <span class='ocrx_word' id='word_1_290' title='bbox 371 2982 580 3023; x_wconf 86' lang='lat' dir='ltr'>concludit</span> <span class='ocrx_word' id='word_1_291' title='bbox 599 2995 623 3022; x_wconf 91' lang='lat' dir='ltr'>a</span> <span class='ocrx_word' id='word_1_292' title='bbox 643 2982 808 3022; x_wconf 86' lang='lat' dir='ltr'>minore</span> <span class='ocrx_word' id='word_1_293' title='bbox 837 2982 881 3022; x_wconf 88' lang='lat' dir='ltr'>in</span> <span class='ocrx_word' id='word_1_294' title='bbox 901 2985 1018 3035; x_wconf 87' lang='lat' dir='ltr'>parte</span> <span class='ocrx_word' id='word_1_295' title='bbox 1047 2982 1267 3035; x_wconf 88' lang='lat' dir='ltr'>spirituali.</span> 
     </span>
     <span class='ocr_line' id='line_1_44' title="bbox 241 3052 1268 3105; baseline 0.001 -12"><span class='ocrx_word' id='word_1_296' title='bbox 241 3052 285 3093; x_wconf 89' lang='lat' dir='ltr'>Si</span> <span class='ocrx_word' id='word_1_297' title='bbox 310 3053 423 3093; x_wconf 85' lang='lat' dir='ltr'>enim</span> <span class='ocrx_word' id='word_1_298' title='bbox 444 3054 605 3095; x_wconf 86' lang='lat' dir='ltr'>bonum</span> <span class='ocrx_word' id='word_1_299' title='bbox 633 3056 694 3094; x_wconf 89' lang='grc' dir='ltr'>θεῖ</span> <span class='ocrx_word' id='word_1_300' title='bbox 712 3053 1139 3102; x_wconf 88' lang='lat' dir='ltr'>communicativum,</span> <span class='ocrx_word' id='word_1_301' title='bbox 1164 3065 1268 3105; x_wconf 84' lang='lat' dir='ltr'>ergo</span> 
     </span>
     <span class='ocr_line' id='line_1_45' title="bbox 241 3123 1270 3177; baseline 0.001 -14"><span class='ocrx_word' id='word_1_302' title='bbox 241 3123 380 3175; x_wconf 84' lang='lat' dir='ltr'>magis</span> <span class='ocrx_word' id='word_1_303' title='bbox 399 3124 581 3175; x_wconf 90' lang='lat' dir='ltr'>bonum,</span> <span class='ocrx_word' id='word_1_304' title='bbox 614 3124 753 3177; x_wconf 89' lang='lat' dir='ltr'>magis</span> <span class='ocrx_word' id='word_1_305' title='bbox 773 3125 1198 3175; x_wconf 87' lang='lat' dir='ltr'>communicativum;</span> <span class='ocrx_word' id='word_1_306' title='bbox 1229 3127 1270 3165; x_wconf 87' lang='lat' dir='ltr'>et</span> 
     </span>
    </p>
   </div>
   <div class='ocr_carea' id='block_1_5' title="bbox 240 3229 1267 3365">
    <p class='ocr_par' dir='ltr' id='par_1_6' title="bbox 240 3229 1267 3365">
     <span class='ocr_line' id='line_1_46' title="bbox 283 3229 1267 3273; baseline 0.004 -13"><span class='ocrx_word' id='word_1_307' title='bbox 283 3231 293 3253; x_wconf 90' lang='lat'><strong>¹</strong></span> <span class='ocrx_word' id='word_1_308' title='bbox 313 3229 425 3270; x_wconf 64' lang='lat' dir='ltr'>Helm,</span> <span class='ocrx_word' id='word_1_309' title='bbox 444 3238 493 3271; x_wconf 73' lang='lat' dir='ltr'>XI,</span> <span class='ocrx_word' id='word_1_310' title='bbox 515 3233 545 3262; x_wconf 82' lang='lat'>1.</span> <span class='ocrx_word' id='word_1_311' title='bbox 563 3249 603 3255; x_wconf 93' lang='lat'><strong>—</strong></span> <span class='ocrx_word' id='word_1_312' title='bbox 622 3232 633 3251; x_wconf 81' lang='lat'>²</span> <span class='ocrx_word' id='word_1_313' title='bbox 652 3233 751 3273; x_wconf 64' lang='lat' dir='ltr'>Aug„</span> <span class='ocrx_word' id='word_1_314' title='bbox 771 3232 836 3264; x_wconf 84' lang='lat' dir='ltr'>loc.</span> <span class='ocrx_word' id='word_1_315' title='bbox 857 3232 913 3263; x_wconf 85' lang='lat' dir='ltr'>cit.</span> <span class='ocrx_word' id='word_1_316' title='bbox 940 3249 974 3254; x_wconf 88' lang='lat'><strong>—</strong></span> <span class='ocrx_word' id='word_1_317' title='bbox 998 3232 1008 3250; x_wconf 88' lang='lat'>³</span> <span class='ocrx_word' id='word_1_318' title='bbox 1029 3231 1150 3271; x_wconf 81' lang='lat' dir='ltr'>Eccle.,</span> <span class='ocrx_word' id='word_1_319' title='bbox 1177 3240 1210 3272; x_wconf 81' lang='grc' dir='ltr'>Χ,</span> <span class='ocrx_word' id='word_1_320' title='bbox 1236 3234 1267 3264; x_wconf 90' lang='grc'>8.</span> 
     </span>
     <span class='ocr_line' id='line_1_47' title="bbox 240 3277 1267 3319; baseline 0.001 -11"><span class='ocrx_word' id='word_1_321' title='bbox 240 3294 276 3300; x_wconf 95' lang='grc'>-</span> <span class='ocrx_word' id='word_1_322' title='bbox 297 3277 309 3295; x_wconf 73' lang='lat'>⁴</span> <span class='ocrx_word' id='word_1_323' title='bbox 328 3278 427 3317; x_wconf 76' lang='lat' dir='ltr'>Aug,</span> <span class='ocrx_word' id='word_1_324' title='bbox 453 3277 519 3308; x_wconf 90' lang='lat' dir='ltr'>loc.</span> <span class='ocrx_word' id='word_1_325' title='bbox 549 3278 604 3310; x_wconf 88' lang='lat' dir='ltr'>cit.</span> <span class='ocrx_word' id='word_1_326' title='bbox 627 3296 668 3302; x_wconf 94' lang='lat'>—-</span> <span class='ocrx_word' id='word_1_327' title='bbox 692 3280 837 3318; x_wconf 31' lang='lat' dir='ltr'>⁵·R0m„</span> <span class='ocrx_word' id='word_1_328' title='bbox 862 3287 942 3319; x_wconf 78' lang='lat' dir='ltr'>viii,</span> <span class='ocrx_word' id='word_1_329' title='bbox 971 3280 1021 3310; x_wconf 70' lang='lat'>24.</span> <span class='ocrx_word' id='word_1_330' title='bbox 1042 3296 1083 3301; x_wconf 89' lang='lat'>—</span> <span class='ocrx_word' id='word_1_331' title='bbox 1106 3279 1117 3295; x_wconf 76' lang='lat'>⁰</span> <span class='ocrx_word' id='word_1_332' title='bbox 1145 3280 1153 3309; x_wconf 92' lang='lat' dir='ltr'>l</span> <span class='ocrx_word' id='word_1_333' title='bbox 1177 3280 1267 3319; x_wconf 50' lang='lat'>(5012,</span> 
     </span>
     <span class='ocr_line' id='line_1_48' title="bbox 240 3324 1267 3365; baseline 0.004 -13"><span class='ocrx_word' id='word_1_334' title='bbox 240 3329 297 3362; x_wconf 77' lang='lat' dir='ltr'>XV,</span> <span class='ocrx_word' id='word_1_335' title='bbox 327 3325 377 3355; x_wconf 69' lang='lat'>24.</span> <span class='ocrx_word' id='word_1_336' title='bbox 407 3341 447 3346; x_wconf 98' lang='lat'><strong>—</strong></span> <span class='ocrx_word' id='word_1_337' title='bbox 475 3324 485 3342; x_wconf 88' lang='lat'><strong>⁷</strong></span> <span class='ocrx_word' id='word_1_338' title='bbox 512 3325 613 3365; x_wconf 59' lang='lat' dir='ltr'>Augu,</span> <span class='ocrx_word' id='word_1_339' title='bbox 643 3325 708 3357; x_wconf 92' lang='lat' dir='ltr'>loc.</span> <span class='ocrx_word' id='word_1_340' title='bbox 742 3326 797 3358; x_wconf 86' lang='lat' dir='ltr'>cit.</span> <span class='ocrx_word' id='word_1_341' title='bbox 829 3343 865 3349; x_wconf 92' lang='lat'><strong>—</strong></span> <span class='ocrx_word' id='word_1_342' title='bbox 895 3326 909 3348; x_wconf 83' lang='lat'>⁸</span> <span class='ocrx_word' id='word_1_343' title='bbox 937 3325 1069 3362; x_wconf 63' lang='lat' dir='ltr'>Ezech„</span> <span class='ocrx_word' id='word_1_344' title='bbox 1098 3332 1144 3364; x_wconf 85' lang='lat'>11,</span> <span class='ocrx_word' id='word_1_345' title='bbox 1173 3327 1205 3356; x_wconf 90' lang='grc'>6.</span> <span class='ocrx_word' id='word_1_346' title='bbox 1228 3345 1267 3349; x_wconf 83' lang='lat'>—</span> 
     </span>
    </p>
   </div>
   <div class='ocr_carea' id='block_1_6' title="bbox 239 3370 1268 3461">
    <p class='ocr_par' dir='ltr' id='par_1_7' title="bbox 239 3370 1268 3461">
     <span class='ocr_line' id='line_1_49' title="bbox 240 3370 1268 3414; baseline 0.005 -14"><span class='ocrx_word' id='word_1_347' title='bbox 240 3370 251 3388; x_wconf 84' lang='lat'><strong>⁹</strong></span> <span class='ocrx_word' id='word_1_348' title='bbox 271 3370 390 3411; x_wconf 62' lang='lat' dir='ltr'>Ecca„</span> <span class='ocrx_word' id='word_1_349' title='bbox 415 3378 469 3410; x_wconf 81' lang='lat' dir='ltr'>xi,</span> <span class='ocrx_word' id='word_1_350' title='bbox 496 3373 547 3403; x_wconf 86' lang='grc'>10.</span> <span class='ocrx_word' id='word_1_351' title='bbox 570 3389 605 3393; x_wconf 93' lang='grc'>-</span> <span class='ocrx_word' id='word_1_352' title='bbox 628 3373 654 3393; x_wconf 84' lang='lat'>1⁰</span> <span class='ocrx_word' id='word_1_353' title='bbox 677 3376 778 3414; x_wconf 67' lang='lat' dir='ltr'>Aug,</span> <span class='ocrx_word' id='word_1_354' title='bbox 800 3374 835 3404; x_wconf 80' lang='lat' dir='ltr'>in</span> <span class='ocrx_word' id='word_1_355' title='bbox 853 3373 946 3405; x_wconf 78' lang='lat' dir='ltr'>Psal.</span> <span class='ocrx_word' id='word_1_356' title='bbox 969 3380 1101 3412; x_wconf 76' lang='lat' dir='ltr'>XLviii,</span> <span class='ocrx_word' id='word_1_357' title='bbox 1127 3373 1268 3413; x_wconf 63' lang='lat' dir='ltr'>Enarr„</span> 
     </span>
     <span class='ocr_line' id='line_1_50' title="bbox 239 3417 1265 3461; baseline 0.004 -13"><span class='ocrx_word' id='word_1_358' title='bbox 239 3425 275 3448; x_wconf 90' lang='lat' dir='ltr'>n.</span> <span class='ocrx_word' id='word_1_359' title='bbox 301 3418 360 3456; x_wconf 77' lang='lat'>12,</span> <span class='ocrx_word' id='word_1_360' title='bbox 381 3417 492 3458; x_wconf 82' lang='lat' dir='ltr'>quoad</span> <span class='ocrx_word' id='word_1_361' title='bbox 518 3426 667 3456; x_wconf 81' lang='lat' dir='ltr'>sensum.</span> <span class='ocrx_word' id='word_1_362' title='bbox 689 3437 729 3444; x_wconf 93' lang='lat'>—</span> <span class='ocrx_word' id='word_1_363' title='bbox 754 3420 779 3442; x_wconf 85' lang='lat'>11</span> <span class='ocrx_word' id='word_1_364' title='bbox 799 3421 918 3461; x_wconf 57' lang='lat' dir='ltr'>Marc„</span> <span class='ocrx_word' id='word_1_365' title='bbox 942 3427 984 3460; x_wconf 82' lang='lat' dir='ltr'>x,</span> <span class='ocrx_word' id='word_1_366' title='bbox 1008 3421 1058 3451; x_wconf 88' lang='lat'>18.</span> <span class='ocrx_word' id='word_1_367' title='bbox 1077 3436 1118 3443; x_wconf 89' lang='lat'>—</span> <span class='ocrx_word' id='word_1_368' title='bbox 1141 3420 1166 3441; x_wconf 80' lang='lat'>1²</span> <span class='ocrx_word' id='word_1_369' title='bbox 1184 3421 1265 3460; x_wconf 82' lang='lat' dir='ltr'>Isa.‚</span> 
     </span>
    </p>
   </div>
   <div class='ocr_carea' id='block_1_7' title="bbox 2312 162 2388 201">
    <p class='ocr_par' dir='ltr' id='par_1_8' title="bbox 2312 162 2388 201">
     <span class='ocr_line' id='line_1_51' title="bbox 2312 162 2388 201; baseline 0.013 -1"><span class='ocrx_word' id='word_1_370' title='bbox 2312 162 2388 201; x_wconf 73' lang='lat'>525</span> 
     </span>
    </p>
   </div>
   <div class='ocr_carea' id='block_1_8' title="bbox 1342 237 2390 3188">
    <p class='ocr_par' dir='ltr' id='par_1_9' title="bbox 1342 237 2390 3188">
     <span class='ocr_line' id='line_1_52' title="bbox 1362 237 2386 289; baseline 0.013 -13"><span class='ocrx_word' id='word_1_371' title='bbox 1362 237 1547 278; x_wconf 85' lang='lat' dir='ltr'>maxime</span> <span class='ocrx_word' id='word_1_372' title='bbox 1566 239 1741 287; x_wconf 85' lang='lat' dir='ltr'>bonum,</span> <span class='ocrx_word' id='word_1_373' title='bbox 1762 240 1946 280; x_wconf 80' lang='lat' dir='ltr'>maxime</span> <span class='ocrx_word' id='word_1_374' title='bbox 1967 245 2386 289; x_wconf 87' lang='lat' dir='ltr'>communicativum.</span> 
     </span>
     <span class='ocr_line' id='line_1_53' title="bbox 1362 305 2390 362; baseline 0.013 -16"><span class='ocrx_word' id='word_1_375' title='bbox 1362 305 1405 346; x_wconf 85' lang='lat' dir='ltr'>Si</span> <span class='ocrx_word' id='word_1_376' title='bbox 1434 320 1537 359; x_wconf 84' lang='lat' dir='ltr'>ergo</span> <span class='ocrx_word' id='word_1_377' title='bbox 1564 310 1743 350; x_wconf 88' lang='lat' dir='ltr'>carnalis</span> <span class='ocrx_word' id='word_1_378' title='bbox 1774 312 1892 362; x_wconf 88' lang='lat' dir='ltr'>pater</span> <span class='ocrx_word' id='word_1_379' title='bbox 1916 311 2079 352; x_wconf 93' lang='lat' dir='ltr'>bonum</span> <span class='ocrx_word' id='word_1_380' title='bbox 2107 318 2390 359; x_wconf 89' lang='lat' dir='ltr'>communicat</span> 
     </span>
     <span class='ocr_line' id='line_1_54' title="bbox 1360 376 2389 430; baseline 0.012 -14"><span class='ocrx_word' id='word_1_381' title='bbox 1360 376 1448 417; x_wconf 87' lang='lat' dir='ltr'>filio</span> <span class='ocrx_word' id='word_1_382' title='bbox 1468 380 1637 430; x_wconf 87' lang='lat' dir='ltr'>petenti,</span> <span class='ocrx_word' id='word_1_383' title='bbox 1656 380 1790 421; x_wconf 90' lang='lat' dir='ltr'>multo</span> <span class='ocrx_word' id='word_1_384' title='bbox 1810 381 1960 421; x_wconf 88' lang='lat' dir='ltr'>fortius</span> <span class='ocrx_word' id='word_1_385' title='bbox 1979 382 2156 424; x_wconf 88' lang='lat' dir='ltr'>coelestis</span> <span class='ocrx_word' id='word_1_386' title='bbox 2176 385 2298 426; x_wconf 88' lang='lat' dir='ltr'>Pater</span> <span class='ocrx_word' id='word_1_387' title='bbox 2317 388 2389 428; x_wconf 91' lang='lat' dir='ltr'>ho-</span> 
     </span>
     <span class='ocr_line' id='line_1_55' title="bbox 1361 447 2390 506; baseline 0.013 -21"><span class='ocrx_word' id='word_1_388' title='bbox 1361 447 1467 486; x_wconf 83' lang='lat' dir='ltr'>mini</span> <span class='ocrx_word' id='word_1_389' title='bbox 1494 450 1759 501; x_wconf 81' lang='lat' dir='ltr'>supplicanti.</span> <span class='ocrx_word' id='word_1_390' title='bbox 1786 451 1835 491; x_wconf 86' lang='lat' dir='ltr'>Et</span> <span class='ocrx_word' id='word_1_391' title='bbox 1861 451 1940 492; x_wconf 88' lang='lat' dir='ltr'>hoc</span> <span class='ocrx_word' id='word_1_392' title='bbox 1964 456 2025 493; x_wconf 91' lang='lat' dir='ltr'>est</span> <span class='ocrx_word' id='word_1_393' title='bbox 2051 455 2164 506; x_wconf 88' lang='lat' dir='ltr'>quod</span> <span class='ocrx_word' id='word_1_394' title='bbox 2190 455 2312 497; x_wconf 90' lang='lat' dir='ltr'>dicit:</span> <span class='ocrx_word' id='word_1_395' title='bbox 2335 459 2390 499; x_wconf 79' lang='lat' dir='ltr'>Sz·</span> 
     </span>
     <span class='ocr_line' id='line_1_56' title="bbox 1359 522 2390 573; baseline 0.013 -16"><span class='ocrx_word' id='word_1_396' title='bbox 1359 527 1451 569; x_wconf 71' lang='lat' dir='ltr'>erqo</span> <span class='ocrx_word' id='word_1_397' title='bbox 1472 529 1566 568; x_wconf 77' lang='lat' dir='ltr'>vos,</span> <span class='ocrx_word' id='word_1_398' title='bbox 1591 532 1684 562; x_wconf 79' lang='lat' dir='ltr'>cum</span> <span class='ocrx_word' id='word_1_399' title='bbox 1710 522 1810 563; x_wconf 75' lang='lat' dir='ltr'>sitis</span> <span class='ocrx_word' id='word_1_400' title='bbox 1840 522 1968 573; x_wconf 74' lang='lat' dir='ltr'>mali,</span> <span class='ocrx_word' id='word_1_401' title='bbox 1995 525 2132 567; x_wconf 76' lang='lat' dir='ltr'>nostis</span> <span class='ocrx_word' id='word_1_402' title='bbox 2158 525 2264 568; x_wconf 77' lang='lat' dir='ltr'>bona</span> <span class='ocrx_word' id='word_1_403' title='bbox 2289 527 2390 570; x_wconf 77' lang='lat' dir='ltr'>dare</span> 
     </span>
     <span class='ocr_line' id='line_1_57' title="bbox 1360 587 2389 640; baseline 0.01 -11"><span class='ocrx_word' id='word_1_404' title='bbox 1360 587 1468 637; x_wconf 72' lang='lat' dir='ltr'>filiis</span> <span class='ocrx_word' id='word_1_405' title='bbox 1499 592 1675 640; x_wconf 60' lang='lat' dir='ltr'>vestri-33</span> <span class='ocrx_word' id='word_1_406' title='bbox 1710 591 1848 633; x_wconf 83' lang='lat' dir='ltr'>Beda:</span> <span class='ocrx_word' id='word_1_407' title='bbox 1880 608 1899 632; x_wconf 74' lang='lat' dir='ltr'>c&lt;</span> <span class='ocrx_word' id='word_1_408' title='bbox 1928 593 2058 635; x_wconf 91' lang='lat' dir='ltr'>Malos</span> <span class='ocrx_word' id='word_1_409' title='bbox 2090 599 2212 636; x_wconf 87' lang='lat' dir='ltr'>vocat</span> <span class='ocrx_word' id='word_1_410' title='bbox 2245 599 2389 638; x_wconf 83' lang='lat' dir='ltr'>saeculi</span> 
     </span>
     <span class='ocr_line' id='line_1_58' title="bbox 1359 660 2385 716; baseline 0.014 -20"><span class='ocrx_word' id='word_1_411' title='bbox 1359 662 1581 700; x_wconf 88' lang='lat' dir='ltr'>amatores.</span> <span class='ocrx_word' id='word_1_412' title='bbox 1606 676 1625 697; x_wconf 87' lang='lat'>»</span> <span class='ocrx_word' id='word_1_413' title='bbox 1651 660 1683 700; x_wconf 92' lang='lat' dir='ltr'>li</span> <span class='ocrx_word' id='word_1_414' title='bbox 1704 665 1846 702; x_wconf 85' lang='lat' dir='ltr'>autem</span> <span class='ocrx_word' id='word_1_415' title='bbox 1881 664 2104 716; x_wconf 90' lang='lat' dir='ltr'>dupliciter</span> <span class='ocrx_word' id='word_1_416' title='bbox 2133 667 2233 707; x_wconf 90' lang='lat' dir='ltr'>mali</span> <span class='ocrx_word' id='word_1_417' title='bbox 2260 672 2385 710; x_wconf 90' lang='lat' dir='ltr'>sunt:</span> 
     </span>
     <span class='ocr_line' id='line_1_59' title="bbox 1359 728 2388 785; baseline 0.013 -18"><span class='ocrx_word' id='word_1_418' title='bbox 1359 728 1519 769; x_wconf 86' lang='lat' dir='ltr'>malitia</span> <span class='ocrx_word' id='word_1_419' title='bbox 1546 730 1706 784; x_wconf 74' lang='lat' dir='ltr'>culpae,</span> <span class='ocrx_word' id='word_1_420' title='bbox 1732 733 1832 785; x_wconf 83' lang='lat' dir='ltr'>quia</span> <span class='ocrx_word' id='word_1_421' title='bbox 1859 733 1902 773; x_wconf 90' lang='lat' dir='ltr'>in</span> <span class='ocrx_word' id='word_1_422' title='bbox 1921 735 2217 779; x_wconf 74' lang='lat' dir='ltr'>Ecclesiastico</span> <span class='ocrx_word' id='word_1_423' title='bbox 2237 738 2278 779; x_wconf 82' lang='lat'>⁹:</span> <span class='ocrx_word' id='word_1_424' title='bbox 2304 754 2323 778; x_wconf 75' lang='grc' dir='ltr'>α</span> <span class='ocrx_word' id='word_1_425' title='bbox 2342 738 2388 780; x_wconf 90' lang='lat' dir='ltr'>Si</span> 
     </span>
     <span class='ocr_line' id='line_1_60' title="bbox 1357 798 2383 852; baseline 0.01 -14"><span class='ocrx_word' id='word_1_426' title='bbox 1357 798 1474 839; x_wconf 92' lang='lat' dir='ltr'>dives</span> <span class='ocrx_word' id='word_1_427' title='bbox 1499 800 1651 851; x_wconf 73' lang='lat' dir='ltr'>fueris,</span> <span class='ocrx_word' id='word_1_428' title='bbox 1682 815 1768 843; x_wconf 89' lang='lat' dir='ltr'>non</span> <span class='ocrx_word' id='word_1_429' title='bbox 1799 804 1882 844; x_wconf 90' lang='lat' dir='ltr'>eris</span> <span class='ocrx_word' id='word_1_430' title='bbox 1908 805 2110 846; x_wconf 89' lang='lat' dir='ltr'>immunis</span> <span class='ocrx_word' id='word_1_431' title='bbox 2129 820 2154 852; x_wconf 88' lang='lat' dir='ltr'>a</span> <span class='ocrx_word' id='word_1_432' title='bbox 2177 808 2340 850; x_wconf 86' lang='lat' dir='ltr'>delicto.</span> <span class='ocrx_word' id='word_1_433' title='bbox 2363 825 2383 848; x_wconf 84' lang='lat'>»</span> 
     </span>
     <span class='ocr_line' id='line_1_61' title="bbox 1357 869 2386 922; baseline 0.012 -13"><span class='ocrx_word' id='word_1_434' title='bbox 1357 869 1407 909; x_wconf 91' lang='lat' dir='ltr'>Et</span> <span class='ocrx_word' id='word_1_435' title='bbox 1425 870 1695 922; x_wconf 80' lang='lat' dir='ltr'>Augustinus</span> <span class='ocrx_word' id='word_1_436' title='bbox 1716 874 1744 898; x_wconf 90' lang='lat'>¹⁰</span> <span class='ocrx_word' id='word_1_437' title='bbox 1765 888 1805 914; x_wconf 84' lang='lat' dir='ltr'>z«</span> <span class='ocrx_word' id='word_1_438' title='bbox 1822 874 1968 915; x_wconf 89' lang='lat' dir='ltr'>Omnis</span> <span class='ocrx_word' id='word_1_439' title='bbox 1987 877 2104 917; x_wconf 88' lang='lat' dir='ltr'>dives</span> <span class='ocrx_word' id='word_1_440' title='bbox 2126 882 2198 919; x_wconf 90' lang='lat' dir='ltr'>aut</span> <span class='ocrx_word' id='word_1_441' title='bbox 2224 883 2286 920; x_wconf 92' lang='lat' dir='ltr'>est</span> <span class='ocrx_word' id='word_1_442' title='bbox 2306 881 2386 920; x_wconf 86' lang='lat' dir='ltr'>ini-</span> 
     </span>
     <span class='ocr_line' id='line_1_62' title="bbox 1357 943 2387 998; baseline 0.012 -19"><span class='ocrx_word' id='word_1_443' title='bbox 1357 952 1488 992; x_wconf 81' lang='lat' dir='ltr'>quuS‚</span> <span class='ocrx_word' id='word_1_444' title='bbox 1521 945 1595 982; x_wconf 88' lang='lat' dir='ltr'>aut</span> <span class='ocrx_word' id='word_1_445' title='bbox 1625 943 1748 984; x_wconf 88' lang='lat' dir='ltr'>heres</span> <span class='ocrx_word' id='word_1_446' title='bbox 1774 945 1923 998; x_wconf 87' lang='lat' dir='ltr'>iniqui.</span> <span class='ocrx_word' id='word_1_447' title='bbox 1955 961 1974 984; x_wconf 72' lang='lat' dir='ltr'>n</span> <span class='ocrx_word' id='word_1_448' title='bbox 1999 946 2072 988; x_wconf 88' lang='lat' dir='ltr'>Vel</span> <span class='ocrx_word' id='word_1_449' title='bbox 2103 949 2234 990; x_wconf 87' lang='lat' dir='ltr'>malos</span> <span class='ocrx_word' id='word_1_450' title='bbox 2266 954 2387 991; x_wconf 87' lang='lat' dir='ltr'>vocat</span> 
     </span>
     <span class='ocr_line' id='line_1_63' title="bbox 1355 1009 2386 1069; baseline 0.013 -21"><span class='ocrx_word' id='word_1_451' title='bbox 1355 1009 1466 1062; x_wconf 87' lang='lat' dir='ltr'>ipsos</span> <span class='ocrx_word' id='word_1_452' title='bbox 1503 1013 1738 1064; x_wconf 85' lang='lat' dir='ltr'>apostolos,</span> <span class='ocrx_word' id='word_1_453' title='bbox 1777 1015 1851 1068; x_wconf 82' lang='lat' dir='ltr'>qui</span> <span class='ocrx_word' id='word_1_454' title='bbox 1886 1018 2198 1069; x_wconf 84' lang='lat' dir='ltr'>comparatione</span> <span class='ocrx_word' id='word_1_455' title='bbox 2231 1019 2386 1062; x_wconf 73' lang='lat' dir='ltr'>divinae</span> 
     </span>
     <span class='ocr_line' id='line_1_64' title="bbox 1355 1080 2384 1131; baseline 0.012 -12"><span class='ocrx_word' id='word_1_456' title='bbox 1355 1080 1555 1121; x_wconf 83' lang='lat' dir='ltr'>bonitatis</span> <span class='ocrx_word' id='word_1_457' title='bbox 1595 1084 1694 1123; x_wconf 89' lang='lat' dir='ltr'>mali</span> <span class='ocrx_word' id='word_1_458' title='bbox 1733 1085 1945 1127; x_wconf 88' lang='lat' dir='ltr'>dicuntur.</span> <span class='ocrx_word' id='word_1_459' title='bbox 1982 1086 2100 1129; x_wconf 88' lang='lat' dir='ltr'>Unde</span> <span class='ocrx_word' id='word_1_460' title='bbox 2139 1089 2291 1130; x_wconf 85' lang='lat' dir='ltr'>dicitur</span> <span class='ocrx_word' id='word_1_461' title='bbox 2325 1091 2384 1131; x_wconf 77' lang='lat'>¹1:</span> 
     </span>
     <span class='ocr_line' id='line_1_65' title="bbox 1361 1149 2382 1205; baseline 0.014 -16"><span class='ocrx_word' id='word_1_462' title='bbox 1361 1149 1525 1192; x_wconf 84' lang='lat' dir='ltr'>«Nemo</span> <span class='ocrx_word' id='word_1_463' title='bbox 1546 1153 1697 1205; x_wconf 86' lang='lat' dir='ltr'>bonus,</span> <span class='ocrx_word' id='word_1_464' title='bbox 1713 1155 1792 1195; x_wconf 91' lang='lat' dir='ltr'>nisi</span> <span class='ocrx_word' id='word_1_465' title='bbox 1809 1157 1921 1197; x_wconf 92' lang='lat' dir='ltr'>solus</span> <span class='ocrx_word' id='word_1_466' title='bbox 1943 1157 2093 1199; x_wconf 84' lang='lat' dir='ltr'>Deus.»</span> <span class='ocrx_word' id='word_1_467' title='bbox 2111 1158 2161 1200; x_wconf 89' lang='lat' dir='ltr'>Et</span> <span class='ocrx_word' id='word_1_468' title='bbox 2180 1161 2320 1203; x_wconf 66' lang='lat' dir='ltr'>Isaiae</span> <span class='ocrx_word' id='word_1_469' title='bbox 2335 1162 2382 1202; x_wconf 65' lang='lat'>¹2:</span> 
     </span>
     <span class='ocr_line' id='line_1_66' title="bbox 1361 1221 2385 1282; baseline 0.012 -22"><span class='ocrx_word' id='word_1_470' title='bbox 1361 1236 1379 1259; x_wconf 74' lang='grc' dir='ltr'>α</span> <span class='ocrx_word' id='word_1_471' title='bbox 1401 1221 1514 1262; x_wconf 73' lang='lat' dir='ltr'>Facu</span> <span class='ocrx_word' id='word_1_472' title='bbox 1533 1235 1681 1264; x_wconf 90' lang='lat' dir='ltr'>sumus</span> <span class='ocrx_word' id='word_1_473' title='bbox 1706 1228 1754 1266; x_wconf 92' lang='lat' dir='ltr'>ut</span> <span class='ocrx_word' id='word_1_474' title='bbox 1782 1226 2030 1268; x_wconf 90' lang='lat' dir='ltr'>immundus</span> <span class='ocrx_word' id='word_1_475' title='bbox 2049 1241 2196 1271; x_wconf 88' lang='lat' dir='ltr'>omnes</span> <span class='ocrx_word' id='word_1_476' title='bbox 2221 1243 2319 1282; x_wconf 83' lang='lat' dir='ltr'>nos,</span> <span class='ocrx_word' id='word_1_477' title='bbox 2345 1235 2385 1272; x_wconf 87' lang='lat' dir='ltr'>et</span> 
     </span>
     <span class='ocr_line' id='line_1_67' title="bbox 1354 1293 2384 1354; baseline 0.013 -24"><span class='ocrx_word' id='word_1_478' title='bbox 1354 1293 1473 1343; x_wconf 85' lang='lat' dir='ltr'>quasi</span> <span class='ocrx_word' id='word_1_479' title='bbox 1493 1306 1659 1345; x_wconf 87' lang='lat' dir='ltr'>paunus</span> <span class='ocrx_word' id='word_1_480' title='bbox 1681 1299 1952 1338; x_wconf 78' lang='lat' dir='ltr'>menstruatae</span> <span class='ocrx_word' id='word_1_481' title='bbox 1974 1299 2188 1341; x_wconf 85' lang='lat' dir='ltr'>universae</span> <span class='ocrx_word' id='word_1_482' title='bbox 2205 1303 2384 1354; x_wconf 81' lang='lat' dir='ltr'>justitiae</span> 
     </span>
     <span class='ocr_line' id='line_1_68' title="bbox 1354 1365 2383 1413; baseline 0.012 -12"><span class='ocrx_word' id='word_1_483' title='bbox 1354 1365 1524 1403; x_wconf 74' lang='lat' dir='ltr'>nostrae.</span> <span class='ocrx_word' id='word_1_484' title='bbox 1541 1378 1559 1401; x_wconf 85' lang='lat'>›)</span> <span class='ocrx_word' id='word_1_485' title='bbox 1577 1365 1627 1405; x_wconf 86' lang='lat' dir='ltr'>Et</span> <span class='ocrx_word' id='word_1_486' title='bbox 1648 1366 1724 1408; x_wconf 83' lang='lat' dir='ltr'>Job</span> <span class='ocrx_word' id='word_1_487' title='bbox 1741 1368 1817 1407; x_wconf 76' lang='lat'>¹³2«</span> <span class='ocrx_word' id='word_1_488' title='bbox 1831 1367 1968 1408; x_wconf 81' lang='lat' dir='ltr'>Stellae</span> <span class='ocrx_word' id='word_1_489' title='bbox 1988 1382 2074 1409; x_wconf 91' lang='lat' dir='ltr'>non</span> <span class='ocrx_word' id='word_1_490' title='bbox 2093 1374 2191 1411; x_wconf 89' lang='lat' dir='ltr'>sunt</span> <span class='ocrx_word' id='word_1_491' title='bbox 2210 1373 2383 1413; x_wconf 79' lang='lat' dir='ltr'>mundae</span> 
     </span>
     <span class='ocr_line' id='line_1_69' title="bbox 1353 1432 2380 1492; baseline 0.013 -21"><span class='ocrx_word' id='word_1_492' title='bbox 1353 1432 1397 1471; x_wconf 91' lang='lat' dir='ltr'>in</span> <span class='ocrx_word' id='word_1_493' title='bbox 1414 1438 1640 1486; x_wconf 85' lang='lat' dir='ltr'>conspectu</span> <span class='ocrx_word' id='word_1_494' title='bbox 1656 1438 1767 1489; x_wconf 85' lang='lat' dir='ltr'>ejus:</span> <span class='ocrx_word' id='word_1_495' title='bbox 1782 1441 1940 1490; x_wconf 83' lang='lat' dir='ltr'>quanto</span> <span class='ocrx_word' id='word_1_496' title='bbox 1952 1440 2092 1491; x_wconf 86' lang='lat' dir='ltr'>magis</span> <span class='ocrx_word' id='word_1_497' title='bbox 2107 1441 2250 1492; x_wconf 89' lang='lat' dir='ltr'>homo,</span> <span class='ocrx_word' id='word_1_498' title='bbox 2266 1458 2286 1480; x_wconf 81' lang='lat'>›&gt;</span> <span class='ocrx_word' id='word_1_499' title='bbox 2303 1446 2380 1484; x_wconf 89' lang='lat' dir='ltr'>etc.</span> 
     </span>
     <span class='ocr_line' id='line_1_70' title="bbox 1354 1501 2379 1565; baseline 0.013 -24"><span class='ocrx_word' id='word_1_500' title='bbox 1354 1501 1469 1543; x_wconf 91' lang='lat' dir='ltr'>Unde</span> <span class='ocrx_word' id='word_1_501' title='bbox 1501 1504 1731 1556; x_wconf 81' lang='lat' dir='ltr'>Gregorius</span> <span class='ocrx_word' id='word_1_502' title='bbox 1754 1511 1783 1532; x_wconf 60' lang='lat'>¹4</span> <span class='ocrx_word' id='word_1_503' title='bbox 1807 1523 1815 1548; x_wconf 92' lang='lat'>:</span> <span class='ocrx_word' id='word_1_504' title='bbox 1845 1508 2002 1561; x_wconf 81' lang='lat' dir='ltr'>«Saepe</span> <span class='ocrx_word' id='word_1_505' title='bbox 2019 1511 2186 1562; x_wconf 74' lang='lat' dir='ltr'>Justitia</span> <span class='ocrx_word' id='word_1_506' title='bbox 2214 1516 2379 1565; x_wconf 89' lang='lat' dir='ltr'>nostra,</span> 
     </span>
     <span class='ocr_line' id='line_1_71' title="bbox 1352 1573 2381 1635; baseline 0.012 -23"><span class='ocrx_word' id='word_1_507' title='bbox 1352 1573 1402 1612; x_wconf 91' lang='lat' dir='ltr'>ad</span> <span class='ocrx_word' id='word_1_508' title='bbox 1424 1586 1602 1615; x_wconf 78' lang='lat' dir='ltr'>examen</span> <span class='ocrx_word' id='word_1_509' title='bbox 1624 1578 1800 1628; x_wconf 77' lang='lat' dir='ltr'>Justitiae</span> <span class='ocrx_word' id='word_1_510' title='bbox 1833 1579 1988 1620; x_wconf 85' lang='lat' dir='ltr'>divinae</span> <span class='ocrx_word' id='word_1_511' title='bbox 2017 1581 2216 1633; x_wconf 88' lang='lat' dir='ltr'>deducta,</span> <span class='ocrx_word' id='word_1_512' title='bbox 2248 1583 2381 1635; x_wconf 78' lang='lat' dir='ltr'>injUs-</span> 
     </span>
     <span class='ocr_line' id='line_1_72' title="bbox 1352 1643 2379 1706; baseline 0.013 -24"><span class='ocrx_word' id='word_1_513' title='bbox 1352 1643 1442 1683; x_wconf 87' lang='lat' dir='ltr'>titia</span> <span class='ocrx_word' id='word_1_514' title='bbox 1479 1647 1562 1694; x_wconf 83' lang='lat' dir='ltr'>est3</span> <span class='ocrx_word' id='word_1_515' title='bbox 1598 1648 1638 1686; x_wconf 88' lang='lat' dir='ltr'>ct</span> <span class='ocrx_word' id='word_1_516' title='bbox 1671 1648 1809 1688; x_wconf 89' lang='lat' dir='ltr'>sordet</span> <span class='ocrx_word' id='word_1_517' title='bbox 1838 1649 1882 1688; x_wconf 91' lang='lat' dir='ltr'>in</span> <span class='ocrx_word' id='word_1_518' title='bbox 1915 1650 2169 1693; x_wconf 83' lang='lat' dir='ltr'>districtione</span> <span class='ocrx_word' id='word_1_519' title='bbox 2199 1654 2379 1706; x_wconf 73' lang='lat' dir='ltr'>Judicis,</span> 
     </span>
     <span class='ocr_line' id='line_1_73' title="bbox 1351 1715 2381 1772; baseline 0.013 -19"><span class='ocrx_word' id='word_1_520' title='bbox 1351 1715 1462 1765; x_wconf 82' lang='lat' dir='ltr'>quod</span> <span class='ocrx_word' id='word_1_521' title='bbox 1484 1715 1527 1754; x_wconf 90' lang='lat' dir='ltr'>in</span> <span class='ocrx_word' id='word_1_522' title='bbox 1549 1717 1682 1756; x_wconf 90' lang='lat' dir='ltr'>oculis</span> <span class='ocrx_word' id='word_1_523' title='bbox 1710 1718 1839 1769; x_wconf 80' lang='lat' dir='ltr'>fulget</span> <span class='ocrx_word' id='word_1_524' title='bbox 1870 1722 2095 1772; x_wconf 86' lang='lat' dir='ltr'>operantis.</span> <span class='ocrx_word' id='word_1_525' title='bbox 2127 1738 2146 1760; x_wconf 87' lang='lat'>»</span> <span class='ocrx_word' id='word_1_526' title='bbox 2173 1722 2246 1764; x_wconf 88' lang='lat' dir='ltr'>Vel</span> <span class='ocrx_word' id='word_1_527' title='bbox 2280 1726 2381 1766; x_wconf 89' lang='lat' dir='ltr'>mali</span> 
     </span>
     <span class='ocr_line' id='line_1_74' title="bbox 1351 1788 2380 1847; baseline 0.013 -23"><span class='ocrx_word' id='word_1_528' title='bbox 1351 1788 1470 1825; x_wconf 84' lang='lat' dir='ltr'>eraut</span> <span class='ocrx_word' id='word_1_529' title='bbox 1496 1789 1665 1839; x_wconf 85' lang='lat' dir='ltr'>propter</span> <span class='ocrx_word' id='word_1_530' title='bbox 1692 1791 1859 1840; x_wconf 84' lang='lat' dir='ltr'>peccata</span> <span class='ocrx_word' id='word_1_531' title='bbox 1883 1791 2084 1842; x_wconf 85' lang='lat' dir='ltr'>venialia,</span> <span class='ocrx_word' id='word_1_532' title='bbox 2114 1793 2204 1834; x_wconf 87' lang='lat' dir='ltr'>sine</span> <span class='ocrx_word' id='word_1_533' title='bbox 2225 1795 2380 1847; x_wconf 86' lang='lat' dir='ltr'>quibus</span> 
     </span>
     <span class='ocr_line' id='line_1_75' title="bbox 1350 1857 2375 1911; baseline 0.012 -16"><span class='ocrx_word' id='word_1_534' title='bbox 1350 1868 1436 1896; x_wconf 92' lang='lat' dir='ltr'>non</span> <span class='ocrx_word' id='word_1_535' title='bbox 1463 1857 1632 1898; x_wconf 90' lang='lat' dir='ltr'>ducitur</span> <span class='ocrx_word' id='word_1_536' title='bbox 1662 1870 1849 1911; x_wconf 73' lang='lat' dir='ltr'>praesens</span> <span class='ocrx_word' id='word_1_537' title='bbox 1877 1861 1988 1911; x_wconf 90' lang='lat' dir='ltr'>vita;</span> <span class='ocrx_word' id='word_1_538' title='bbox 2010 1863 2123 1904; x_wconf 90' lang='lat' dir='ltr'>unde</span> <span class='ocrx_word' id='word_1_539' title='bbox 2149 1864 2301 1906; x_wconf 88' lang='lat' dir='ltr'>dicitur</span> <span class='ocrx_word' id='word_1_540' title='bbox 2321 1868 2375 1908; x_wconf 73' lang='lat'>¹⁵:</span> 
     </span>
     <span class='ocr_line' id='line_1_76' title="bbox 1356 1926 2378 1984; baseline 0.012 -19"><span class='ocrx_word' id='word_1_541' title='bbox 1356 1941 1375 1964; x_wconf 90' lang='grc'>«</span> <span class='ocrx_word' id='word_1_542' title='bbox 1410 1926 1675 1969; x_wconf 86' lang='lat' dir='ltr'>Redimentes</span> <span class='ocrx_word' id='word_1_543' title='bbox 1706 1933 1898 1982; x_wconf 88' lang='lat' dir='ltr'>tempus,</span> <span class='ocrx_word' id='word_1_544' title='bbox 1934 1934 2134 1984; x_wconf 89' lang='lat' dir='ltr'>quoniam</span> <span class='ocrx_word' id='word_1_545' title='bbox 2163 1935 2251 1976; x_wconf 90' lang='lat' dir='ltr'>dies</span> <span class='ocrx_word' id='word_1_546' title='bbox 2278 1938 2378 1977; x_wconf 91' lang='lat' dir='ltr'>mali</span> 
     </span>
     <span class='ocr_line' id='line_1_77' title="bbox 1350 1998 2375 2059; baseline 0.015 -24"><span class='ocrx_word' id='word_1_547' title='bbox 1350 2000 1462 2037; x_wconf 87' lang='lat' dir='ltr'>sunt.</span> <span class='ocrx_word' id='word_1_548' title='bbox 1490 2012 1509 2035; x_wconf 83' lang='lat'>›)</span> <span class='ocrx_word' id='word_1_549' title='bbox 1534 1998 1584 2039; x_wconf 85' lang='lat' dir='ltr'>Et</span> <span class='ocrx_word' id='word_1_550' title='bbox 1603 1999 1729 2040; x_wconf 78' lang='lat' dir='ltr'>Jacob</span> <span class='ocrx_word' id='word_1_551' title='bbox 1750 2001 1858 2041; x_wconf 82' lang='lat' dir='ltr'>dixit</span> <span class='ocrx_word' id='word_1_552' title='bbox 1878 2001 1934 2042; x_wconf 75' lang='grc'>16;</span> <span class='ocrx_word' id='word_1_553' title='bbox 1965 2018 1984 2041; x_wconf 76' lang='grc' dir='ltr'>α</span> <span class='ocrx_word' id='word_1_554' title='bbox 2008 2003 2101 2045; x_wconf 90' lang='lat' dir='ltr'>Dies</span> <span class='ocrx_word' id='word_1_555' title='bbox 2130 2008 2375 2059; x_wconf 86' lang='lat' dir='ltr'>peregrina-</span> 
     </span>
     <span class='ocr_line' id='line_1_78' title="bbox 1348 2067 2377 2126; baseline 0.014 -19"><span class='ocrx_word' id='word_1_556' title='bbox 1348 2067 1475 2107; x_wconf 89' lang='lat' dir='ltr'>tionis</span> <span class='ocrx_word' id='word_1_557' title='bbox 1501 2070 1599 2109; x_wconf 81' lang='lat' dir='ltr'>vitae</span> <span class='ocrx_word' id='word_1_558' title='bbox 1634 2082 1739 2110; x_wconf 69' lang='lat' dir='ltr'>nicae</span> <span class='ocrx_word' id='word_1_559' title='bbox 1766 2074 1936 2112; x_wconf 88' lang='lat' dir='ltr'>centum</span> <span class='ocrx_word' id='word_1_560' title='bbox 1966 2074 2142 2126; x_wconf 86' lang='lat' dir='ltr'>triginta</span> <span class='ocrx_word' id='word_1_561' title='bbox 2166 2089 2377 2121; x_wconf 87' lang='lat' dir='ltr'>annorum</span> 
     </span>
     <span class='ocr_line' id='line_1_79' title="bbox 1349 2140 2378 2202; baseline 0.014 -25"><span class='ocrx_word' id='word_1_562' title='bbox 1349 2141 1462 2188; x_wconf 89' lang='lat' dir='ltr'>sunt,</span> <span class='ocrx_word' id='word_1_563' title='bbox 1485 2140 1605 2190; x_wconf 84' lang='lat' dir='ltr'>parvi</span> <span class='ocrx_word' id='word_1_564' title='bbox 1624 2143 1664 2180; x_wconf 88' lang='lat' dir='ltr'>et</span> <span class='ocrx_word' id='word_1_565' title='bbox 1683 2141 1798 2182; x_wconf 91' lang='lat' dir='ltr'>mali.</span> <span class='ocrx_word' id='word_1_566' title='bbox 1824 2156 1842 2179; x_wconf 83' lang='lat'>›)</span> <span class='ocrx_word' id='word_1_567' title='bbox 1864 2142 1994 2195; x_wconf 82' lang='lat' dir='ltr'>Quia,</span> <span class='ocrx_word' id='word_1_568' title='bbox 2016 2147 2248 2188; x_wconf 88' lang='lat' dir='ltr'>secundum</span> <span class='ocrx_word' id='word_1_569' title='bbox 2265 2151 2378 2202; x_wconf 88' lang='lat' dir='ltr'>quod</span> 
     </span>
     <span class='ocr_line' id='line_1_80' title="bbox 1349 2208 2374 2268; baseline 0.012 -20"><span class='ocrx_word' id='word_1_570' title='bbox 1349 2208 1589 2250; x_wconf 74' lang='lat' dir='ltr'>dicitur172«</span> <span class='ocrx_word' id='word_1_571' title='bbox 1609 2210 1653 2251; x_wconf 89' lang='lat' dir='ltr'>Si</span> <span class='ocrx_word' id='word_1_572' title='bbox 1664 2211 1912 2265; x_wconf 85' lang='lat' dir='ltr'>dixerimus,</span> <span class='ocrx_word' id='word_1_573' title='bbox 1930 2215 2029 2267; x_wconf 84' lang='lat' dir='ltr'>quia</span> <span class='ocrx_word' id='word_1_574' title='bbox 2049 2220 2268 2268; x_wconf 89' lang='lat' dir='ltr'>peccatum</span> <span class='ocrx_word' id='word_1_575' title='bbox 2289 2232 2374 2260; x_wconf 90' lang='lat' dir='ltr'>non</span> 
     </span>
     <span class='ocr_line' id='line_1_81' title="bbox 1347 2279 2374 2337; baseline 0.012 -19"><span class='ocrx_word' id='word_1_576' title='bbox 1347 2279 1574 2331; x_wconf 83' lang='lat' dir='ltr'>habemus,</span> <span class='ocrx_word' id='word_1_577' title='bbox 1602 2282 1681 2334; x_wconf 91' lang='lat' dir='ltr'>ipsi</span> <span class='ocrx_word' id='word_1_578' title='bbox 1707 2295 1784 2322; x_wconf 91' lang='lat' dir='ltr'>nos</span> <span class='ocrx_word' id='word_1_579' title='bbox 1812 2284 2073 2337; x_wconf 89' lang='lat' dir='ltr'>seducimus,</span> <span class='ocrx_word' id='word_1_580' title='bbox 2097 2290 2136 2327; x_wconf 88' lang='lat' dir='ltr'>et</span> <span class='ocrx_word' id='word_1_581' title='bbox 2157 2289 2311 2329; x_wconf 82' lang='lat' dir='ltr'>veritas</span> <span class='ocrx_word' id='word_1_582' title='bbox 2330 2290 2374 2330; x_wconf 90' lang='lat' dir='ltr'>in</span> 
     </span>
     <span class='ocr_line' id='line_1_82' title="bbox 1346 2351 2374 2412; baseline 0.012 -22"><span class='ocrx_word' id='word_1_583' title='bbox 1346 2351 1468 2391; x_wconf 89' lang='lat' dir='ltr'>nobis</span> <span class='ocrx_word' id='word_1_584' title='bbox 1489 2364 1575 2392; x_wconf 89' lang='lat' dir='ltr'>non</span> <span class='ocrx_word' id='word_1_585' title='bbox 1594 2355 1668 2392; x_wconf 87' lang='lat' dir='ltr'>est.</span> <span class='ocrx_word' id='word_1_586' title='bbox 1697 2368 1716 2390; x_wconf 76' lang='lat' dir='ltr'>n</span> <span class='ocrx_word' id='word_1_587' title='bbox 1741 2353 1882 2394; x_wconf 89' lang='lat' dir='ltr'>Minus</span> <span class='ocrx_word' id='word_1_588' title='bbox 1902 2367 2008 2407; x_wconf 87' lang='lat' dir='ltr'>ergo</span> <span class='ocrx_word' id='word_1_589' title='bbox 2034 2357 2199 2398; x_wconf 89' lang='lat' dir='ltr'>videtur</span> <span class='ocrx_word' id='word_1_590' title='bbox 2218 2361 2330 2412; x_wconf 87' lang='lat' dir='ltr'>quod</span> <span class='ocrx_word' id='word_1_591' title='bbox 2349 2374 2374 2402; x_wconf 87' lang='lat' dir='ltr'>a</span> 
     </span>
     <span class='ocr_line' id='line_1_83' title="bbox 1346 2421 2374 2476; baseline 0.011 -16"><span class='ocrx_word' id='word_1_592' title='bbox 1346 2421 1458 2462; x_wconf 87' lang='lat' dir='ltr'>malo</span> <span class='ocrx_word' id='word_1_593' title='bbox 1476 2422 1662 2474; x_wconf 84' lang='lat' dir='ltr'>bonum,</span> <span class='ocrx_word' id='word_1_594' title='bbox 1690 2436 1818 2476; x_wconf 88' lang='lat' dir='ltr'>quam</span> <span class='ocrx_word' id='word_1_595' title='bbox 1838 2437 1862 2464; x_wconf 90' lang='lat' dir='ltr'>a</span> <span class='ocrx_word' id='word_1_596' title='bbox 1882 2425 1993 2466; x_wconf 90' lang='lat' dir='ltr'>bono</span> <span class='ocrx_word' id='word_1_597' title='bbox 2012 2427 2186 2469; x_wconf 89' lang='lat' dir='ltr'>bonum.</span> <span class='ocrx_word' id='word_1_598' title='bbox 2211 2430 2263 2470; x_wconf 91' lang='lat' dir='ltr'>Et</span> <span class='ocrx_word' id='word_1_599' title='bbox 2282 2431 2374 2471; x_wconf 89' lang='lat' dir='ltr'>ideo</span> 
     </span>
     <span class='ocr_line' id='line_1_84' title="bbox 1346 2491 2375 2547; baseline 0.014 -17"><span class='ocrx_word' id='word_1_600' title='bbox 1346 2491 1580 2532; x_wconf 86' lang='lat' dir='ltr'>concludit:</span> <span class='ocrx_word' id='word_1_601' title='bbox 1606 2493 1769 2539; x_wconf 73' lang='lat' dir='ltr'>Quanto</span> <span class='ocrx_word' id='word_1_602' title='bbox 1788 2497 1927 2547; x_wconf 70' lang='lat' dir='ltr'>maqis</span> <span class='ocrx_word' id='word_1_603' title='bbox 1948 2497 2072 2539; x_wconf 76' lang='lat' dir='ltr'>Pater</span> <span class='ocrx_word' id='word_1_604' title='bbox 2092 2504 2227 2542; x_wconf 80' lang='lat' dir='ltr'>vester</span> <span class='ocrx_word' id='word_1_605' title='bbox 2244 2502 2375 2543; x_wconf 82' lang='lat' dir='ltr'>coeles-</span> 
     </span>
     <span class='ocr_line' id='line_1_85' title="bbox 1346 2561 2373 2618; baseline 0.011 -16"><span class='ocrx_word' id='word_1_606' title='bbox 1346 2562 1404 2603; x_wconf 79' lang='lat' dir='ltr'>tis</span> <span class='ocrx_word' id='word_1_607' title='bbox 1421 2561 1538 2604; x_wconf 72' lang='lat' dir='ltr'>dabit</span> <span class='ocrx_word' id='word_1_608' title='bbox 1556 2564 1758 2614; x_wconf 71' lang='lat' dir='ltr'>spiritum</span> <span class='ocrx_word' id='word_1_609' title='bbox 1779 2565 1929 2607; x_wconf 77' lang='lat' dir='ltr'>bonum</span> <span class='ocrx_word' id='word_1_610' title='bbox 1947 2569 2184 2618; x_wconf 74' lang='lat' dir='ltr'>petentibus</span> <span class='ocrx_word' id='word_1_611' title='bbox 2201 2572 2270 2613; x_wconf 76' lang='lat' dir='ltr'>se?</span> <span class='ocrx_word' id='word_1_612' title='bbox 2284 2571 2373 2613; x_wconf 91' lang='lat' dir='ltr'>Imo</span> 
     </span>
     <span class='ocr_line' id='line_1_86' title="bbox 1345 2633 2374 2686; baseline 0.012 -15"><span class='ocrx_word' id='word_1_613' title='bbox 1345 2635 1455 2672; x_wconf 88' lang='lat' dir='ltr'>certe</span> <span class='ocrx_word' id='word_1_614' title='bbox 1481 2633 1614 2683; x_wconf 85' lang='lat' dir='ltr'>dabit,</span> <span class='ocrx_word' id='word_1_615' title='bbox 1638 2635 1739 2686; x_wconf 87' lang='lat' dir='ltr'>quia</span> <span class='ocrx_word' id='word_1_616' title='bbox 1768 2635 1922 2676; x_wconf 88' lang='lat' dir='ltr'>dicitur</span> <span class='ocrx_word' id='word_1_617' title='bbox 1942 2638 1995 2677; x_wconf 80' lang='lat'>¹⁸:</span> <span class='ocrx_word' id='word_1_618' title='bbox 2026 2654 2044 2677; x_wconf 87' lang='lat'>«</span> <span class='ocrx_word' id='word_1_619' title='bbox 2066 2638 2198 2680; x_wconf 92' lang='lat' dir='ltr'>Omne</span> <span class='ocrx_word' id='word_1_620' title='bbox 2229 2641 2374 2682; x_wconf 91' lang='lat' dir='ltr'>datum</span> 
     </span>
     <span class='ocr_line' id='line_1_87' title="bbox 1344 2703 2372 2763; baseline 0.012 -22"><span class='ocrx_word' id='word_1_621' title='bbox 1344 2703 1576 2755; x_wconf 85' lang='lat' dir='ltr'>optimum,</span> <span class='ocrx_word' id='word_1_622' title='bbox 1607 2707 1646 2744; x_wconf 88' lang='lat' dir='ltr'>et</span> <span class='ocrx_word' id='word_1_623' title='bbox 1673 2717 1800 2745; x_wconf 90' lang='lat' dir='ltr'>omne</span> <span class='ocrx_word' id='word_1_624' title='bbox 1826 2706 1986 2747; x_wconf 89' lang='lat' dir='ltr'>donum</span> <span class='ocrx_word' id='word_1_625' title='bbox 2014 2710 2269 2763; x_wconf 84' lang='lat' dir='ltr'>perfectum,</span> <span class='ocrx_word' id='word_1_626' title='bbox 2302 2712 2372 2753; x_wconf 90' lang='lat' dir='ltr'>de-</span> 
     </span>
     <span class='ocr_line' id='line_1_88' title="bbox 1343 2773 2372 2835; baseline 0.011 -22"><span class='ocrx_word' id='word_1_627' title='bbox 1343 2785 1515 2814; x_wconf 89' lang='lat' dir='ltr'>sursum</span> <span class='ocrx_word' id='word_1_628' title='bbox 1542 2777 1617 2816; x_wconf 87' lang='lat' dir='ltr'>est.</span> <span class='ocrx_word' id='word_1_629' title='bbox 1641 2789 1661 2813; x_wconf 72' lang='lat' dir='ltr'>n</span> <span class='ocrx_word' id='word_1_630' title='bbox 1683 2773 1764 2816; x_wconf 77' lang='lat' dir='ltr'>Iste</span> <span class='ocrx_word' id='word_1_631' title='bbox 1784 2777 1975 2829; x_wconf 90' lang='lat' dir='ltr'>spiritus,</span> <span class='ocrx_word' id='word_1_632' title='bbox 1998 2779 2135 2821; x_wconf 88' lang='lat' dir='ltr'>bonus</span> <span class='ocrx_word' id='word_1_633' title='bbox 2163 2785 2225 2822; x_wconf 91' lang='lat' dir='ltr'>est</span> <span class='ocrx_word' id='word_1_634' title='bbox 2252 2784 2372 2835; x_wconf 89' lang='lat' dir='ltr'>spiri-</span> 
     </span>
     <span class='ocr_line' id='line_1_89' title="bbox 1343 2845 2369 2905; baseline 0.011 -21"><span class='ocrx_word' id='word_1_635' title='bbox 1343 2847 1432 2895; x_wconf 84' lang='lat' dir='ltr'>tus,</span> <span class='ocrx_word' id='word_1_636' title='bbox 1461 2845 1617 2886; x_wconf 89' lang='lat' dir='ltr'>scilicet</span> <span class='ocrx_word' id='word_1_637' title='bbox 1647 2846 1690 2886; x_wconf 92' lang='lat' dir='ltr'>in</span> <span class='ocrx_word' id='word_1_638' title='bbox 1716 2858 1800 2898; x_wconf 88' lang='lat' dir='ltr'>quo</span> <span class='ocrx_word' id='word_1_639' title='bbox 1831 2848 1975 2888; x_wconf 86' lang='lat' dir='ltr'>omnia</span> <span class='ocrx_word' id='word_1_640' title='bbox 2002 2850 2112 2891; x_wconf 88' lang='lat' dir='ltr'>dona</span> <span class='ocrx_word' id='word_1_641' title='bbox 2138 2852 2369 2905; x_wconf 86' lang='lat' dir='ltr'>donantur;</span> 
     </span>
     <span class='ocr_line' id='line_1_90' title="bbox 1342 2914 2372 2972; baseline 0.011 -17"><span class='ocrx_word' id='word_1_642' title='bbox 1342 2914 1393 2955; x_wconf 88' lang='lat' dir='ltr'>de</span> <span class='ocrx_word' id='word_1_643' title='bbox 1413 2927 1496 2967; x_wconf 86' lang='lat' dir='ltr'>quo</span> <span class='ocrx_word' id='word_1_644' title='bbox 1515 2915 1667 2956; x_wconf 85' lang='lat' dir='ltr'>dicitur</span> <span class='ocrx_word' id='word_1_645' title='bbox 1686 2917 1714 2941; x_wconf 79' lang='lat'>¹⁹</span> <span class='ocrx_word' id='word_1_646' title='bbox 1732 2929 1771 2955; x_wconf 69' lang='grc' dir='ltr'>ει(</span> <span class='ocrx_word' id='word_1_647' title='bbox 1792 2916 2015 2972; x_wconf 84' lang='lat' dir='ltr'>Invocavi⁷</span> <span class='ocrx_word' id='word_1_648' title='bbox 2046 2923 2086 2961; x_wconf 89' lang='lat' dir='ltr'>et</span> <span class='ocrx_word' id='word_1_649' title='bbox 2109 2923 2222 2963; x_wconf 87' lang='lat' dir='ltr'>venit</span> <span class='ocrx_word' id='word_1_650' title='bbox 2241 2923 2286 2964; x_wconf 91' lang='lat' dir='ltr'>in</span> <span class='ocrx_word' id='word_1_651' title='bbox 2304 2937 2372 2966; x_wconf 88' lang='lat' dir='ltr'>me</span> 
     </span>
     <span class='ocr_line' id='line_1_91' title="bbox 1342 2984 2372 3041; baseline 0.013 -18"><span class='ocrx_word' id='word_1_652' title='bbox 1342 2984 1512 3037; x_wconf 84' lang='lat' dir='ltr'>spiritus</span> <span class='ocrx_word' id='word_1_653' title='bbox 1541 2986 1771 3038; x_wconf 84' lang='lat' dir='ltr'>sapientiae.</span> <span class='ocrx_word' id='word_1_654' title='bbox 1804 3000 1824 3024; x_wconf 82' lang='lat'>›)</span> <span class='ocrx_word' id='word_1_655' title='bbox 1860 2987 1912 3027; x_wconf 89' lang='lat' dir='ltr'>Et</span> <span class='ocrx_word' id='word_1_656' title='bbox 1942 2993 2034 3041; x_wconf 90' lang='lat' dir='ltr'>post</span> <span class='ocrx_word' id='word_1_657' title='bbox 2061 3005 2070 3031; x_wconf 91' lang='lat'>:</span> <span class='ocrx_word' id='word_1_658' title='bbox 2105 3007 2124 3031; x_wconf 74' lang='lat' dir='ltr'>&lt;t</span> <span class='ocrx_word' id='word_1_659' title='bbox 2156 2992 2372 3036; x_wconf 86' lang='lat' dir='ltr'>Venerunt</span> 
     </span>
     <span class='ocr_line' id='line_1_92' title="bbox 1342 3056 2367 3111; baseline 0.011 -15"><span class='ocrx_word' id='word_1_660' title='bbox 1342 3056 1448 3098; x_wconf 91' lang='lat' dir='ltr'>mihi</span> <span class='ocrx_word' id='word_1_661' title='bbox 1473 3057 1616 3098; x_wconf 89' lang='lat' dir='ltr'>omnia</span> <span class='ocrx_word' id='word_1_662' title='bbox 1638 3057 1750 3098; x_wconf 88' lang='lat' dir='ltr'>bona</span> <span class='ocrx_word' id='word_1_663' title='bbox 1777 3058 1934 3111; x_wconf 87' lang='lat' dir='ltr'>pariter</span> <span class='ocrx_word' id='word_1_664' title='bbox 1959 3072 2058 3102; x_wconf 88' lang='lat' dir='ltr'>cum</span> <span class='ocrx_word' id='word_1_665' title='bbox 2085 3062 2170 3104; x_wconf 87' lang='lat' dir='ltr'>illa.</span> <span class='ocrx_word' id='word_1_666' title='bbox 2192 3078 2211 3102; x_wconf 75' lang='lat' dir='ltr'>n</span> <span class='ocrx_word' id='word_1_667' title='bbox 2239 3064 2291 3106; x_wconf 89' lang='lat' dir='ltr'>Et</span> <span class='ocrx_word' id='word_1_668' title='bbox 2310 3068 2367 3107; x_wconf 82' lang='lat'>²⁰:</span> 
     </span>
     <span class='ocr_line' id='line_1_93' title="bbox 1347 3127 2370 3188; baseline 0.01 -21"><span class='ocrx_word' id='word_1_669' title='bbox 1347 3141 1366 3165; x_wconf 70' lang='grc' dir='ltr'>α</span> <span class='ocrx_word' id='word_1_670' title='bbox 1398 3127 1480 3168; x_wconf 88' lang='lat' dir='ltr'>Alii</span> <span class='ocrx_word' id='word_1_671' title='bbox 1518 3140 1593 3181; x_wconf 91' lang='lat' dir='ltr'>per</span> <span class='ocrx_word' id='word_1_672' title='bbox 1631 3128 1826 3181; x_wconf 89' lang='lat' dir='ltr'>spiritum</span> <span class='ocrx_word' id='word_1_673' title='bbox 1865 3129 1989 3172; x_wconf 85' lang='lat' dir='ltr'>datur</span> <span class='ocrx_word' id='word_1_674' title='bbox 2026 3144 2166 3174; x_wconf 85' lang='lat' dir='ltr'>sermo</span> <span class='ocrx_word' id='word_1_675' title='bbox 2202 3136 2370 3188; x_wconf 84' lang='lat' dir='ltr'>sapien-</span> 
     </span>
    </p>
   </div>
   <div class='ocr_carea' id='block_1_9' title="bbox 1338 3221 2366 3404">
    <p class='ocr_par' dir='ltr' id='par_1_10' title="bbox 1338 3221 2366 3404">
     <span class='ocr_line' id='line_1_94' title="bbox 1341 3221 2366 3272; baseline 0.008 -19"><span class='ocrx_word' id='word_1_676' title='bbox 1341 3229 1434 3261; x_wconf 76' lang='lat' dir='ltr'>wa,</span> <span class='ocrx_word' id='word_1_677' title='bbox 1454 3223 1484 3254; x_wconf 87' lang='lat'>6.</span> <span class='ocrx_word' id='word_1_678' title='bbox 1502 3239 1543 3245; x_wconf 94' lang='lat'>—</span> <span class='ocrx_word' id='word_1_679' title='bbox 1563 3222 1587 3243; x_wconf 78' lang='lat'>¹³</span> <span class='ocrx_word' id='word_1_680' title='bbox 1606 3221 1678 3261; x_wconf 81' lang='lat' dir='ltr'>Job,</span> <span class='ocrx_word' id='word_1_681' title='bbox 1700 3229 1781 3262; x_wconf 77' lang='lat' dir='ltr'>xxv,</span> <span class='ocrx_word' id='word_1_682' title='bbox 1801 3225 1831 3255; x_wconf 88' lang='grc'>5.</span> <span class='ocrx_word' id='word_1_683' title='bbox 1853 3241 1892 3246; x_wconf 87' lang='lat'><em>—</em></span> <span class='ocrx_word' id='word_1_684' title='bbox 1912 3224 1938 3245; x_wconf 59' lang='lat'>14</span> <span class='ocrx_word' id='word_1_685' title='bbox 1958 3226 2071 3267; x_wconf 60' lang='lat' dir='ltr'>Greg„</span> <span class='ocrx_word' id='word_1_686' title='bbox 2093 3228 2228 3268; x_wconf 71' lang='lat' dir='ltr'>Moral„</span> <span class='ocrx_word' id='word_1_687' title='bbox 2247 3229 2304 3262; x_wconf 83' lang='lat' dir='ltr'>lib.</span> <span class='ocrx_word' id='word_1_688' title='bbox 2326 3232 2366 3272; x_wconf 88' lang='lat' dir='ltr'>V,</span> 
     </span>
     <span class='ocr_line' id='line_1_95' title="bbox 1340 3269 2363 3316; baseline 0.009 -17"><span class='ocrx_word' id='word_1_689' title='bbox 1340 3277 1368 3300; x_wconf 89' lang='lat' dir='ltr'>c.</span> <span class='ocrx_word' id='word_1_690' title='bbox 1391 3277 1515 3301; x_wconf 76' lang='lat' dir='ltr'>xxvm.</span> <span class='ocrx_word' id='word_1_691' title='bbox 1538 3286 1577 3292; x_wconf 88' lang='lat'>—</span> <span class='ocrx_word' id='word_1_692' title='bbox 1597 3270 1623 3290; x_wconf 83' lang='lat'>1⁵</span> <span class='ocrx_word' id='word_1_693' title='bbox 1646 3269 1776 3310; x_wconf 65' lang='lat' dir='ltr'>Ephes„</span> <span class='ocrx_word' id='word_1_694' title='bbox 1799 3277 1831 3309; x_wconf 84' lang='lat' dir='ltr'>V,</span> <span class='ocrx_word' id='word_1_695' title='bbox 1855 3272 1904 3302; x_wconf 84' lang='grc'>16.</span> <span class='ocrx_word' id='word_1_696' title='bbox 1928 3288 1966 3294; x_wconf 89' lang='lat'>—-</span> <span class='ocrx_word' id='word_1_697' title='bbox 1990 3273 2014 3293; x_wconf 74' lang='lat'>¹⁰</span> <span class='ocrx_word' id='word_1_698' title='bbox 2035 3274 2129 3314; x_wconf 64' lang='lat' dir='ltr'>Gen„</span> <span class='ocrx_word' id='word_1_699' title='bbox 2149 3283 2255 3316; x_wconf 63' lang='lat' dir='ltr'>nvn,</span> <span class='ocrx_word' id='word_1_700' title='bbox 2277 3280 2306 3309; x_wconf 78' lang='grc'>9.</span> <span class='ocrx_word' id='word_1_701' title='bbox 2333 3295 2363 3301; x_wconf 43' lang='grc' dir='ltr'><strong><em>κ</em></strong></span> 
     </span>
     <span class='ocr_line' id='line_1_96' title="bbox 1342 3316 2364 3364; baseline 0.011 -18"><span class='ocrx_word' id='word_1_702' title='bbox 1342 3316 1363 3335; x_wconf 79' lang='grc'>“’</span> <span class='ocrx_word' id='word_1_703' title='bbox 1385 3317 1394 3346; x_wconf 94' lang='lat' dir='ltr'>l</span> <span class='ocrx_word' id='word_1_704' title='bbox 1415 3317 1522 3354; x_wconf 60' lang='lat' dir='ltr'>Jocm„</span> <span class='ocrx_word' id='word_1_705' title='bbox 1544 3324 1567 3357; x_wconf 90' lang='lat'>1,</span> <span class='ocrx_word' id='word_1_706' title='bbox 1587 3318 1617 3348; x_wconf 85' lang='lat'>8.</span> <span class='ocrx_word' id='word_1_707' title='bbox 1642 3334 1676 3338; x_wconf 95' lang='lat'>—</span> <span class='ocrx_word' id='word_1_708' title='bbox 1700 3316 1726 3337; x_wconf 82' lang='lat'>¹⁸</span> <span class='ocrx_word' id='word_1_709' title='bbox 1744 3318 1827 3357; x_wconf 66' lang='lat' dir='ltr'>Jac„</span> <span class='ocrx_word' id='word_1_710' title='bbox 1851 3325 1872 3358; x_wconf 78' lang='grc' dir='ltr'>Ι,</span> <span class='ocrx_word' id='word_1_711' title='bbox 1897 3320 2002 3350; x_wconf 65' lang='lat' dir='ltr'>w—</span> <span class='ocrx_word' id='word_1_712' title='bbox 2020 3320 2047 3341; x_wconf 73' lang='lat'>19</span> <span class='ocrx_word' id='word_1_713' title='bbox 2063 3322 2156 3361; x_wconf 61' lang='lat' dir='ltr'>Sap„</span> <span class='ocrx_word' id='word_1_714' title='bbox 2177 3329 2238 3363; x_wconf 81' lang='lat' dir='ltr'>VH,</span> <span class='ocrx_word' id='word_1_715' title='bbox 2261 3325 2291 3364; x_wconf 87' lang='lat'>7,</span> <span class='ocrx_word' id='word_1_716' title='bbox 2314 3328 2364 3358; x_wconf 83' lang='lat'>11.</span> 
     </span>
     <span class='ocr_line' id='line_1_97' title="bbox 1338 3363 1782 3404; baseline 0 -10"><span class='ocrx_word' id='word_1_717' title='bbox 1338 3379 1377 3385; x_wconf 94' lang='lat'>—</span> <span class='ocrx_word' id='word_1_718' title='bbox 1396 3363 1423 3381; x_wconf 82' lang='lat'>²⁰</span> <span class='ocrx_word' id='word_1_719' title='bbox 1446 3364 1456 3394; x_wconf 89' lang='lat' dir='ltr'>l</span> <span class='ocrx_word' id='word_1_720' title='bbox 1480 3363 1571 3404; x_wconf 63' lang='lat' dir='ltr'>Com,</span> <span class='ocrx_word' id='word_1_721' title='bbox 1592 3371 1655 3404; x_wconf 76' lang='lat' dir='ltr'>xii,</span> <span class='ocrx_word' id='word_1_722' title='bbox 1675 3365 1782 3402; x_wconf 82' lang='lat'>8,11.</span> 
     </span>
    </p>
   </div>
   <div class='ocr_carea' id='block_1_10' title="bbox 1379 3421 2191 3464">
    <p class='ocr_par' dir='ltr' id='par_1_11' title="bbox 1379 3421 2191 3464">
     <span class='ocr_line' id='line_1_98' title="bbox 1379 3421 2191 3464; baseline 0.007 -11"><span class='ocrx_word' id='word_1_723' title='bbox 1379 3421 1424 3462; x_wconf 83' lang='lat' dir='ltr'>(a)</span> <span class='ocrx_word' id='word_1_724' title='bbox 1447 3422 1525 3455; x_wconf 82' lang='lat' dir='ltr'>Coet.</span> <span class='ocrx_word' id='word_1_725' title='bbox 1547 3421 1626 3455; x_wconf 61' lang='lat' dir='ltr'>edit.</span> <span class='ocrx_word' id='word_1_726' title='bbox 1648 3424 1818 3454; x_wconf 86' lang='lat' dir='ltr'>autem.-</span> <span class='ocrx_word' id='word_1_727' title='bbox 1839 3423 1885 3464; x_wconf 78' lang='lat' dir='ltr'>(b)</span> <span class='ocrx_word' id='word_1_728' title='bbox 1910 3423 2003 3455; x_wconf 86' lang='lat' dir='ltr'>Unde</span> <span class='ocrx_word' id='word_1_729' title='bbox 2025 3426 2191 3460; x_wconf 85' lang='lat' dir='ltr'>Ezechiel.</span> 
     </span>
    </p>
   </div>
  </div>
 </body>
</html>
