2634 3853
1017 179 1289 223 EXPOSITIO
1318 180 1371 222 IN
1400 180 1513 222 CAP.
1543 179 1652 222 VIII.
2314 191 2392 229 443

277 272 363 311 tam
381 268 550 309 salubre
571 269 632 308 est
649 278 723 320 per
742 267 869 309 fidem
887 269 1064 321 tangere
1083 269 1296 309 fimbriam

274 338 533 387 vestimenti,
555 350 682 390 quam
705 338 872 378 salubre
896 338 975 379 erit
993 341 1136 379 tenere
1155 339 1295 391 ipsum

274 408 510 450 Christum!
546 408 663 449 Unde
691 408 955 450 Bernardus:
993 424 1011 447 α
1042 408 1168 450 Dulce
1196 410 1296 450 satis

272 481 333 519 est
349 481 402 529 te,
422 479 531 519 bone
547 481 659 530 ι16511,
678 491 888 532 quaerere3
910 479 1074 520 dulcius
1095 482 1249 520 tenere.
1268 494 1287 517 n

271 549 387 590 Unde
419 560 571 601 sponsa
592 550 603 571 1
627 563 636 590 :
673 564 692 587 «
720 549 852 590 Tenui
882 561 1004 599 eum,
1042 561 1118 590 nec
1149 550 1294 590 dimit-

269 621 377 670 tam,
413 633 433 657 »
464 622 542 660 etc.
571 619 711 659 Dulcis
741 619 889 672 utique
913 621 974 659 est
1001 622 1178 660 attactus
1203 621 1291 669 tui,

269 701 369 729 nam
396 693 435 730 et
454 690 543 742 ipse
561 692 696 730 tactus
722 690 860 729 fructu
885 701 970 729 non
995 692 1121 729 caret.
1143 689 1294 730 Mulier

270 760 383 800 enim
422 760 668 812 evangelica
702 759 809 799 felici
846 759 985 800 fructu
1022 760 1162 812 attigit
1193 761 1290 800 fim-

267 830 406 871 briam
423 830 444 871 J
447 842 521 871 esu
535 844 544 879 ;
562 832 602 870 et
615 829 755 870 statim
769 829 881 870 stetit
898 830 943 869 in
962 829 1032 870 illa
1048 831 1192 871 fluxus
1205 842 1292 870 car-

266 900 373 940 nalis
385 900 591 940 illecebrae
612 900 680 952 (a),
696 899 874 940 carnalis
893 899 1192 950 delectationiS,
1212 903 1288 940 etc.

319 971 385 1009 45.
408 970 468 1010 Et
485 968 549 1010 ait
568 969 710 1010 Jesus:
733 968 841 1019 Quis
862 972 943 1018 est,
965 970 1042 1009 etc.
1063 969 1291 1021 Postquam

266 1042 434 1081 ostensa
461 1041 523 1079 est
549 1039 699 1079 Christi
723 1040 950 1091 praesentia
974 1051 1062 1080 esse
1080 1040 1290 1081 desidera-

266 1110 382 1160 bilis,
406 1112 446 1150 et
465 1109 650 1162 potentia
672 1109 930 1149 admirabilis
945 1142 954 1160 ,
984 1109 1053 1150 hic
1077 1111 1199 1152 tertio
1222 1123 1288 1152 os-

266 1180 455 1221 tenditur
473 1181 566 1232 eJ‘us
585 1179 786 1232 sapientia
805 1179 1049 1220 infallibilis:
1073 1187 1111 1221 et
1126 1181 1206 1221 hoc
1222 1182 1291 1221 tri-

264 1250 438 1303 pliciter,
468 1250 623 1292 scilicet
653 1261 706 1290 ex
741 1250 1073 1302 deprehensione
1101 1252 1290 1292 veritatis

263 1320 456 1370 occultae,
475 1324 516 1360 et
533 1316 764 1360 detectione
782 1319 968 1360 veritatis
985 1321 1259 1373 deprehensae
1273 1354 1284 1373 ,

261 1392 302 1431 et
321 1402 375 1431 ex
394 1389 696 1442 approbatione
719 1389 907 1431 veritatis
929 1391 1116 1431 detectae.
1145 1392 1288 1434 Primo

261 1472 367 1512 ergo
393 1459 676 1500 introducitur
700 1459 975 1512 deprehensio
1001 1462 1191 1502 veritatis
1216 1475 1286 1504 oc-

260 1530 385 1572 cultae
399 1542 423 1570 a
441 1529 602 1571 Christo
621 1541 696 1582 per
713 1529 928 1582 propriam
951 1531 1284 1584 inquisitionem,

260 1612 356 1641 cum
375 1600 556 1641 dicitur:
586 1600 640 1642 Ει
664 1600 729 1642 ait
753 1600 873 1642 Jesus
889 1612 903 1641 .·
931 1601 1033 1647 Quis
1055 1604 1114 1644 est
1133 1604 1209 1654 qui
1226 1614 1288 1645 me

263 1672 406 1723 tetiqit
425 1672 447 1712 ?
466 1670 553 1711 Hoc
573 1673 715 1711 autem
734 1682 819 1711 non
839 1671 952 1721 dicit,
974 1674 1022 1712 ut
1042 1673 1191 1723 discat3
1215 1675 1286 1715 sed

260 1744 307 1783 ut
325 1741 438 1794 quod
458 1743 607 1781 notum
627 1743 687 1781 est
708 1740 787 1780 sibi
800 1772 812 1790 ,
836 1740 929 1781 aliis
957 1741 1142 1794 detegat,
1160 1746 1286 1797 Juxta

262 1812 375 1865 quod
400 1811 601 1852 dicitur2:
630 1825 649 1848 <‹
671 1810 884 1863 Palpebrae
905 1813 996 1864 eJus
1020 1812 1287 1866 interrogant

260 1882 368 1923 filios
382 1881 606 1923 hominum
621 1893 630 1921 :
650 1880 852 1922 Dominus
865 1882 1102 1934 interrogat
1118 1885 1284 1935 justum

261 1956 302 1994 et
318 1953 520 2006 impium:
542 1966 560 1990 >³
577 1964 662 1993 non
681 1955 727 1992 ut
749 1953 800 1993 ab
823 1953 882 1993 eis
902 1953 1060 2006 aliquid
1080 1955 1280 2006 addiscat,

262 2023 332 2064 sed
365 2027 412 2064 ut
440 2024 585 2065 doceat
612 2024 724 2076 quod
760 2024 976 2075 ignorant.
1013 2023 1154 2076 Unde,
1185 2027 1285 2078 quia

260 2094 463 2146 ignorant
482 2093 727 2146 quaestionis
743 2105 933 2144 causam,
956 2095 1176 2135 subditur:
1200 2097 1281 2138 Ne-

261 2164 460 2217 qcmtibus
477 2167 618 2206 autem
631 2164 837 2215 omnibus,
855 2164 978 2207 dixit
996 2165 1145 2207 Pet-rus
1159 2169 1195 2208 et
1208 2169 1284 2218 qui

260 2245 355 2276 cum
374 2234 446 2277 illo
466 2237 606 2284 erant,
627 2234 669 2274 id
695 2237 780 2285 est,
809 2234 879 2274 alii
901 2235 1093 2287 discipuli
1114 2248 1283 2277 causam

259 2306 333 2358 huj
341 2316 390 2346 us
406 2304 652 2358 quaestionis
668 2316 753 2344 non
773 2304 1068 2356 intelligentes,
1082 2305 1196 2347 Unde
1213 2319 1285 2359 po-

259 2377 367 2417 terat
385 2376 446 2415 eis
465 2375 545 2415 dici
563 2374 713 2414 illud3:
737 2388 756 2412 <‹
782 2374 933 2414 Adhuc
950 2377 990 2414 et
1009 2387 1086 2415 vos
1106 2376 1196 2416 sine
1213 2376 1278 2416 in-

257 2445 426 2486 tellectu
445 2444 572 2485 estis?
593 2458 611 2481 »
638 2444 737 2496 quia
756 2444 1034 2496 quaestionem
1054 2444 1171 2484 illam
1191 2457 1280 2485 car-

257 2514 423 2565 naliter,
439 2526 525 2555 non
542 2514 811 2567 spiritualiter
832 2514 1146 2566 intelligebant:
1169 2515 1282 2567 quod

257 2587 370 2638 patet
388 2585 433 2625 in
451 2586 530 2626 hoc
550 2585 661 2637 quod
680 2584 867 2625 adducit:
885 2585 1129 2636 Proeceptor,
1150 2585 1281 2627 turboe

257 2659 295 2697 te
323 2657 607 2708 comprimunt
634 2660 672 2697 et
695 2655 927 2707 (intimuit,⁸
955 2659 994 2697 ec
1019 2655 1128 2697 dicis
1141 2667 1155 2695 .·
1179 2656 1281 2702 Quis

256 2736 318 2768 me
337 2726 502 2779 tetz'qit‘?
528 2726 646 2778 quasi
664 2725 774 2766 dicat
796 2744 804 2765 ε
833 2725 937 2765 Cum
957 2737 1102 2765 omnes
1127 2728 1166 2765 te
1187 2728 1278 2765 tan--

257 2799 362 2848 gant
380 2797 684 2846 indifferenter,
714 2796 924 2848 quomodo
951 2796 1108 2848 quaeris
1128 2796 1177 2836 de
1203 2796 1278 2837 ali-

249 2879 340 2919 ·quo
375 2867 631 2920 specialiter?
666 2866 783 2907 Unde
814 2867 1037 2916 mirantur,
1068 2868 1280 2919 quomodo

256 2936 444 2979 Christus
456 2937 664 2990 magister
679 2940 719 2978 et
731 2939 962 2990 praeceptor
979 2940 1143 2990 quaerat
1159 2938 1280 2990 quasi

255 3008 306 3048 de
327 3008 476 3060 dubio,
505 3009 618 3073 quod
637 3008 834 3049 omnibus
854 3011 943 3048 erat
971 3008 1013 3048 in
1040 3008 1276 3049 manifesto.

254 3077 306 3118 Et
318 3078 410 3120 ideo
424 3080 573 3120 merito
584 3080 847 3120 mirabantur
866 3079 1077 3131 quomodo
1092 3079 1278 3120 Christus

254 3153 505 3201 proponeret
522 3151 798 3202 quaestionem
819 3161 916 3202 quae
936 3152 1110 3202 apparet
1134 3150 1273 3201 stulta,
1302 3186 1303 3191 ,

254 3230 351 3259 eum
369 3219 530 3260 dicatur
542 3220 578 3259 ⁶:
607 3235 627 3259 c(
644 3220 801 3262 Stultas
823 3222 965 3260 autem
989 3221 1029 3259 et
1048 3219 1139 3260 sine
1158 3219 1278 3260 disci-

299 3349 307 3366 ¹
325 3347 436 3387 Cant„
457 3355 513 3388 111,
539 3350 569 3380 4.
590 3366 629 3373 —
647 3349 658 3367 ²
681 3349 766 3380 Psal.
791 3357 834 3389 x,
857 3351 895 3389 5,
916 3350 946 3380 6.
967 3365 1008 3371 -
1029 3348 1042 3370 ³
1059 3348 1194 3388 Mattlz„
1218 3356 1275 3390 xv,

255 3395 307 3425 16.
327 3411 368 3417 --
385 3394 397 3413 ⁴
420 3395 441 3425 ΙΙ
467 3395 562 3432 Tim„
583 3403 623 3435 11,
643 3397 695 3427 23.
715 3413 755 3420 —
773 3397 787 3418 ⁵
810 3396 901 3436 Sap.y
922 3403 985 3434 XII,
1009 3397 1058 3427 17.
1085 3412 1125 3419 -—
1146 3396 1157 3414 Β
1178 3396 1275 3436 Sup.,

257 3448 311 3482 VI,
341 3443 390 3472 19.
416 3457 455 3464 -
476 3442 489 3462 '¹
515 3443 527 3472 l
555 3442 646 3482 Cora,
672 3450 704 3482 1,
730 3444 786 3482 23,
812 3445 863 3474 24.
888 3459 927 3466 —
951 3441 964 3463 ⁸
987 3441 1100 3482 Helua,
1128 3450 1157 3481 1,
1186 3444 1215 3474 3.
1236 3460 1277 3466 —

1370 269 1486 322 plina
1504 268 1760 321 quaestiones
1774 268 1929 311 devita.
1950 283 1969 307 n
1990 269 2069 310 Sed
2090 273 2189 323 quia
2206 273 2391 315 intellec-

1369 342 1461 380 tum
1477 340 1691 380 habebant
1704 339 1929 390 carnalem,
1948 341 2105 381 manud
2112 343 2258 383 ucendi
2275 348 2393 386 erant

1369 410 1421 451 ad
1449 409 1735 462 spiritualem;
1766 411 1936 462 propter
1956 410 2068 462 quod
2088 411 2201 451 addit
2224 412 2342 463 (ν.46
2356 402 2389 465 )’;

1369 481 1422 523 Et
1449 480 1571 523 discit
1599 481 1747 523 Jesus:
1778 481 1935 533 Tetiqz'c
1961 492 2022 523 me
2048 481 2231 534 aliquis,
2260 482 2303 522 id
2334 487 2396 525 est

1368 551 1510 603 aliqua
1534 563 1734 603 persona,
1770 553 1884 591 tactu
1911 551 2067 591 scilicet
2096 551 2320 605 spirituali.
2344 553 2395 594 Et

1367 621 1448 661 hoc
1475 620 1655 672 probat:
1689 621 1798 662 Nam
1827 624 1864 663 et
1894 631 1963 673 eqo
1990 622 2092 663 novi
2121 623 2320 664 virtutem
2345 623 2394 665 de

1367 700 1428 731 me
1447 690 1621 732 exiisse.
1646 690 1733 730 Hoc
1760 691 1858 731 dicit
1881 693 2088 743 quantum
2116 691 2169 732 ad
2195 692 2390 734 effectum

1368 760 1618 809 curationis;
1651 762 1692 800 et
1712 760 1771 799 sic
1789 760 2041 801 ¹verificatur
2069 761 2172 801 illud
2192 766 2230 802 ⁵:
2260 777 2279 800 α
2298 762 2392 803 Vir-

1366 831 1498 870 tutem
1515 829 1628 870 enim
1642 830 1824 870 ostendis
1837 832 1899 879 tu,
1918 832 1990 883 qui
2005 843 2091 871 non
2109 832 2290 873 crederis
2304 845 2395 875 esse

1365 899 1409 938 in
1441 899 1598 940 virtute
1629 903 1962 941 consummatus.
1990 915 2009 937 ³)
2037 901 2222 942 Ostendit
2251 906 2395 945 autem

1365 968 1563 1010 effectum
1601 970 1885 1022 egredientem
1920 971 1973 1010 ab
2007 971 2123 1023 ipso,
2161 973 2393 1014 secundum

1364 1037 1467 1078 illud
1499 1040 1609 1092 quod
1639 1052 1766 1090 supra
1786 1040 1938 1081 dicitur
1957 1041 1985 1090 ⁶,
2008 1041 2121 1094 quod
2147 1055 2167 1080 «
2186 1042 2324 1083 virtus
2344 1043 2394 1084 de

1363 1107 1435 1148 illo
1456 1109 1611 1160 exibat,
1634 1112 1675 1150 et
1694 1111 1868 1150 sanabat
1887 1122 2048 1151 omneS.
2072 1125 2090 1149 ))
2112 1111 2195 1152 Nec
2215 1113 2388 1164 mirum,

1365 1179 1464 1231 quia
1493 1179 1591 1220 dicit
1626 1181 1852 1232 Apostolus
1870 1185 1915 1221 ⁷:
1945 1196 1964 1220 (‹
1993 1181 2076 1222 Nos
2110 1183 2392 1235 praedicamus

1365 1249 1592 1299 Christum,
1610 1249 1681 1291 Dei
1696 1251 1913 1302 virtutem,
1931 1254 1971 1292 et
1989 1252 2061 1293 Dei
2080 1252 2330 1305 sapientiam
2346 1267 2355 1303 ;
2369 1267 2389 1291 n

1364 1321 1404 1359 et
1439 1319 1539 1359 item
1574 1320 1673 1360 dicit
1711 1324 1724 1345 ⁸
1759 1322 1872 1373 quod
1904 1325 1967 1362 est
1994 1336 2013 1361 c‹
2048 1325 2218 1374 portans
2251 1324 2394 1364 omnia

1363 1390 1494 1430 verbo
1517 1389 1684 1430 virtutis
1706 1403 1810 1432 suae.
1836 1405 1855 1429 n

1419 1458 1614 1499 Secundo
1632 1472 1734 1501 vero
1749 1461 1814 1513 adj
1823 1461 2000 1513 ungitur
2019 1462 2194 1504 detectio
2208 1464 2394 1505 veritatis

1363 1530 1636 1583 deprehensae
1657 1543 1732 1583 per
1750 1532 1931 1572 alienam
1952 1533 2272 1585 confessionem,
2296 1546 2394 1575 cum

1362 1601 1515 1642 dicitur
1537 1604 1600 1652 (v.
1614 1602 1709 1653 47):
1736 1602 1897 1645 Videas
1917 1604 2081 1655 mulier,
2104 1605 2208 1656 quia
2227 1615 2312 1647 non
2334 1605 2394 1647 la-

1362 1673 1458 1721 tuit,
1482 1674 1559 1712 etc.
1580 1671 1697 1713 Unde
1710 1675 1870 1725 poterat
1889 1674 2025 1715 dicere
2043 1675 2146 1715 illud
2169 1674 2393 1716 Samarita-

1361 1753 1429 1782 nae
1440 1744 1453 1766 ⁹
1477 1756 1485 1782 :
1516 1757 1534 1780 (1
1549 1742 1739 1794 Domine,
1755 1743 1879 1785 video
1893 1745 1993 1797 quia
2009 1745 2215 1797 propheta
2230 1757 2273 1786 es
2288 1748 2348 1787 tu.
2366 1760 2386 1784 ›)

1362 1811 1537 1864 Propter
1556 1813 1666 1865 quod
1688 1816 1727 1853 et
1748 1814 1838 1866 ipsa
1856 1817 2018 1867 poterat
2045 1815 2183 1855 simile
2209 1816 2392 1858 testimo·-

1360 1883 1481 1923 nium
1497 1895 1594 1924 cum
1613 1884 1685 1925 illa
1699 1885 1919 1937 perhibe-re
1933 1887 1961 1911 ¹⁰
1978 1886 2187 1935 misenus,
2199 1889 2241 1927 et
2252 1887 2389 1929 videte

1361 1953 1578 1994 hominem
1598 1955 1672 2006 qui
1693 1955 1797 1995 dixit
1817 1956 1922 1996 mihi
1947 1957 2090 1997 omnia
2110 1969 2389 2011 quaecumque

1360 2023 1451 2063 feci.
1475 2038 1493 2061 n
1520 2023 1626 2065 Vere
1645 2025 1721 2065 iste
1749 2028 1837 2066 erat
1857 2026 1961 2066 alter
1983 2025 2202 2077 Salomon,
2224 2028 2310 2069 imo
2330 2041 2390 2069 sa-

1360 2094 1542 2146 pientior
1562 2107 1626 2146 eo,
1648 2096 1699 2136 de
1718 2108 1803 2148 quo
1824 2097 1976 2138 dicitur
1996 2098 2023 2120 11
2044 2098 2155 2150 quod
2176 2100 2391 2140 «nonfuit

1360 2176 1498 2205 sermo
1518 2165 1591 2217 qui
1618 2177 1767 2217 regem
1791 2170 1930 2218 posset
1958 2167 2107 2217 latere;
2133 2182 2151 2206 n
2180 2169 2281 2221 quia
2301 2169 2390 2222 ipse

1360 2239 1421 2276 est
1442 2237 1492 2276 de
1512 2248 1597 2288 quo
1618 2238 1769 2279 Daniel
1788 2238 1815 2259 ¹²
1831 2250 1845 2278 .·
1854 2252 1873 2276 (1
1893 2238 1983 2291 Ipse
2002 2239 2120 2280 novit
2138 2239 2183 2279 in
2204 2241 2388 2281 tenebris

1359 2306 1599 2356 constituta,
1622 2310 1662 2347 et
1680 2307 1757 2347 lux
1779 2319 1874 2348 cum
1903 2320 1952 2349 eo
1973 2311 2047 2349 est.
2068 2323 2088 2346 »
2113 2309 2164 2350 Et
2183 2311 2282 2362 quia
2297 2313 2387 2364 Jam

1359 2379 1618 2427 cognoverat
1639 2379 1881 2429 potentiam.
1898 2378 1943 2418 in
1962 2379 2138 2430 effectu',
2161 2383 2201 2420 et
2221 2382 2386 2433 sapien-

1358 2445 1458 2485 tiam
1486 2446 1738 2499 percipiebat
1763 2447 1806 2487 in
1832 2460 2025 2489 sermone
2034 2463 2044 2498 ;
2079 2449 2172 2490 ideo
2199 2452 2384 2492 attende-

1357 2515 1428 2556 bat
1446 2528 1490 2556 se
1508 2528 1594 2557 non
1615 2529 1736 2569 posse
1755 2518 1944 2570 effugere
1956 2550 1965 2567 ,
1987 2521 2028 2559 et
2045 2523 2267 2572 propterea
2285 2522 2384 2562 sub-

1357 2585 1489 2625 ditur:
1518 2586 1712 2629 Tremens
1731 2589 1860 2638 venit,
1880 2592 1918 2630 6τ
1936 2589 2126 2640 procidit
2147 2594 2242 2633 ante
2258 2592 2386 2643 pedes

1356 2654 1460 2706 ejus,
1484 2656 1535 2696 ad
1555 2657 1915 2699 honorificandam
1937 2660 2029 2711 ejus
2050 2661 2310 2712 majestatem
2332 2662 2381 2703 ¹³:

1363 2740 1381 2762 «
1410 2725 1517 2774 Quid
1544 2726 1725 2779 dignum
1754 2728 1929 2769 offeram
1956 2729 2162 2771 Domino?
2192 2730 2383 2774 Curvabo

1359 2808 1475 2848 genu
1504 2797 1587 2838 Deo
1617 2798 1812 2839 excelso?
1841 2814 1860 2837 2>
1886 2799 1936 2840 Et
1955 2800 2035 2840 hoc
2062 2813 2158 2841 cum
2178 2804 2379 2854 tremore,

1357 2869 1456 2920 quia
1475 2869 1585 2910 solos
1611 2869 1713 2910 tales
1732 2871 1900 2923 respicit
1922 2870 2031 2911 Deus
2051 2873 2080 2897 ¹¹⁹
2098 2887 2105 2912 :
2131 2887 2151 2911 (1
2171 2873 2236 2914 Ad
2256 2887 2383 2927 quem

1356 2939 1597 2992 respiciam,
1628 2941 1709 2981 nisi
1732 2941 1783 2981 ad
1807 2942 2137 2993 pauperculum,
2162 2947 2202 2984 et
2227 2946 2383 2985 contri-

1354 3010 1446 3049 tum
1465 3010 1632 3062 spiritu,
1649 3013 1689 3051 et
1704 3013 1954 3052 trementem
1969 3024 2184 3055 sermones
2198 3017 2342 3056 meos?
2360 3030 2380 3054 »

1354 3078 1405 3120 Et
1434 3080 1527 3121 ideo
1556 3081 1707 3122 dicitur
1727 3082 1754 3107 ¹⁵
1779 3096 1788 3122 z
1818 3082 1962 3123 «Cum
1994 3087 2110 3125 metu
2129 3087 2171 3125 et
2200 3087 2382 3127 tremore

1354 3153 1538 3192 vestram
1575 3153 1753 3193 salutem
1790 3154 2039 3205 operamini.
2074 3170 2093 3192 n
2139 3154 2244 3204 Quia
2279 3168 2381 3196 vero

1352 3221 1458 3262 nihil
1486 3223 1626 3275 magis
1653 3225 1811 3275 spectat
1835 3224 1888 3265 ad
1916 3224 2123 3266 honorem
2151 3226 2380 3276 maiestatis

1352 3351 1364 3369 ⁹
1381 3351 1488 3391 Joan„
1509 3359 1555 3392 xv,
1574 3354 1623 3383 19.
1643 3369 1683 3375 -
1703 3353 1728 3374 1·
1750 3353 1845 3394 ibid„
1866 3356 1917 3386 29.
1935 3372 1974 3377 —
1996 3355 2019 3376 ¹1
2041 3355 2082 3385 111
2105 3355 2209 3395 Rey.„
2231 3362 2264 3393 x,
2285 3357 2315 3386 3.
2337 3372 2379 3379 -

1353 3397 1378 3418 ¹²
1393 3397 1494 3437 Dan.y
1514 3406 1537 3438 1,
1557 3399 1610 3430 22.
1629 3416 1664 3421 -
1687 3399 1713 3420 ¹³
1726 3400 1838 3441 Mz'clz„
1858 3409 1906 3441 Vl,
1924 3403 1954 3432 6.
1972 3416 2010 3425 —-
2033 3400 2060 3422 ¹⁴
2077 3401 2155 3436 Isa„
2174 3408 2267 3441 wa,
2286 3403 2317 3433 2.
2337 3419 2377 3426 -==

1354 3445 1381 3466 ¹⁵
1400 3445 1538 3486 Philip„
1559 3453 1597 3485 11,
1620 3447 1668 3477 12.
1687 3463 1727 3469 —
1750 3447 1791 3487 (a)
1815 3448 1894 3480 Caet.
1914 3447 1992 3479 cclz't.
2013 3447 2190 3479 illecebris.
