2634 3853
245 48 321 88 236

245 137 307 177 est
335 135 490 177 sanctis
515 139 525 160 ¹
551 149 560 176 :
591 149 610 173 α
637 133 824 176 Salutate
854 131 1037 173 invicem
1056 129 1102 168 in
1128 125 1271 167 osculo

243 210 403 249 sancto.
423 222 443 247 »
468 206 695 256 Salutavit‚
717 206 895 258 inquam
909 235 920 254 ,
941 213 1028 242 non
1047 199 1186 241 solum
1203 210 1273 251 op-

243 280 396 331 tando,
419 279 491 320 sed
510 278 636 319 etiam
654 277 834 317 salutem
854 274 898 314 in
927 271 1163 314 Jerusalem
1192 281 1272 322 ap-

243 350 468 405 portando,
496 351 543 390 ut
564 347 789 400 impleatur
814 344 942 394 illud,
971 342 1085 395 quod
1112 341 1272 382 dictum

243 424 306 464 est
325 423 338 444 ²
362 437 370 462 2
401 436 420 459 (ι
441 420 613 472 Propter
634 418 734 458 Sion
754 428 840 456 non
860 414 1023 465 tacebo,
1041 415 1082 453 et
1100 414 1272 465 propter

242 493 473 535 Jerusalem
495 503 578 531 non
599 489 833 542 quiescam,
866 486 998 527 donec
1027 483 1272 537 egrediatur

242 568 289 608 ut
311 564 521 618 splendor,
533 563 676 615 justus
696 560 809 612 ejus,
833 561 873 599 et
897 557 1090 599 Salvator
1112 556 1205 608 ejus
1225 557 1274 595 ut

241 637 403 688 lampas
418 632 684 673 accendatur.
707 644 726 668 n
758 629 809 671 Et
825 631 918 682 post
940 643 948 669 :
984 643 1003 667 «
1024 626 1152 668 Dicite
1171 625 1272 666 filiae

242 707 342 748 Sion
363 720 371 746 z
392 704 497 746 Ecce
520 702 713 744 Salvator
734 704 834 742 tuus
857 699 973 741 venit
999 713 1008 740 z
1030 710 1123 739 ecce
1156 709 1272 738 mer-

242 789 309 819 ces
329 778 421 829 eJus
441 786 538 816 cum
560 786 608 814 eo
624 805 634 823 ,
658 775 698 814 et
717 784 824 826 opus
855 773 947 824 ejus
968 781 1111 811 coram
1138 768 1224 810 illo.
1248 781 1267 806 υ

244 848 291 890 Et
312 850 409 889 nota
425 879 435 898 ,
459 846 572 900 quod
593 845 728 896 Virgo
749 844 868 897 prius
888 843 1065 883 domum
1081 840 1270 890 intravit,

242 923 283 962 et
294 922 436 973 postea
455 917 651 958 salutavit
669 931 677 956 :
697 915 796 968 quia
801 916 893 967 Jam
904 912 1128 965 incipiebat
1138 909 1273 962 Virgo

242 990 451 1032 mandatis
471 987 727 1039 evangelicis
757 984 1007 1026 consentire.
1030 981 1137 1022 Nam
1166 981 1275 1021 infra

242 1062 392 1103 dicitur
412 1061 426 1082 ³
454 1073 464 1101 :
491 1075 510 1097 c(
530 1058 753 1100 Neminem
784 1068 858 1109 per
878 1056 992 1097 viam
1022 1053 1275 1094 salutaveri-

241 1134 308 1173 tis.
328 1147 347 1170 ›>
374 1132 424 1173 Et
443 1135 586 1185 postea
606 1129 828 1170 subditur:
856 1143 875 1166 «
890 1127 937 1168 In
956 1136 1275 1180 quamcumque

242 1205 416 1246 domum
451 1202 732 1251 intraveritis,
769 1200 956 1254 primum
989 1197 1113 1238 dicite
1148 1211 1157 1237 ε
1186 1196 1276 1237 Pax

242 1276 345 1317 huic
358 1275 517 1317 domui.
543 1288 562 1313 n
586 1273 704 1323 Quod
725 1273 852 1313 etiam
872 1270 967 1311 fecit
984 1269 1116 1321 Virgo
1133 1268 1270 1308 beata.

297 1347 491 1388 Secundo
539 1357 642 1387 vero
685 1342 968 1385 introducitur
1014 1339 1277 1381 salutationis

244 1420 440 1470 effectus,
468 1430 566 1471 quae
590 1417 669 1458 fuit
690 1414 886 1457 excitatio
909 1412 1079 1462 matris,
1109 1414 1149 1451 et
1168 1410 1275 1451 laeti-

245 1491 382 1532 ficatio
412 1490 542 1543 prolis
557 1520 568 1538 ,
596 1490 768 1542 propter
792 1485 940 1526 matris
959 1482 1273 1524 excitationem.

245 1562 362 1603 Unde
383 1561 538 1603 dicitur
561 1560 574 1581 ¹·
604 1574 613 1600 ε
647 1559 701 1601 Et
727 1559 889 1610 factum
916 1560 998 1605 esc,
1027 1557 1074 1595 uc
1106 1552 1280 1595 audivit

244 1633 549 1676 salutationem
564 1630 716 1673 Murice
728 1627 957 1670 Elisabeth.
973 1624 1279 1666 Salutationem

244 1717 429 1758 namque
450 1703 642 1756 Virginis
664 1700 876 1742 Elisabeth
897 1697 1145 1747 audiverat,
1177 1695 1279 1748 quia

247 1790 341 1818 eam
355 1776 538 1817 amabat.
555 1774 569 1795 ⁵
589 1789 608 1812 «
626 1773 728 1823 Quae
743 1771 910 1812 habitas
924 1769 970 1809 in
982 1767 1136 1817 hortis,
1156 1766 1279 1807 amici

247 1848 506 1899 auscultant3
530 1847 594 1887 fac
614 1858 683 1886 me
703 1844 849 1885 audire
863 1853 1011 1884 vocem
1030 1842 1164 1880 tuam.
1186 1852 1206 1877 ›)
1229 1838 1280 1879 Et

247 1921 291 1960 in
305 1920 465 1962 Joarme
484 1918 552 1970 (W
563 1931 576 1957 .·
593 1933 611 1957 α
622 1916 703 1966 Qui
716 1928 769 1956 ex
785 1914 866 1955 Deo
879 1916 956 1964 est,
968 1911 1099 1953 verba
1113 1910 1185 1951 Dei
1200 1922 1281 1950 au-

247 1991 320 2033 dit.
343 2005 362 2028 i>
396 1990 501 2030 Item
521 1989 534 2010 Τ
558 2004 565 2029 ;
591 1989 696 2030 Cum
716 1984 977 2039 accepissetis
997 1995 1021 2023 a
1040 1981 1163 2022 nobis
1184 1992 1279 2022 ver-

248 2063 353 2103 bum
368 2061 538 2102 auditus
554 2059 642 2111 Dei,
659 2057 876 2111 accepistis
895 2055 998 2096 illud
1018 2066 1104 2094 non
1123 2055 1170 2093 ut
1190 2064 1283 2093 ver-

247 2135 351 2175 bum
371 2133 613 2183 hominum,
638 2131 724 2181 sed,
749 2129 855 2169 sicut
879 2130 940 2168 est
959 2138 1074 2175 vere,
1097 2125 1282 2166 verbum

248 2206 334 2247 Dei.
357 2220 375 2244 n
402 2204 578 2246 Audivit
595 2203 742 2256 utique
764 2201 943 2242 verbum
964 2197 1109 2239 salutis
1128 2197 1180 2237 ab
1204 2207 1277 2246 ea,

248 2289 344 2331 quae
358 2278 605 2330 conceperat
616 2274 804 2317 Verbum
820 2272 1108 2318 incarnatum,
1131 2268 1177 2308 in
1197 2278 1282 2320 quo

249 2349 361 2389 salus
375 2350 457 2399 est,
480 2347 713 2388 secundum
731 2344 837 2386 illud
855 2344 868 2366 ⁸
893 2357 902 2384 :
931 2357 950 2381 «
971 2342 1017 2382 ln
1040 2341 1285 2380 mansuetu-

250 2421 346 2462 dine
367 2420 565 2473 suscipite
583 2418 758 2460 insitum
782 2416 963 2457 verbum
978 2446 988 2465 ,
1012 2411 1127 2466 quod
1148 2411 1284 2464 potest

251 2492 416 2533 salvare
446 2491 609 2531 animas
635 2491 811 2531 vestras.
844 2501 862 2523 n
891 2485 920 2525 1³
923 2485 988 2525 uit
1015 2495 1121 2535 ergo
1151 2484 1286 2522 mater

251 2561 383 2603 verbo
403 2560 593 2613 Virginis
612 2560 792 2600 excitata
815 2573 824 2598 :
856 2557 936 2597 fuit
957 2558 996 2596 et
1016 2554 1156 2608 proles
1175 2554 1284 2595 laeti-

251 2634 387 2674 ficata.
416 2631 535 2673 Unde
562 2631 715 2672 dicitur
747 2645 756 2670 ε
796 2628 1029 2671 Eoeultavz't
1061 2628 1213 2678 infans
1238 2628 1287 2668 in

253 2707 369 2746 utero
385 2703 477 2755 ejus
497 2716 510 2742 .·
530 2703 574 2742 in
594 2714 679 2755 quo
701 2700 952 2750 ostenditur,
971 2699 1084 2753 quod
1107 2698 1124 2739 J
1131 2709 1287 2739 oannes

254 2777 344 2817 erat
377 2774 540 2815 amicus
570 2773 722 2827 Sponsi
754 2772 1017 2825 praecipuus,
1052 2770 1287 2811 secundum

255 2846 369 2900 quod
394 2846 445 2887 de
471 2846 560 2898 ipso
586 2845 784 2886 scribitur
814 2844 827 2866 ⁹
863 2858 871 2884 :
900 2859 918 2882 «
942 2843 1116 2884 Amicus
1144 2844 1289 2883 autem

255 2917 423 2971 sponsi,
441 2916 514 2969 qui
529 2918 608 2956 stat
623 2948 633 2967 ,
657 2918 698 2956 et
717 2916 835 2957 audit
855 2927 977 2965 eum,
1000 2914 1158 2964 gaudio
1179 2925 1289 2966 gau-

257 2988 326 3030 det
357 2989 528 3041 propter
546 2999 695 3028 vocem
715 2987 912 3040 sponsi.»
939 2986 1187 3036 Eoeultavit,
1222 2985 1287 3025 in-

257 3071 408 3114 quam,
429 3070 518 3113 prae
540 3058 759 3108 desiderio,
782 3059 889 3099 sicut
918 3059 1047 3098 etiam
1066 3059 1205 3110 patres
1225 3060 1253 3082 ¹⁰
1277 3071 1286 3097 ε

264 3146 283 3171 α
307 3131 525 3173 Abraham
544 3132 662 3184 pater
681 3133 821 3171 vester
840 3129 1073 3180 exultavit,
1104 3131 1151 3169 ut
1170 3128 1290 3170 vide-

302 3216 309 3237 ¹
334 3214 438 3255 Rom„
458 3221 539 3254 XVI,
562 3214 611 3244 16.
637 3229 677 3236 —
703 3212 715 3231 ²
740 3213 819 3251 Im„
845 3220 936 3252 LXII,
965 3214 996 3252 ἡ,
1024 3214 1075 3243 11.
1100 3228 1141 3234 -
1164 3211 1178 3233 ³
1204 3212 1293 3250 Luc„

258 3270 301 3303 x,
327 3264 366 3300 4,
394 3264 426 3295 5.
453 3278 495 3285 —
520 3261 534 3283 ὅ
562 3261 653 3300 Luc„
683 3269 712 3299 1,
739 3263 787 3308 41..
815 3278 855 3284 —
883 3261 896 3282 5
925 3259 1038 3297 Cant„
1066 3266 1148 3300 vm,
1178 3260 1226 3291 13.
1253 3277 1293 3283 -—

260 3310 274 3331 ⁶
294 3310 404 3347 Joan„
435 3317 522 3350 xm,
554 3310 605 3341 47.
635 3325 670 3331 ——
703 3309 713 3327 ⁷
741 3309 752 3340 l
780 3308 898 3348 Them,
928 3315 971 3347 11,
994 3309 1044 3339 13.
1068 3323 1108 3330 ·—
1131 3305 1145 3327 ⁸
1163 3306 1246 3348 Iac„
1267 3315 1292 3346 ῐ,

260 3356 313 3388 21.
334 3373 375 3381 —
393 3358 404 3376 ⁹
424 3357 533 3398 Joan.,
554 3364 613 3398 111,
634 3357 685 3389 29.
703 3372 744 3381 —
769 3356 791 3375 ¹⁰
812 3355 908 3396 ibid„
929 3361 1007 3395 vm,
1028 3355 1079 3387 56.
1100 3371 1142 3379 —
1163 3355 1186 3377 ¹¹
1204 3354 1292 3396 Luc„

1000 35 1282 81 EVANGELII
1312 35 1499 78 SANCTI
1529 35 1677 78 LUCAE

1346 127 1412 168 ret
1437 126 1552 168 diem
1583 136 1731 167 meum
1764 137 1775 166 ε
1805 125 1932 178 vidit,
1967 130 2008 168 et
2034 130 2209 181 gavisus
2241 107 2318 171 est.
2351 143 2370 168 n

1347 197 1574 241 Exultavit
1589 197 1642 239 ad
1656 195 1925 250 praesentiam
1939 197 2108 240 Domini
2127 199 2371 249 SalvatoriS‚

1348 271 1471 324 quasi
1505 270 1692 322 gestiens
1723 267 1926 318 salutare3
1959 271 2000 309 et
2031 282 2257 324 assurgere
2285 274 2377 325 J'am

1349 342 1524 396 incoepit
1542 342 1720 384 Domino
1741 353 1842 392 suc,
1864 341 1987 393 cujus
2009 345 2099 383 erat
2119 355 2370 395 praecursor.

1349 411 1467 454 Unde
1492 414 1646 454 dicitur
1666 413 1712 453 in
1742 411 1887 452 Glossa
1914 411 2063 464 Bedae,
2098 415 2198 466 quia
2227 414 2379 467 lingua

1349 496 1436 526 non
1453 486 1635 538 poterat,
1663 484 1756 524 ideo
1784 483 1928 523 animo
1955 483 2171 525 exultante
2200 484 2376 537 salutat,

1349 559 1390 596 et
1409 567 1500 596 suae
1526 554 2041 608 praecursionisofficium
2068 555 2252 597 inchoat.
2276 557 2380 598 Ecce

1348 633 1545 680 apparet,
1567 627 1679 680 quod
1702 625 1896 678 Angelus
1916 625 2080 667 dixerat
2100 627 2125 649 ¹¹
2151 642 2159 668 ε
2191 628 2378 682 «Spiritu

1349 701 1492 739 sancto
1530 698 1762 751 replebitur
1803 697 1942 737 adhuc
1980 709 2034 738 ex
2071 700 2193 739 utero
2233 700 2381 741 matris

1349 781 1454 810 suae.
1478 783 1496 807 n
1523 769 1588 810 Ex
1613 781 1698 822 quo
1719 768 1844 809 datur
1871 768 2146 821 spiritualiter
2173 770 2378 823 intelligi,

1349 841 1462 893 quod
1482 840 1747 893 propositum
1770 842 1962 880 sanctum
1982 852 2069 881 non
2083 843 2219 894 potest
2234 842 2378 894 latere,

1350 911 1456 964 quin
1489 923 1533 951 se
1560 909 1818 960 manifestet,
1855 912 1894 949 et
1922 922 2042 951 amor
2074 913 2252 954 interior
2282 925 2382 966 pro-

1350 984 1521 1034 rumpat
1540 981 1586 1021 in
1606 993 1727 1034 opus
1749 980 1868 1021 Unde
1890 980 2122 1033 Gregorius
2142 984 2170 1005 ¹²
2194 997 2204 1024 z
2226 998 2245 1022 <‹
2263 982 2381 1025 Nun-

1351 1065 1481 1105 quam
1498 1064 1612 1094 amor
1633 1052 1705 1092 Dei
1725 1055 1788 1092 est
1807 1051 1981 1092 otiosus.
2004 1066 2023 1090 »

1403 1123 1542 1165 Tertio
1586 1123 1868 1176 subJungitur
1908 1122 2125 1164 Elisabeth
2162 1124 2384 1166 salutantis

1351 1194 1527 1236 affectus
1546 1206 1734 1247 magnus
1751 1196 1792 1234 et
1812 1194 2042 1246 benignus.
2068 1194 2244 1249 Propter
2266 1209 2387 1248 mag-

1351 1266 1591 1307 nitudinem
1618 1265 1774 1306 dicitur
1809 1281 1817 1306 :
1853 1266 1909 1308 Ec
1938 1266 2095 1319 repleta
2127 1270 2188 1310 est
2218 1268 2387 1321 Spiritu

1351 1341 1497 1379 sancto
1515 1335 1744 1386 Elisabeth,
1765 1339 1804 1379 ec
1819 1336 2080 1380 eoeelcwzavz'c
2100 1348 2195 1381 voce
2212 1351 2384 1393 magma.

1353 1408 1603 1461 Magnitudo
1611 1420 1797 1461 namque
1807 1409 1937 1459 vocis,
1949 1409 1981 1449 si
1987 1421 2126 1461 gnum
2139 1413 2201 1451 est
2213 1422 2387 1462 magnae

1353 1480 1608 1530 affectionis,
1631 1479 1731 1531 quia
1750 1490 1875 1519 voces
1905 1479 1933 1500 ¹³
1955 1482 2054 1520 sunt
2081 1482 2195 1521 notae
2226 1482 2386 1534 passio-

1353 1564 1473 1592 num.
1503 1551 1531 1576 ¹¹·
1559 1566 1577 1588 ε(
1598 1549 1856 1601 Adimplebit
1876 1561 1977 1590 eum
2001 1550 2151 1603 spiritu
2172 1552 2388 1605 sapientiae

1354 1625 1394 1664 et
1415 1622 1668 1663 intellectus.
1687 1636 1705 1659 n
1732 1621 1783 1662 Et
1801 1622 1956 1663 iterum
1972 1623 2000 1648 ¹⁸
2019 1637 2059 1663 z«
2074 1622 2164 1676 Ipse
2183 1626 2387 1677 tanquam

1354 1693 1513 1734 imbres
1539 1693 1675 1733 mittet
1701 1693 1870 1746 eloquia
1898 1694 2116 1747 sapientiae
2138 1707 2252 1746 suae,
2283 1697 2388 1736 etin

1355 1764 1545 1806 oratione
1566 1764 1836 1805 confitebitur
1854 1764 2048 1806 Domino.
2068 1780 2086 1803 ))
2115 1765 2211 1806 [deo
2243 1769 2386 1807 autem

1355 1848 1459 1878 voce
1474 1847 1633 1888 magna
1647 1835 1878 1886 clamabat,
1895 1837 1996 1889 quia
2010 1836 2132 1878 illum
2148 1837 2390 1879 continebat

1355 1907 1399 1947 in
1431 1910 1575 1958 utero,
1609 1907 1683 1960 qui
1716 1909 1805 1948 erat
1840 1920 1926 1949 vox
1956 1907 2108 1960 Verbi,
2149 1908 2388 1950 secundum

1357 1979 1469 2032 quod
1498 1979 1549 2019 de
1569 1979 1658 2031 ipso
1681 1978 1832 2018 dicitur
1856 1978 1885 2002 ¹⁶
1909 1993 1917 2018 z
1943 1993 1963 2017 (‹
1985 1977 2077 2020 Vox
2102 1978 2326 2020 clamantis
2346 1979 2390 2019 in

1356 2051 1521 2092 deserto
1544 2062 1553 2089 ε
1583 2051 1729 2102 parate
1756 2049 1869 2089 viam
1890 2049 2076 2090 Domini.
2102 2064 2120 2088 >³
2155 2049 2232 2092 Cui
2262 2050 2391 2091 etiam

1357 2121 1512 2163 dicitur
1532 2120 1686 2161 ibidem
1711 2134 1720 2160 ε
1753 2119 1928 2173 «Super
1958 2124 2147 2162 montem
2175 2122 2391 2163 excelsum

1357 2193 1532 2234 ascende
1551 2195 1620 2243 tu,
1643 2192 1717 2245 qui
1738 2192 2009 2245 evangelizas
2029 2193 2130 2234 Sion
2151 2208 2159 2233 :
2184 2193 2323 2234 exalta
2346 2194 2390 2234 in

1357 2265 1606 2306 fortitudine
1639 2276 1789 2305 vocem
1827 2267 1968 2315 tuam,
2009 2265 2084 2318 qui
2119 2265 2391 2317 evangelizas

1357 2336 1589 2378 Jerusalem
1603 2350 1613 2386 3
1631 2335 1784 2387 exalta,
1798 2335 1886 2377 noli
1897 2336 2060 2377 timere.
2072 2336 2145 2377 Dic
2154 2336 2394 2378 civitatibus

1358 2408 1379 2450 J
1383 2408 1478 2450 udae
1498 2423 1506 2449 z
1524 2408 1629 2449 Ecce
1647 2407 1757 2448 Deus
1771 2409 1911 2449 vester
1927 2422 1938 2448 ι
1957 2420 2049 2449 ecce
2063 2408 2269 2449 Dominus
2282 2407 2394 2449 Deus

1360 2480 1405 2520 in
1423 2478 1668 2520 fortitudine
1684 2478 1840 2519 veniet.
1861 2493 1881 2517 >i
1896 2478 1931 2520 N
1934 2492 1981 2520 ec
1997 2482 2086 2520 tam
2104 2479 2184 2520 fuit
2200 2491 2287 2521 vox
2301 2481 2337 2532 ej
2345 2491 2394 2520 us

1361 2551 1566 2601 clamosa,
1589 2562 1719 2602 quam
1741 2549 1906 2591 devota.
1931 2549 2048 2591 Unde
2075 2550 2128 2591 ad
2147 2550 2394 2603 exprimen-

1361 2623 1459 2664 dam
1496 2621 1808 2672 benignitatem
1840 2620 2037 2671 affectus,
2078 2621 2219 2661 subdit
2254 2621 2395 2662 dicens

1365 2695 1420 2748 (v.
1441 2694 1506 2747 42)
1535 2706 1544 2734 :
1567 2693 1621 2734 Et
1646 2691 1768 2735 dioez't
1789 2705 1802 2732 .·
1828 2691 2060 2734 Benedicta
2090 2698 2137 2734 cu
2164 2692 2275 2734 inter
2301 2702 2393 2733 mu-

1362 2766 1509 2817 lieres,
1532 2768 1569 2807 et
1589 2764 1829 2807 benedictus
1849 2764 2014 2815 fructus
2035 2763 2197 2804 ventris
2219 2763 2302 2805 tui.
2324 2761 2398 2803 Be-

1362 2838 1518 2879 nedicit
1538 2835 1752 2878 Elisabeth
1778 2833 1945 2887 Virgini
1972 2832 2099 2873 simul
2127 2836 2167 2873 et
2193 2833 2321 2886 proli,
2351 2835 2398 2874 ut

1363 2909 1573 2962 compleat
1599 2906 1837 2959 angelicam
1863 2904 2173 2946 salutationem.
2196 2904 2396 2946 Benedic-

1364 2983 1524 3023 tionem
1540 2979 1620 3020 sibi
1633 2981 1749 3032 optat
1761 3010 1772 3030 ,
1797 2981 1837 3018 et
1845 2978 1935 3031 jam
1954 2976 2219 3018 benedictam
2238 2988 2402 3017 annun-

1364 3054 1440 3096 tiat
1458 3065 1507 3094 ea
1521 3049 1829 3099 benedIctione,
1846 3060 1976 3101 quam
1997 3047 2200 3088 Dominus
2214 3047 2400 3089 Abrahae

1367 3195 1391 3228 1,
1411 3189 1460 3218 15.
1478 3202 1519 3207 —
1539 3184 1567 3206 ¹²
1584 3183 1699 3223 Greg.‚
1715 3181 1750 3213 in
1767 3180 1908 3220 Evany„
1923 3178 2018 3211 hom.
2040 3186 2162 3212 xxxix.
2179 3196 2220 3204 —
2239 3179 2267 3202 18
2287 3179 2403 3222 Arist„

1366 3233 1405 3265 cle
1438 3233 1628 3272 Inter-pret„
1660 3228 1720 3260 lib.
1750 3228 1783 3267 l,
1818 3237 1846 3258 c.
1884 3235 1908 3259 1.
1938 3244 1979 3250 —
2010 3226 2031 3245 ¹⁴
2065 3225 2183 3267 Eccli„
2216 3234 2272 3267 XV,
2302 3228 2333 3259 5.
2363 3243 2404 3250 —

1369 3282 1394 3304 ¹⁵
1417 3279 1536 3320 Ecclz’.,
1557 3284 1684 3317 xxxlx,
1707 3277 1736 3307 9.
1755 3292 1798 3299 —
1822 3275 1849 3297 ¹⁶
1868 3275 1946 3316 lsa„
1966 3282 2027 3315 XL,
2049 3275 2080 3313 3,
2106 3276 2138 3316 9,
2162 3276 2211 3307 10.

1411 3354 1454 3395 (a)
1479 3352 1560 3386 Caet.
1579 3347 1661 3382 edit.
1679 3347 1841 3381 JoanneS.

2401 635 2461 661 Nec
2474 644 2540 670 pro-

2399 676 2541 712 positum,

2400 724 2454 744 nec
2460 725 2544 745 amor

2401 757 2541 786 abscondi

2419 801 2528 834 potest.

2416 2707 2557 2737 Benedic-

2414 2750 2466 2779 tio.
