2634 3853
281 238 360 277 570

279 328 316 368 et
334 325 436 366 hora
461 333 546 376 qua
572 322 720 365 nescit.
746 323 756 345 ¹
784 337 801 360 a
822 321 949 362 Juxta
974 320 1037 359 est
1065 318 1152 359 dies
1171 318 1310 371 perdi-

279 395 429 445 tionis,
468 396 508 434 et
545 394 688 435 adesse
726 392 923 432 festinant
960 392 1166 441 tempora.
1206 403 1224 425 ))
1262 388 1313 429 Et

283 466 493 518 Sphom'as
508 466 546 506 ²:
572 465 729 505 «Juxta
744 465 804 503 est
820 462 906 501 dies
924 460 1087 500 Domini
1109 471 1310 511 magnus,

275 539 402 589 juxta
422 539 482 577 est
502 539 541 576 et
562 534 686 575 velox
707 533 847 573 nimis.
870 546 888 569 ι)
914 531 963 572 Et
982 531 1078 570 licet
1096 530 1149 569 sit
1164 531 1309 582 juxta,

279 610 421 648 tamen
443 606 557 648 venit
589 603 812 644 mundanis
843 615 896 644 ex
924 601 1172 654 improviso.
1195 601 1313 641 Unde

280 679 555 721 Ecclesiastes
568 677 661 729 (a)³:
685 691 703 714 (ι
718 674 855 716 Nescit
870 674 999 715 homo
1018 674 1148 714 finem
1166 684 1309 721 suum,

282 751 352 791 sed
383 751 492 790 sicut
524 748 659 801 pisces
687 746 912 799 capiuntur
942 745 1070 785 hamo
1092 776 1101 794 ,
1137 747 1177 785 et
1207 744 1314 784 sicut

282 834 380 862 aves
406 821 558 874 laqueo
583 818 1025 872 comprehenduntur,
1049 816 1107 857 sic
1132 816 1311 869 capiun-

281 898 350 935 tur
369 893 562 934 homines
582 894 771 945 tempore
792 890 925 941 malo,
948 902 1048 930 cum
1069 890 1128 930 eis
1147 891 1312 929 extem-

280 966 350 1018 plo
370 964 676 1018 supervenerit.
699 977 718 1000 »
745 962 793 1003 Et
821 962 922 1015 quia
949 960 1312 1013 contemptoribus

276 1036 431 1090 Judicis
452 1047 585 1087 grave
610 1034 804 1075 imminet
831 1032 1065 1085 judicium,
1097 1031 1190 1071 ideo
1211 1031 1311 1072 sub-

281 1108 340 1148 dit
372 1119 381 1147 :
417 1109 476 1149 Ec
505 1106 790 1148 dividerem
812 1136 822 1155 ‚
859 1103 1017 1144 scilicet
1049 1116 1073 1143 a
1102 1102 1313 1143 consortio

280 1179 514 1228 bonorum,
533 1176 766 1218 secundum
786 1175 891 1216 illud
912 1174 1109 1217 Matthaei
1124 1179 1138 1199 ⁶
1160 1189 1167 1214 :
1192 1190 1211 1213 «
1227 1174 1314 1215 Sta-

281 1253 371 1290 tuet
393 1261 493 1291 oves
513 1248 684 1302 quidem
705 1259 729 1287 a
748 1247 907 1287 dextris
937 1246 1047 1297 suis,
1071 1246 1216 1286 haedos
1235 1259 1311 1286 au-

280 1324 366 1362 tem
387 1333 411 1361 a
431 1320 622 1360 sinistris.
647 1335 666 1357 »
689 1319 935 1371 Partemque
964 1318 1055 1370 ejus
1083 1328 1177 1359 cum
1204 1318 1312 1368 inst-

282 1392 442 1434 delibus
478 1395 602 1444 ponet
630 1423 640 1440 ‚
674 1391 774 1444 quia
816 1390 971 1430 scilicet
1012 1391 1104 1442 Jam
1136 1388 1314 1442 judicati

282 1465 381 1503 sunt
412 1465 425 1486 ⁵
461 1474 470 1502 ε
503 1462 621 1511 «Qui
659 1473 746 1502 non
784 1461 934 1512 credit,
972 1461 1062 1512 jam
1103 1459 1314 1513 judicatus

280 1535 362 1583 est,
384 1533 484 1585 quia
508 1545 595 1573 non
618 1532 793 1573 credidit
825 1531 871 1571 in
899 1530 1071 1571 nomine
1100 1530 1315 1582 unigeniti

280 1604 354 1643 filii
376 1603 461 1644 Dei.
483 1618 501 1641 »
527 1603 577 1645 Et
596 1604 677 1644 1100
696 1605 827 1654 recte,
850 1603 950 1655 quia
979 1602 1133 1642 dicitur
1155 1606 1168 1628 ⁸
1193 1616 1201 1642 ε
1233 1617 1251 1640 α
1272 1602 1315 1643 Si

280 1675 376 1727 quis
395 1687 572 1715 suorum
593 1677 634 1714 et
662 1674 847 1713 maxime
879 1672 1212 1713 domesticorum
1245 1685 1315 1713 cu-

279 1758 371 1785 ram
398 1758 486 1786 non
517 1746 665 1795 habet,
688 1744 813 1784 sidem
837 1743 1038 1795 negavit,
1066 1745 1107 1783 et
1136 1744 1312 1783 05111111-

280 1816 360 1857 deli
392 1816 586 1857 deterior.
618 1830 637 1853 »
664 1815 763 1856 Haec
795 1826 890 1867 pars
925 1817 986 1854 est
1018 1814 1140 1854 valde
1174 1814 1312 1865 mala,

280 1887 514 1928 secundum
544 1887 644 1927 illud
680 1886 918 1928 Psalmz'stae
944 1890 956 1911 '¹
1003 1899 1012 1926 ε
1049 1900 1068 1923 «
1100 1885 1241 1937 Ignis,
1276 1887 1315 1925 et

280 1959 482 2012 sulphur,
506 1961 546 1999 et
577 1958 751 2012 spiritus
770 1957 1074 2011 procellarum,
1095 1969 1194 2010 pars
1214 1957 1316 1997 cali-

280 2032 338 2072 cis
365 2044 530 2072 eorum.
553 2045 570 2069 n
598 2031 648 2072 Et
679 2031 722 2071 in
745 2030 1006 2083 Apocalypsi
1026 2029 1039 2050 ⁸
1063 2043 1071 2069 :
1102 2028 1316 2070 «Timidis

280 2106 442 2154 autem,
465 2108 506 2144 et
532 2102 780 2154 incredulis,
803 2104 844 2142 et
875 2101 1100 2151 execratis,
1123 2103 1163 2141 et
1182 2101 1317 2141 homi-

281 2174 405 2224 cidis,
428 2177 470 2215 et
485 2173 828 2224 fornicatoribus,
861 2176 902 2214 et
922 2172 1145 2221 veneticiS,
1167 2174 1208 2212 et
1226 2172 1318 2213 ido—

281 2245 463 2296 lolatris,
485 2249 526 2286 et
553 2245 754 2286 omnibus
780 2244 1057 2284 mendacibus
1073 2275 1082 2292 ,
1106 2255 1203 2297 pars
1223 2243 1314 2284 illo-

282 2330 380 2358 rum
395 2317 474 2358 erit
488 2317 532 2357 in
546 2319 699 2368 stagno
715 2316 876 2356 ardenti
891 2315 1012 2367 igne,
1032 2318 1072 2355 et
1085 2314 1289 2368 sulphure
1303 2329 1313 2365 ;

283 2389 397 2442 qued
416 2392 478 2429 est
496 2400 610 2428 mors
627 2388 826 2428 secunda.
847 2402 866 2425 ›)
887 2387 950 2428 Ex
970 2399 1055 2439 quo
1079 2389 1190 2440 patet
1204 2386 1317 2439 quod

283 2462 389 2503 sicut
409 2464 471 2502 est
495 2473 657 2513 magna
690 2472 851 2501 merces
871 2459 1083 2499 bonorum
1117 2459 1317 2511 praelato-

283 2546 411 2584 rum,
445 2533 503 2574 ita
538 2535 579 2574 et
615 2532 802 2573 maxima
836 2531 915 2572 erit
952 2542 1076 2583 poena
1114 2530 1316 2582 reprobo-

284 2606 434 2646 rum⁹z
457 2620 476 2643 «
495 2604 709 2646 judicium
730 2602 1009 2645 durissimum
1031 2601 1098 2642 his
1121 2603 1193 2655 qui
1213 2614 1319 2655 prae-

285 2678 405 2727 sunt,
428 2676 514 2716 fiet.
544 2675 713 2727 Exiguo
738 2674 852 2715 enim
886 2673 1129 2713 conceditur
1152 2673 1317 2713 miseri-

286 2747 458 2796 cordia;
492 2748 683 2799 potentes
713 2748 856 2785 autem
887 2746 1079 2797 potenter
1107 2746 1321 2785 tormenta

286 2818 512 2870 patientur.
536 2831 555 2854 ι)

340 2893 406 2930 47.
439 2889 511 2932 Ille
543 2892 684 2931 autem
715 2898 858 2930 servus
889 2888 965 2940 qui
993 2889 1211 2940 coqnovz‘t,
1241 2891 1317 2929 etc.

287 2961 516 3013 Postquam
544 2960 743 3001 invitavit
770 2960 822 3000 ad
849 2959 1068 3011 vigiliam,
1093 2961 1134 2999 et
1154 2960 1319 3013 vitupe-

289 3032 399 3073 ravit
426 3031 718 3081 insolentiam;
750 3030 819 3071 hic
851 3030 975 3071 tertio
1007 3034 1222 3082 aggravat
1251 3044 1321 3072 ne-

290 3103 569 3156 gligentiam3
604 3102 718 3155 quod
749 3102 848 3143 facit
881 3090 1130 3153 dupliciter,
1166 3102 1322 3143 scilicet

289 3176 452 3216 ratione
473 3173 721 3227 majoritatis
741 3173 949 3222 scientiae,
973 3175 1014 3212 et
1037 3173 1200 3213 ratione
1222 3186 1320 3213 auc-

290 3246 469 3288 toritatis
502 3244 752 3286 commissae.
784 3243 926 3284 Primo
958 3255 1086 3296 ergo,
1109 3247 1322 3297 quantum

333 3355 343 3376 1
370 3354 479 3391 Dent„
501 3359 616 3391 xxxxi,
638 3352 688 3383 35.
712 3367 745 3372 —-
773 3350 782 3367 2
803 3349 956 3390 Sophon„
981 3358 1011 3389 1,
1042 3353 1088 3382 14.
1113 3368 1153 3373 —
1172 3351 1183 3368 ³·
1201 3351 1321 3392 Eccle.‚

293 3402 481 3439 ix,12.—
506 3400 517 3418 ⁴
543 3398 680 3437 Matth„
705 3404 787 3437 xxV,
812 3398 863 3428 33.
883 3414 922 3420 -
948 3398 962 3419 5
986 3398 1092 3435 joan„
1121 3406 1181 3438 111,
1212 3400 1260 3429 18.
1286 3415 1320 3420 —

293 3448 452 3487 ⁵1Tim„
474 3455 505 3487 v,
528 3448 558 3479 8.
581 3464 616 3469 —-
639 3445 650 3466 ⁷
672 3444 764 3476 Psal.
790 3451 829 3483 x,
857 3445 887 3475 7.
908 3462 947 3467 —
967 3445 978 3462 ὅ
997 3446 1111 3485 Apoc.,
1132 3453 1211 3484 xxi,
1235 3446 1265 3476 8.
1283 3463 1323 3468 —

293 3497 304 3514 ³³
321 3496 414 3537 Sap„
430 3503 477 3536 vl,
498 3496 528 3535 6,
550 3496 580 3527 7.
599 3494 702 3524 —101
723 3493 813 3530 Corn,
834 3499 909 3531 vni,
930 3494 994 3523 1-2.
1015 3509 1054 3515 -
1076 3493 1099 3513 11
1120 3494 1230 3531 Prota,
1251 3501 1321 3534 xvi,

297 3545 323 3574 1.
339 3559 380 3565 -
399 3542 454 3574 ¹²1
479 3542 570 3584 Κεφ,
591 3548 652 3582 vii,
673 3541 759 3572 3.—
781 3539 809 3562 ²³
825 3541 912 3578 Jac.‚
934 3547 980 3581 ιν,
1002 3541 1104 3572 17.-
1125 3540 1152 3562 ¹⁸
1173 3541 1197 3572 11
1220 3540 1326 3581 Petra,

1015 227 1301 270 EVANGELII
1335 228 1520 270 SANCTI
1549 227 1698 271 LUCAE

1388 319 1439 359 ad
1460 320 1837 371 exaggerationem
1856 324 2134 376 negligentiae
2151 324 2316 366 ratione
2329 336 2416 364 ma-

1384 390 1565 441 J'oritatis
1594 391 1780 433 scientiae
1802 425 1814 443 ,
1844 394 1944 435 dicit
1969 395 2072 437 :Ille
2101 400 2240 439 autem
2269 406 2415 437 servus

1388 462 1464 513 qui
1495 463 1689 514 cognovit
1722 463 1975 506 volunlatem
2012 465 2181 509 Domini
2217 468 2314 517 sui,
2342 478 2417 519 per

1388 531 1547 572 donum
1569 533 1754 576 scientiae
1774 535 1803 560 ¹⁰
1823 548 1861 576 ιε(
1877 536 2057 576 Scientia
2071 537 2210 588 inssat3
2232 538 2414 578 charitas

1388 614 1491 643 vero
1524 604 1716 646 aedificat.
1749 605 1793 646 Si
1824 607 1921 659 quis
1954 611 2096 648 autem
2129 620 2173 648 se
2205 609 2418 649 existimat

1389 673 1496 714 scire
1518 674 1700 728 aliquid,
1719 677 1909 718 nondum
1930 679 2132 730 cognovit
2149 681 2417 731 quemadmo-

1388 744 1490 785 dum
1511 749 1700 798 oporteat
1727 755 1829 788 eum
1859 749 1978 789 scire.
2004 763 2022 786 n
2048 750 2108 792 Ec
2133 760 2219 792 non
2244 760 2285 791 se
2301 761 2418 802 prce-

1386 818 1588 868 paravit,
1623 818 1675 859 ad
1713 819 2027 872 suscipiendum
2058 820 2218 861 donum
2251 821 2416 872 gratiae.

1390 888 1416 910 11
1449 888 1685 929 «Hominis
1727 893 1822 941 est,
1862 891 2050 932 animam
2088 903 2359 945 praepa1·are;
2395 906 2414 928 »

1386 959 1500 1000 unde
1515 961 1541 982 ¹2
1560 975 1568 1001 :
1590 976 1607 999 (ι
1624 961 1862 1015 Praeparate
1882 963 2008 1004 corda
2027 965 2168 1005 vestra
2188 962 2379 1003 Domino.
2396 976 2415 999 »

1389 1031 1445 1073 Et
1481 1042 1566 1073 non
1604 1033 1706 1084 fecit
1742 1034 1972 1075 seczmclum
2007 1034 2267 1077 voluntatem
2307 1033 2419 1085 effus,

1390 1102 1545 1143 scilicet
1565 1115 1640 1155 per
1660 1104 1812 1144 vitium
1843 1106 2026 1157 propriae
2054 1105 2333 1158 negligentia}
2356 1105 2384 1128 ¹³
2408 1118 2418 1145 ε

1398 1187 1417 1211 (ι
1454 1171 1608 1213 Scienti
1644 1174 1805 1215 honum
1850 1176 1985 1216 facere
2022 1178 2063 1216 et
2097 1188 2184 1217 non
2223 1175 2418 1226 facienti,

1389 1246 1609 1296 peccatum
1641 1247 1703 1285 est
1733 1245 1806 1286 illi.
1836 1261 1854 1284 ›)
1886 1246 2116 1299 Vapulabit
2143 1246 2312 1297 mullis,
2342 1246 2419 1286 sci-

1390 1314 1485 1355 licet
1535 1327 1610 1368 per
1656 1317 1925 1358 severitatem
1973 1318 2132 1359 divinae
2183 1317 2418 1359 sententiae.

1392 1385 1509 1427 Unde
1530 1386 1558 1408 ¹⁶
1577 1401 1616 1427 z«
1636 1386 1785 1428 Melius
1805 1391 1894 1429 erat
1913 1389 1969 1429 illi
1990 1389 2039 1441 (b)
2062 1402 2147 1430 non
2167 1401 2422 1442 cognoscere

1392 1458 1507 1500 viam
1534 1459 1713 1512 Justitiae
1734 1491 1746 1510 ,
1780 1473 1910 1513 quam
1940 1463 2034 1514 post
2063 1461 2325 1513 agnitionem
2354 1472 2422 1501 re-

1391 1532 1579 1571 trorsum
1601 1531 1815 1581 converti,
1833 1546 1851 1569 n
1875 1534 1952 1572 etc.
1976 1532 2026 1573 Et
2045 1532 2104 1574 acl
2129 1532 2338 1574 Romcmos
2360 1532 2387 1554 ¹⁵
2409 1546 2417 1572 :

1399 1618 1417 1640 «
1438 1602 1514 1652 Qui
1535 1602 1578 1655 (c)
1596 1615 1694 1643 cum
1711 1603 2009 1654 cognovissent
2032 1604 2163 1644 Deum
2177 1635 2187 1653 ,
2209 1615 2295 1643 non
2315 1603 2424 1644 sicut

1390 1671 1524 1711 Deum
1546 1671 1918 1721 glorificaverunt,
1943 1673 2017 1711 aut
2037 1671 2196 1723 gratias
2217 1673 2421 1723 egerunt,

1390 1742 1462 1783 sed
1479 1745 1747 1783 evanuerunt
1765 1743 1811 1782 in
1831 1743 2164 1794 cogitationibus
2183 1743 2285 1794 suis,
2311 1758 2330 1782 ›)
2343 1745 2422 1784 etc.

1392 1814 1594 1867 Sequitur
1614 1828 1622 1855 ς
1648 1814 1857 1867 «Propter
1876 1815 1989 1867 quod
2009 1814 2179 1855 tradidit
2197 1814 2292 1855 illos
2313 1815 2423 1856 Deus

1392 1886 1436 1926 in
1457 1886 1663 1926 desideria
1682 1886 1819 1926 cordis
1840 1898 2006 1937 eorum,
2026 1885 2070 1925 in
2088 1885 2420 1936 immunditiam,

1391 1960 1439 1998 ut
1469 1957 1732 1998 contumeliis
1765 1957 1948 1998 afficiant
1979 1969 2156 2005 corpora
2188 1970 2265 1998 sua
2295 1958 2338 1998 in
2358 1971 2424 1999 se-

1393 2029 1593 2083 metipsis.
1616 2044 1634 2067 »
1667 2029 1718 2070 Et
1750 2029 1857 2070 ratio
1888 2030 2021 2082 hujus
2052 2033 2136 2079 est,
2169 2029 2296 2082 quia,
2328 2031 2426 2071 dicit

1393 2100 1656 2153 Gregorius:
1684 2100 1803 2141 «Ubi
1836 2102 1978 2154 maJ‘us
2007 2103 2068 2142 est
2100 2101 2260 2142 donum
2289 2102 2425 2143 scien-

1392 2173 1477 2223 tiae,
1497 2173 1556 2213 ibi
1573 2175 1864 2224 transgressor
1886 2172 2038 2224 maJ’ori
2056 2173 2246 2225 subJ'acet
2265 2173 2422 2226 culpae:

1391 2255 1491 2283 nam
1521 2243 1763 2295 ignorantia
1789 2254 1865 2294 pro
1895 2245 2013 2295 parte
2043 2245 2273 2283 excusat.»
2310 2243 2427 2284 Unde

1393 2314 1537 2355 subdit
1559 2314 1614 2367 (v.
1638 2314 1718 2367 .18):
1747 2314 1834 2365 Oui
1848 2317 1989 2355 autem
2004 2324 2090 2355 non
2109 2315 2330 2366 coqnovz'c,
2353 2325 2428 2366 per

1393 2386 1602 2426 defectum
1621 2384 1805 2436 notitiae,
1828 2388 1867 2427 ec
1887 2385 1989 2435 fecit
2018 2383 2152 2436 (liqna
2167 2383 2333 2436 plaqz‘s,
2355 2395 2428 2436 per

1393 2457 1736 2498 commissionem
1784 2456 1921 2509 culpae
1940 2487 1953 2506 ,
1985 2455 2205 2508 vapulabit
2245 2456 2395 2507 paucis
2415 2487 2427 2506 ,

1393 2541 1467 2583 per
1486 2528 1798 2581 mitigationem
1817 2528 1974 2569 divinae
1995 2527 2229 2568 sententiae.
2262 2526 2313 2567 Et
2331 2529 2431 2567 nota

1394 2600 1506 2654 quod
1527 2602 1589 2641 est
1609 2599 1852 2651 ignorantia
1873 2597 2052 2650 simplex
2067 2629 2078 2648 ‚
2106 2599 2147 2637 et
2178 2597 2271 2637 haec
2298 2609 2430 2637 excu-

1393 2677 1478 2725 sat,
1501 2672 1738 2713 secundum
1758 2670 1862 2711 illud
1881 2671 1908 2692 ¹⁶
1932 2684 1972 2710 z«
1998 2668 2328 2710 Misericordiam
2359 2667 2431 2708 Dei

1394 2746 1649 2786 consecutus
1667 2755 1782 2794 sum,
1803 2742 1903 2795 quia
1917 2742 2124 2793 ignorans
2142 2740 2235 2781 feci.
2258 2754 2278 2777 »
2303 2739 2354 2780 Et
2371 2739 2432 2778 in-

1395 2817 1460 2857 fra
1474 2818 1502 2842 ²⁷
1519 2830 1558 2857 :«
1578 2815 1721 2864 Pater,
1744 2814 1910 2855 dimitte
1929 2813 2036 2863 illis3
2060 2824 2146 2853 non
2165 2811 2278 2852 enim
2294 2811 2432 2851 sciunt

1396 2887 1498 2941 quid
1518 2886 1696 2927 faciunt.
1719 2901 1737 2923 ›)
1764 2884 1836 2926 Est
1869 2887 1910 2925 et
1941 2882 2188 2936 ignorantia
2216 2881 2426 2931 affectata,

1397 2959 1446 2999 de
1468 2970 1553 3011 qua
1574 2957 1806 2999 Psalmisla
1824 2955 1852 2978 1⁸
1879 2970 1887 2997 :
1911 2970 1931 2994 ((
1951 2954 2095 2995 Noluit
2115 2952 2353 3004 intelligere
2384 2953 2432 2991 ut

1396 3030 1504 3070 bene
1541 3031 1702 3080 ageret.
1741 3041 1760 3066 ))
1796 3026 1917 3067 Tales
1958 3025 2148 3078 graviter
2182 3023 2427 3076 punientur.

1399 3100 1517 3141 Unde
1538 3100 1594 3140 1⁹:
1624 3098 1706 3139 «Si
1734 3098 1829 3151 quis
1861 3098 2053 3150 ignorat,
2088 3094 2374 3146 ignorabitur.
2405 3108 2424 3131 »

1399 3171 1451 3212 Et
1476 3171 1601 3212 Oseas
1621 3169 1678 3209 2⁰:
1709 3168 1935 3221 «Populus
1962 3178 2049 3206 non
2084 3165 2328 3217 intelligens
2357 3177 2430 3206 va-

1399 3241 1576 3296 pulabit.
1598 3256 1617 3279 »
1644 3240 1695 3281 Et
1713 3240 1794 3281 hoc
1821 3239 1920 3279 dicit
1939 3237 2050 3278 Beda
2076 3236 2120 3276 in
2139 3235 2306 3287 (nossa,
2333 3237 2432 3289 quia

1402 3346 1445 3378 ιι,
1466 3341 1517 3370 21.
1541 3337 1634 3360 -15
1657 3338 1760 3375 Rom„
1787 3344 1818 3375 1,
1843 3337 1901 3373 21,
1921 3335 1973 3365 24.
1997 3349 2036 3355 —
2065 3331 2239 3370 ¹⁶11·2'm.‚
2265 3333 2366 3370 1,13.
2392 3349 2431 3355 -

1402 3387 1426 3408 ¹⁷
1447 3386 1521 3426 tus„
1539 3393 1640 3425 xxiii,
1659 3386 1708 3416 34.
1727 3401 1763 3407 —-
1787 3383 1813 3405 1⁸
1833 3381 1921 3414 Psal.
1944 3388 2047 3421 XXXV,
2065 3381 2094 3412 li.
2110 3397 2151 3402 —
2170 3379 2196 3400 1³
2218 3379 2227 3409 l
2251 3378 2341 3418 Corn,
2361 3387 2431 3419 xlv,

1401 3436 1453 3466 38.
1473 3451 1513 3457 ——
1529 3434 1556 3454 2⁰
1576 3433 1662 3471 Ose„
1685 3440 1731 3472 ιν,
1754 3432 1803 3463 14.

1445 3493 1491 3535 (α)
1522 3493 1604 3524 Caet.
1633 3490 1712 3523 edit.
1745 3489 2007 3522 Ecclesiasticus,
2027 3505 2068 3512 —
2095 3485 2139 3527 (h)
2165 3483 2263 3527 Vulq.
2291 3484 2368 3517 illis.
2395 3502 2430 3508 -

1405 3540 1442 3581 (c)
1471 3539 1567 3581 Vulq.
1588 3537 1677 3583 quia.
