2587 3845
232 159 307 198 108

231 245 295 287 vit
326 246 366 287 ei
391 245 593 297 spiritum
614 246 806 296 vitalem,
829 244 1101 298 repetendum
1132 243 1253 294 iqno-

232 317 365 365 ravit,
388 319 428 355 et
448 315 774 368 loquiturmodo
794 316 843 355 de
865 315 1016 366 spiritu
1037 324 1252 364 corporeo,

232 398 330 425 cum
360 385 457 425 dicit
490 386 692 436 spiritum
718 385 911 426 ritalem¹
931 397 945 422 :
969 398 988 421 «
1020 382 1201 434 Spiritus
1231 393 1256 420 a

232 455 333 495 facie
374 466 467 494 mea
508 454 750 505 egredietur
769 486 779 504 ,
815 456 856 493 et
893 453 1041 492 ssatum
1081 463 1163 502 ego
1196 451 1255 490 sa-

233 524 356 564 ciam.
376 539 394 561 ))
426 523 475 564 Ε1
492 524 506 545 ²
530 538 538 563 :
563 539 581 561 (ι
602 523 742 563 Exibit
774 523 947 575 spiritus
976 523 1093 574 ejus,
1117 523 1158 561 et
1185 532 1255 560 re-

232 596 421 635 vertetur
440 594 482 632 in
504 596 659 633 terram
680 605 817 632 suani.
843 608 861 630 n

288 668 352 704 1-2.
384 663 464 704 Sed
496 666 534 704 ec
561 663 906 705 oestimaverztnt:
927 663 984 703 ita
1015 662 1122 712 dixi,
1146 661 1258 714 quod

231 735 365 774 Deum
405 734 743 784 ignoraverunt,
784 733 855 773 sed
890 733 1030 784 magis
1077 733 1259 774 (estima-

231 808 397 854 verunt,
419 804 573 844 scilicet
592 804 800 845 idolorum
818 804 1103 853 fabricatores,
1125 805 1259 844 vitam

231 880 442 925 nostram,
465 875 622 916 scilicet
645 875 904 925 naturalem,
924 875 1065 916 lusum
1086 885 1197 924 esse,
1218 873 1258 913 id

231 950 316 996 est,
338 947 576 997 lasciviam,
606 947 714 988 51001
733 947 792 987 1111
812 947 861 987 (16
877 948 1031 999 quibus
1045 947 1058 968 ³
1076 961 1083 986 :
1106 962 1125 984 «
1145 945 1261 986 Sedit

230 1016 412 1068 populus
423 1018 677 1057 manducare
690 1019 730 1057 61
742 1017 926 1057 hibere.»
936 1017 1072 1057 Unde*
1085 1031 1092 1056 :
1105 1016 1261 1056 «Tenet

230 1090 480 1139 tympanum
501 1091 541 1127 et
560 1088 780 1128 citharam.
803 1102 822 1124 »
849 1089 1007 1129 Lusum
1027 1098 1130 1136 esse,
1152 1090 1229 1127 etc.
1248 1101 1256 1126 ε

230 1157 309 1196 1100
330 1156 449 1206 (11611,
472 1157 571 1208 quia
606 1157 716 1197 idola
748 1158 884 1197 facere
915 1161 955 1197 et
989 1157 1125 1197 colere
1159 1157 1260 1197 ludo

229 1238 460 1278 puerorum
478 1227 647 1267 videtur
667 1227 804 1268 simile
824 1240 912 1268 esse
926 1260 936 1278 ,
958 1231 999 1268 et
1020 1228 1078 1268 sic
1108 1227 1179 1280 qui
1198 1229 1258 1268 fa-

229 1296 345 1336 ciunt
364 1297 575 1349 imagines
592 1298 727 1338 luteas
748 1302 788 1339 et
808 1299 998 1339 adorant.
1028 1299 1082 1340 Ec
1103 1309 1262 1340 conser-

230 1368 444 1409 vationem
462 1369 579 1418 vicae,
600 1369 754 1409 scilicet
787 1369 1018 1419 moralem,
1054 1370 1259 1421 composi-

232 1441 334 1487 tam,
355 1438 397 1478 id
423 1441 486 1479 est
511 1439 769 1489 ordinatam,
799 1439 858 1481 ad
884 1440 1073 1489 lucrum,
1107 1439 1263 1479 scilicet

232 1508 444 1558 avaritiae,
463 1521 541 1549 nec
558 1509 696 1549 solum
719 1509 889 1550 lucrum
904 1542 913 1559 ,
949 1510 1022 1550 sed
1049 1509 1259 1550 illicitum.

236 1578 351 1619 Unde
371 1579 511 1619 subdit
532 1592 542 1619 ι
562 1580 617 1622 Ec
628 1585 809 1632 oportere
824 1580 1114 1633 undecumque
1130 1582 1263 1622 eliam

236 1658 291 1690 (τῖε
312 1649 419 1691 malo
443 1651 683 1702 acquirere,
714 1652 754 1691 id
787 1654 870 1701 est,
900 1664 954 1691 ex
973 1651 1172 1701 artificio,
1195 1650 1264 1690 vel

236 1719 410 1770 negotio
430 1720 597 1771 illicito,
634 1724 779 1761 contra
817 1721 929 1773 quod
951 1725 963 1745 ⁵
987 1735 995 1761 :
1025 1736 1043 1759 «
1063 1720 1156 1761 Noli
1176 1732 1264 1760 esse

235 1789 388 1829 anxius
417 1790 460 1829 in
489 1790 647 1831 divitiis
668 1791 835 1843 injustis
870 1806 878 1832 :
910 1803 997 1831 non
1022 1791 1136 1831 enim
1162 1803 1264 1843 pro-

235 1859 389 1900 derunt
419 1860 463 1900 in
495 1861 561 1901 die
588 1861 872 1913 obductioniS,
907 1862 977 1903 vel
1008 1861 1201 1912 ultionis,
1225 1864 1266 1902 et

234 1930 447 1971 vindictae.
468 1945 487 1968 ))
518 1931 594 1973 Hae
614 1932 746 1972 511111Β
772 1948 791 1970 «
818 1933 976 1975 divitiae
1005 1934 1265 1974 conservatae

235 2000 280 2040 in
299 2001 460 2042 malum
481 2002 649 2042 Domini
673 2003 755 2043 sui.
777 2017 796 2039 »

291 2073 355 2112 13.
379 2072 459 2114 Hic
496 2073 634 2123 enim,
676 2076 780 2122 etc„
817 2072 939 2125 quasi
971 2086 979 2112 :
1012 2072 1062 2112 Et
1096 2083 1193 2113 vere
1213 2084 1267 2113 ex

237 2141 348 2182 malo
379 2143 626 2195 acquirunt,
660 2143 770 2183 idola
808 2143 1005 2183 facientes
1029 2157 1037 2183 z
1062 2143 1130 2184 hic
1153 2143 1267 2184 enim

236 2213 374 2255 scitse
395 2225 520 2266 super
548 2224 690 2256 omnes
726 2214 860 2264 alios,
900 2214 1056 2254 scilicet
1088 2213 1268 2253 artifices

236 2282 463 2330 idolorum,
493 2284 748 2337 delinquere,
782 2285 863 2335 hic,
895 2285 1086 2336 inquam,
1121 2284 1197 2336 qui
1216 2294 1268 2325 ex

237 2356 364 2395 terroe
381 2356 577 2405 materia,
600 2367 696 2407 quae
716 2354 839 2396 vilior
858 2357 944 2404 est,
965 2353 1145 2406 fragilia
1163 2365 1269 2396 vasa

238 2436 293 2465 ex
310 2437 395 2465 una
415 2428 547 2478 parte,
578 2430 619 2468 ec
652 2426 890 2478 sculptilia,
924 2426 966 2466 id
987 2428 1050 2465 est
1069 2425 1193 2473 idola,
1215 2437 1270 2465 ex

238 2498 356 2548 parte
377 2495 459 2536 alia
479 2496 666 2536 materiae
683 2509 794 2546 suae,
816 2496 961 2548 flnqit.
985 2495 1103 2536 Unde
1123 2507 1177 2535 ex
1191 2495 1269 2535 ho-

238 2577 336 2605 rum
359 2566 671 2617 comparatione
706 2565 911 2605 vilitatem
945 2564 1156 2605 idolorum
1177 2577 1267 2604 me-

239 2634 320 2674 lius
353 2635 578 2687 intelligit,
619 2636 689 2677 vel
726 2636 962 2687 intelligere
998 2639 1148 2688 potest.
1188 2635 1270 2676 Sed

240 2706 452 2757 quomodo
478 2710 612 2759 potest
643 2707 723 2748 1100
751 2708 870 2757 scire,
908 2707 1062 2748 scilicet
1081 2720 1124 2748 se
1144 2719 1271 2760 super

241 2787 388 2816 omnes
415 2776 678 2829 delinquere,
718 2789 817 2817 cum
852 2777 987 2818 Deum
1018 2778 1200 2830 ignoret,
1223 2781 1272 2819 ut

241 2845 400 2886 dictum
421 2848 508 2887 est?
532 2846 786 2898 Dicendum,
818 2848 931 2901 quod
959 2848 1039 2889 1100
1070 2849 1168 2900 5011,
1203 2850 1272 2890 vel

243 2916 347 2956 scire
367 2919 503 2968 potest
520 2917 669 2958 habitu
687 2917 798 2969 legis
817 2918 1022 2958 naturalis
1042 2919 1121 2959 scri
1128 2922 1209 2971 ptae
1228 2920 1272 2961 in

243 2987 366 3027 corde
386 2999 479 3028 suo.
502 2987 582 3028 Sed
601 2988 820 3028 actualiter
838 2989 919 3029 hoc
932 2989 1077 3040 nescit,
1099 2990 1270 3042 scilicet,

242 3058 343 3110 quia
362 3069 449 3097 non
467 3057 560 3098 vult
579 3058 659 3098 hoc
690 3059 967 3110 perscrutari,
1001 3071 1100 3100 cum
1129 3063 1273 3102 tamen

243 3127 387 3180 possit.
412 3127 500 3178 Vel,
520 3128 553 3167 si
574 3140 659 3169 non
679 3131 815 3181 potest
845 3130 897 3170 ad
916 3130 1089 3182 plenum
1103 3162 1113 3180 ,
1134 3132 1202 3173 vel
1222 3133 1273 3173 de

244 3198 367 3248 facili,
390 3198 470 3238 hoc
497 3201 559 3239 651
582 3199 681 3251 quia
706 3202 941 3241 excaecatus
962 3203 1023 3241 est
1044 3201 1193 3243 merito
1214 3203 1275 3244 in-

243 3268 456 3310 fidelitatis
475 3280 582 3310 suae.

289 3377 298 3394 ¹
317 3374 395 3415 Iso„
413 3383 494 3414 Lvn,
514 3376 564 3407 16.
578 3391 619 3397 -
635 3375 646 3393 ²
662 3374 754 3406 Psal.
775 3382 875 3416 (την,
892 3377 975 3407 4.-
993 3376 1006 3398 ⁸
1022 3375 1142 3415 Emit,
1163 3383 1275 3418 xxxn,

250 3422 282 3453 6.
302 3437 339 3444 -
360 3422 370 3439 ‘
389 3421 462 3463 Job,
482 3429 556 3461 xxi,
584 3424 632 3456 12.
652 3438 691 3446 —
715 3423 725 3441 ⁵
742 3422 861 3461 Ecca„
885 3430 917 3461 v,
946 3424 997 3455 10.
1013 3440 1048 3446 -
1069 3423 1082 3444 ⁶
1102 3422 1222 3463 Eccle.‚
1242 3432 1275 3463 v,

830 155 1101 198 EXPOSlTlO
1133 154 1182 195 IN
1212 151 1411 194 LIBRUM
1440 153 1750 195 SAPIENTIAE.

1383 245 1448 283 14.
1475 243 1625 284 Omnes
1661 242 1788 291 enim,
1811 241 1902 281 etc:
1928 241 1996 283 hic
2028 245 2261 286 ostenditur
2278 256 2350 287 ve-

1329 324 1402 352 rus
1420 313 1529 353 Deus
1549 325 1638 353 esse
1655 311 2001 353 commendabilis
2017 326 2070 354 ex
2089 315 2355 356 idololatren-

1333 382 1440 422 iium
1461 384 1652 423 fatuitate
1675 399 1683 422 :
1709 385 1749 422 et
1767 382 1902 434 primo
1922 394 1975 422 ex
2002 384 2189 427 fatuitate
2220 387 2353 426 idolo-

1329 451 1594 503 latrantium,
1615 452 1847 493 colentium
1866 464 1933 492 ros
1948 453 2216 505 inanimatas,
2244 456 2353 496 scili-

1329 521 1424 561 licet
1443 525 1620 572 statuas;
1643 523 1848 573 secundo,
1873 523 2102 564 colentium
2122 525 2327 566 animatas
2345 541 2354 566 z

1333 592 1463 634 Sedet
1483 594 1707 643 animalia,
1729 595 1806 633 etc.
1841 592 1886 632 In
1917 594 2068 645 prima,
2100 595 2237 647 primo
2264 596 2357 638 illos

1330 674 1419 703 6556
1431 663 1566 703 fatuos
1578 663 1825 713 ostendit,.et
1838 663 2121 715 reprehendit,
2136 666 2237 717 quia
2248 666 2359 707 idola

1331 733 1561 774 cultoribus
1598 734 1686 774 suis
1718 734 1955 774 multorum
1992 735 2203 776 malorum
2232 749 2360 779 causa

1332 804 1659 854 sunt3secundo,
1676 804 1775 856 quia
1794 804 1838 843 in
1864 816 1907 844 se
1925 805 2051 844 eiiam
2070 806 2234 847 inutilia
2261 810 2360 848 sunt

1331 875 1496 914 homini
1519 889 1526 914 :
1547 875 1754 921 Quoniam
1768 874 1900 924 idola,
1918 878 2012 925 610.;
2028 876 2166 927 tertio,
2187 877 2287 929 quia
2308 878 2361 918 ab

1332 945 1505 985 homine
1524 946 1633 984 sacta
1653 948 1751 984 sunt
1769 946 1923 987 :Homo
1939 947 2066 996 enim,
2082 949 2176 995 etc.;
2197 949 2362 998 quarto,

1333 1015 1432 1067 quia
1470 1015 1642 1055 homine
1682 1015 1890 1055 deteriora
1930 1019 2030 1056 sunt
2070 1030 2078 1057 :
2120 1015 2268 1058 Melior
2303 1019 2365 1059 est

1333 1087 1459 1134 enim,
1481 1088 1558 1126 etc.

1391 1157 1540 1198 Omnes
1560 1157 1688 1206 enim,
1711 1159 1789 1197 etc.
1812 1156 1923 1197 Bene
1943 1157 2046 1207 dixi,
2064 1157 2178 1210 quod
2191 1157 2275 1208 hic,
2291 1157 2366 1210 qui

1335 1228 1385 1268 de
1406 1228 1582 1267 materia
1610 1228 1727 1268 lutea
1755 1228 1852 1268 facit
1882 1228 2012 1278 idola,
2047 1229 2123 1269 scit
2154 1242 2197 1269 se
2230 1229 2366 1269 delin-

1335 1311 1463 1350 quere
1490 1310 1616 1350 super
1648 1311 1796 1339 omnes
1829 1299 1931 1339 alios
1958 1300 2137 1339 artifices
2178 1312 2188 1339 t
2225 1310 2366 1341 omnes

1336 1370 1450 1410 enim
1471 1369 1753 1420 insz‘piences,·
1775 1369 1919 1409 Glossa
1952 1384 1960 1409 :
1996 1384 2015 1407 ε(
2037 1370 2111 1422 qui
2134 1370 2243 1410 idola
2262 1370 2369 1410 Deos

1336 1442 1488 1491 putant
1509 1451 1518 1478 ε
1547 1453 1566 1476 ))
1592 1439 1671 1478 hoc
1691 1439 1804 1479 enim
1838 1440 1899 1478 est
1919 1451 2081 1491 magna
2108 1439 2365 1492 insipientia,

1337 1509 1448 1550 unde
1468 1509 1481 1530 ⁷
1501 1523 1541 1548 :«
1561 1508 1655 1549 Filii
1674 1509 1918 1561 insipientes
1939 1512 2036 1549 5001
2057 1512 2097 1549 61
2116 1510 2331 1550 ν6001·(165.
2345 1524 2365 1549 1)

1338 1581 1592 1632 Inse'pientes
1613 1580 1703 1619 dico
1726 1591 1800 1631 per
1820 1579 2028 1619 desectum
2046 1580 2276 1632 sapientiae,
2298 1580 2367 1621 vel

1337 1651 1450 1701 fidei,
1480 1653 1689 1703 quantum
1724 1650 1776 1690 ad
1796 1650 2078 1700 intellectum3
2102 1655 2142 1693 el
2161 1651 2368 1702 infelices,

1338 1721 1475 1774 quoad
1514 1721 1713 1760 affectum
1748 1734 1756 1760 :
1799 1722 1839 1760 et
1870 1720 1950 1760 hoc
1970 1723 2142 1773 propter
2161 1721 2369 1762 defectum

1340 1791 1507 1843 gratiae,
1529 1802 1627 1843 quae
1646 1790 1784 1830 felices
1810 1790 1920 1830 facit.
1946 1790 2084 1843 Supra
2111 1791 2124 1812 ⁸
2161 1806 2169 1832 :
2209 1807 2228 1830 «
2260 1792 2369 1833 Infe-

1338 1862 1437 1902 lices
1466 1863 1585 1911 sunt,
1621 1860 1697 1912 qui
1740 1860 2061 1913 appellaverunt
2102 1861 2206 1902 Deos
2246 1874 2374 1915 opera

1341 1944 1552 1972 manuum
1586 1942 1816 1971 suarum.»
1843 1932 1983 1983 Supra
2013 1931 2186 1974 modum
2216 1933 2373 1975 animae

1339 2013 1443 2052 szioe,
1466 2001 1509 2041 id
1531 2003 1606 2052 est,
1629 2003 1796 2041 naturae
1828 2013 1932 2052 suae,
1953 2002 2123 2054 superbi
2152 2006 2268 2053 sunt,
2292 2003 2370 2044 sci-

1341 2073 1436 2113 licet
1455 2074 1601 2112 contra
1618 2071 1766 2119 Deum,
1790 2073 1830 2110 et
1849 2071 1930 2111 hoc
1950 2072 2153 2124 fingendo
2171 2073 2250 2112 sibi
2266 2073 2376 2113 idola

1340 2146 1545 2196 tanquam
1566 2142 1671 2182 Deos
1694 2141 1745 2194 (a)
1765 2143 1778 2163 ⁹
1796 2156 1803 2181 ε
1825 2141 2112 2182 «Audivimus
2132 2143 2375 2195 superbiam

1343 2213 1485 2263 Moab3
1507 2212 1716 2264 superbus
1737 2215 1797 2252 est
1818 2212 1965 2253 valde:
1988 2213 2187 2265 superbia
2201 2216 2242 2254 et
2261 2225 2375 2254 arro-

1344 2283 1491 2336 gantia
1511 2288 1570 2322 est
1589 2282 1705 2334 plus,
1727 2294 1857 2334 quam
1888 2282 2091 2323 fortitudo
2124 2285 2232 2335 eJus.
2253 2298 2273 2321 »
2300 2283 2377 2325 Vel

1343 2354 1535 2405 infelices
1555 2363 1687 2404 snpra
1711 2352 1905 2402 modum,
1931 2353 2030 2405 quia
2048 2353 2214 2393 infinita
2238 2353 2377 2393 infeli-

1344 2425 1491 2472 citate,
1515 2422 1616 2475 quia
1650 2421 1677 2443 ¹⁰
1710 2435 1719 2462 ε
1749 2437 1767 2459 α
1792 2421 1956 2462 Vermis
1990 2434 2137 2462 eorum
2169 2435 2257 2463 non
2284 2435 2379 2464 mo-

1344 2495 1500 2543 rietur,
1537 2496 1577 2533 et
1609 2492 1726 2543 ignis
1742 2503 1828 2532 non
1849 2493 2138 2544 extinguetur.
2160 2507 2179 2531 ))
2203 2494 2380 2536 Inimici

1342 2564 1493 2617 populi
1528 2564 1619 2612 lici,
1655 2562 1813 2602 scilicet
1844 2564 2136 2615 persequendo
2165 2565 2380 2605 credentes

1345 2636 1389 2674 in
1410 2637 1561 2674 Deum.
1596 2632 1647 2672 Et
1667 2632 1805 2683 quoad
1833 2632 2031 2672 effectum
2049 2664 2058 2680 ‚
2092 2634 2285 2683 inimici,
2308 2635 2378 2674 in-

1346 2716 1490 2757 quam,
1514 2701 1805 2755 persequendo
1825 2701 1984 2741 factis1¹
2022 2717 2030 2744 ε
2061 2702 2186 2744 «Non
2206 2704 2375 2756 sufficit,

1347 2774 1460 2827 quod
1490 2772 1716 2814 durissima
1747 2783 1824 2812 nos
1857 2772 2104 2824 opprimunt
2139 2774 2374 2816 servitute:

1347 2845 1419 2885 sed
1439 2843 1571 2884 robur
1598 2853 1807 2882 manuum
1843 2854 2042 2893 suarum,
2068 2843 2281 2884 idolorum
2302 2857 2377 2897 po-

1347 2914 1491 2956 tentiae
1523 2913 1786 2965 deputantes,
1806 2911 1957 2952 volunt
1987 2915 2062 2953 tua
2092 2916 2258 2954 mutare
2278 2926 2380 2967 pro-

1349 2985 1490 3025 missa.
1527 2997 1546 3020 »
1589 2982 1643 3023 El
1683 2981 1968 3033 imperantes,
2017 2982 2173 3022 scilicet
2215 2984 2378 3035 verbis3

1348 3057 1461 3098 unde
1480 3059 1510 3080 ¹²
1533 3068 1571 3094 z«
1591 3052 1851 3104 Improperia
1879 3052 1927 3103 (b)
1950 3053 2276 3104 exprobantium
2303 3054 2381 3095 tibi

1349 3126 1588 3168 ceciderunt
1625 3134 1752 3175 super
1787 3134 1871 3163 me.
1909 3135 1928 3160 n
1975 3121 2093 3162 Sicut
2128 3123 2299 3174 quidam
2330 3124 2381 3165 de

1350 3195 1552 3250 Ephraim
1584 3195 1626 3233 61
1658 3192 1848 3232 Manasse
1885 3193 2059 3232 nuntios
2095 3191 2305 3244 Ezechiae,
2328 3195 2382 3236 ad

1352 3276 1401 3306 12.
1422 3290 1461 3297 —
1482 3272 1496 3294 '¹
1513 3271 1620 3309 Hier„
1640 3276 1686 3308 Ν,
1711 3270 1763 3299 22.
1784 3284 1825 3290 —-
1851 3267 1864 3288 Β
1889 3267 1982 3308 Sap„
2012 3275 2094 3308 xm,
2123 3271 2174 3301 10.
2199 3286 2240 3292 -
2266 3271 2279 3292 9
2301 3271 2382 3311 lsa„

1350 3329 1426 3361 XVI,
1454 3321 1485 3352 6.
1509 3335 1549 3343 —
1579 3318 1600 3335 ¹⁰
1626 3316 1705 3355 Isa.,
1735 3322 1834 3353 LXVI,
1857 3316 1909 3346 24.
1937 3331 1979 3337 —
2007 3316 2029 3337 ¹¹
2053 3315 2163 3357 Esth„
2192 3324 2262 3356 xxv,
2291 3319 2322 3352 8,
2344 3334 2381 3341 -.

1354 3369 1378 3388 ¹²
1401 3366 1491 3399 Psal.
1515 3370 1636 3403 vam,
1657 3364 1708 3394 10.

1393 3422 1437 3462 (a)
1458 3418 1549 3454 Edit.
1576 3417 1653 3450 Ven.
1676 3417 1778 3447 Deus.
1795 3430 1835 3438 —
1857 3412 1903 3457 (b)
1928 3413 2023 3456 γαίῃ.
2045 3415 2246 3456 opprobria.
