2587 3845
268 142 344 180 150

266 227 368 270 vitae
386 228 398 250 ¹
417 240 458 269 :a
477 227 569 281 Ipse
588 226 856 268 insidiabitur
870 228 920 279 (a)
943 227 1134 266 calcaneo
1156 238 1254 276 suo,
1270 240 1289 263 n

267 301 282 323 ²
300 314 319 338 «
339 297 420 352 ipsi
440 299 681 339 calcaneum
702 309 845 338 meum
859 297 1159 338 observabunt.
1176 311 1194 333 n
1215 296 1296 337 Sed

269 370 440 423 quando
464 370 511 409 fit
530 369 661 409 hostis
688 368 731 408 in
757 369 912 421 capite,
936 368 1102 408 diabolo
1124 367 1296 408 faciliter

269 441 391 482 datur
407 442 540 481 totuin
557 442 722 492 tempus
736 439 852 488 vitae,
868 441 1014 479 contra
1033 438 1134 478 illud
1149 439 1183 479 ³:
1204 453 1222 476 (1
1238 437 1297 479 Νο

270 512 342 552 des
373 510 520 551 alienis
551 510 756 550 honorem
788 511 934 558 tuum,
973 511 1013 549 et
1038 521 1171 550 annos
1203 512 1299 550 tuos

271 581 442 622 crudeli.
470 595 488 618 n
518 580 637 629 Quod
665 591 750 620 non
774 579 958 630 faciunt,
988 581 1070 620 nisi
1102 580 1177 633 qui
1206 592 1299 620 mo-

271 653 374 693 dicae
412 655 510 692 sunt
547 650 740 691 virtutis:
774 650 867 691 ideo
898 663 973 703 per
996 652 1198 704 parvulos
1228 651 1299 692 de-

272 723 498 774 signantur
530 722 541 742 *
563 735 570 761 ;
610 736 628 759 «
653 721 830 761 Aversio
855 722 1136 774 parvulorum
1167 722 1298 762 inter-

271 794 382 833 ficiet
401 804 484 833 eos.
501 806 520 830 »
537 792 550 814 ⁵
565 806 584 831 a
603 790 646 833 Si
661 791 759 845 quis
780 792 829 844 (b)
851 794 913 833 est
930 793 1150 845 parvulus,
1173 792 1299 834 decli-

272 866 344 905 net
362 863 415 904 ad
434 874 516 904 me.
539 877 558 901 »

326 937 365 975 6.
387 935 441 976 Et
459 945 644 987 eqressus
676 938 758 984 est,
780 936 859 975 etc.
889 934 964 974 Ilic
986 934 1182 975 describit
1201 934 1300 975 hos-

273 1006 382 1046 tium
401 1005 708 1046 formidabilem
738 1006 985 1057 potestatem
1013 1017 1088 1057 per
1106 1005 1304 1046 effectum

274 1079 314 1116 et
341 1075 608 1128 triumphum
641 1089 649 1115 :
685 1076 847 1128 primo,
879 1078 1073 1129 respectu
1105 1075 1302 1116 omnium

274 1146 511 1198 insignium
533 1157 834 1198 personarum;
864 1146 1047 1187 secundo
1063 1179 1074 1198 ‚
1112 1150 1306 1200 respectu

273 1217 512 1270 principum
533 1220 573 1257 et
587 1218 816 1269 maJorum,
835 1217 893 1257 ibi
909 1232 917 1258 ;
937 1218 1058 1260 Facti
1074 1223 1175 1262 sunt
1185 1220 1307 1271 prin-

274 1289 384 1340 cipes
405 1287 518 1339 ejus,
539 1290 617 1329 etc.
658 1288 767 1329 Huic
804 1288 1006 1330 clausulae
1043 1290 1307 1343 praeponitur

274 1361 413 1401 littera
421 1359 528 1409 Vm),
544 1371 642 1412 quae
656 1359 957 1412 interpretatur
971 1361 1220 1403 Domz'nizcm
1234 1361 1308 1403 acl·

277 1431 584 1480 versariorum3
623 1431 743 1483 quasi
771 1431 879 1471 dicat
908 1446 917 1472 :
946 1430 1160 1473 Praedictae
1186 1445 1306 1475 seve-

278 1502 391 1543 ritati
420 1501 514 1542 haec
549 1503 609 1541 est
638 1501 924 1553 adjungenda.
956 1502 1059 1543 Dicit
1085 1515 1190 1555 ergo
1225 1505 1310 1548 :Ec

281 1583 471 1627 egressus
491 1576 567 1623 est,
588 1572 633 1612 in
653 1572 952 1624 captivitatem,
972 1585 998 1615 α
1012 1573 1110 1625 filia
1133 1575 1250 1626 Sion,
1267 1576 1311 1617 id

281 1648 356 1695 est,
378 1657 403 1684 a
422 1643 590 1684 civitate
624 1643 880 1694 Jerusalem,
915 1657 1011 1697 quae
1040 1645 1193 1686 dicitur
1226 1647 1311 1687 filia

282 1712 396 1754 Sion.
437 1714 553 1754 Sicut
585 1714 700 1754 enim
729 1717 864 1755 mater
891 1715 1060 1755 videtur
1087 1719 1312 1768 protegere

280 1787 435 1838 filiam,
458 1785 515 1826 sic
544 1798 621 1826 arx
643 1785 744 1826 Sion
764 1786 978 1827 civitatem
999 1787 1077 1827 sibi
1099 1788 1312 1829 subditam

281 1858 542 1900 defendebat.
569 1857 716 1898 Omnis
738 1857 862 1900 decor
887 1857 992 1910 eJus,
1011 1857 1055 1898 id
1074 1861 1149 1909 est,
1172 1871 1311 1912 regeS,

281 1930 507 1983 principeS,
528 1928 784 1977 sacerdoteS‚
805 1930 846 1968 et
865 1928 1100 1981 prophetae,
1121 1930 1315 1973 homines

284 2000 447 2041 strenui
473 1999 527 2040 ad
555 2011 696 2050 arma,
730 1999 854 2051 periti
877 1999 928 2039 ad
963 2000 1161 2051 consilia,
1191 2002 1317 2053 juxta

287 2070 392 2111 illud
427 2071 440 2092 ⁶
481 2084 489 2110 ε
525 2085 544 2109 a
573 2070 676 2112 Ecce
714 2082 795 2121 ego
833 2069 1073 2110 dominator
1113 2070 1317 2113 Dominus

287 2141 554 2184 exercituum
588 2140 777 2181 auferam
818 2140 870 2180 ab
913 2140 1147 2181 Jerusalem
1187 2144 1227 2182 et
1266 2144 1318 2183 ab

287 2212 396 2254 Juda
415 2212 620 2263 validum,
644 2214 684 2252 et
712 2212 878 2262 fortem,
901 2214 943 2252 et
969 2211 1115 2251 virum
1143 2212 1316 2253 bellato-

288 2295 402 2334 rem,
418 2285 458 2324 et
473 2284 678 2336 Judicem,
701 2285 741 2324 et
759 2283 1024 2336 proplietam,
1046 2297 1065 2320 ))
1081 2285 1158 2323 010.
1175 2282 1321 2336 Sequi-

290 2359 360 2396 tur
381 2367 457 2407 pro
485 2354 691 2395 deletione
717 2353 959 2408 principum
979 2354 1145 2406 speciali
1165 2369 1174 2395 2
1197 2355 1322 2396 Facti

289 2430 391 2468 sunt
421 2426 638 2478 principes
656 2424 747 2476 ejzcs
769 2425 882 2466 velut
902 2425 1069 2473 arietes,
1095 2435 1181 2466 non
1202 2426 1322 2467 ‘inve-

290 2499 450 2540 nientes
465 2508 644 2550 pascua.
681 2497 786 2537 Cum
809 2497 924 2537 enim
961 2499 1061 2537 sunt
1079 2497 1230 2537 arietes
1250 2497 1324 2538 de-

291 2568 395 2608 biles
412 2570 453 2608 01
479 2568 603 2619 vagi,
634 2567 811 2608 faciliter
841 2567 886 2607 in
917 2567 1040 2620 lupos
1074 2567 1323 2609 insidiantes

293 2639 500 2679 incidunt.
536 2638 583 2678 In
619 2641 810 2690 tempore
848 2638 1078 2678 obsidionis
1115 2638 1323 2691 principes

293 2711 353 2751 illi
374 2711 483 2750 fame
503 2712 544 2749 et
563 2709 702 2749 inedia
727 2709 880 2761 pressi,
902 2709 1113 2750 dissolutis
1140 2710 1321 2762 viribus,

295 2781 447 2835 pavido
463 2781 612 2831 corde,
634 2793 722 2821 non
747 2781 1031 2822 defensionem
1049 2814 1058 2832 ,
1083 2782 1153 2822 sed
1172 2783 1323 2834 fugam

296 2854 406 2893 certe
426 2851 758 2900 meditabantur;
783 2851 894 2892 unde
924 2852 1114 2904 sequitur
1137 2868 1145 2894 :
1177 2853 1230 2895 Ec
1251 2853 1323 2895 ab-

297 2924 436 2965 ierunt
452 2922 604 2975 absque
625 2921 902 2973 fortitudine,
920 2922 1029 2962 fame
1046 2924 1199 2976 quippe
1218 2927 1323 2965 atte-

297 2994 430 3043 nuati,
451 2996 491 3033 et
509 2994 663 3033 timore
689 2992 912 3043 confract13
944 2996 1040 3034 ante
1060 2994 1213 3044 faciem
1232 2996 1326 3037 sub-

297 3065 511 3118 sequentis
523 3095 534 3109 ,
555 3063 702 3116 populi
721 3063 878 3104 scilicet
896 3063 1093 3104 Chaldaei.

350 3134 612 3186 Allegorice,
651 3136 699 3174 ut
736 3133 836 3174 dicit
867 3133 1086 3185 Rabanns,
1119 3138 1326 3177 sententia

296 3207 542 3258 arguuntur
587 3203 855 3256 negligentes
902 3207 1084 3246 rectores
1130 3206 1323 3249 Ecclesiae

340 3339 348 3360 ¹
371 3338 464 3375 Gen„
487 3344 539 3376 111,
562 3336 609 3366 15.
626 3351 667 3357 —
687 3334 698 3352 ²
718 3334 808 3366 Psal.
832 3343 886 3375 LV,
907 3337 938 3367 6.
964 3352 988 3357 -
1017 3335 1030 3356 ³
1051 3336 1160 3373 Pron„
1181 3343 1214 3376 v,
1235 3339 1264 3368 9.
1286 3354 1325 3361 -

297 3387 307 3404 ⁴
330 3388 436 3424 Pron„
462 3391 491 3426 1,
515 3385 566 3416 32.
586 3399 624 3404 —-
645 3381 658 3402 5
678 3381 841 3420 Pr00.,1x
857 3407 868 3422 ,
894 3384 924 3413 4.
945 3399 985 3405 —
1013 3382 1025 3403 6
1049 3383 1128 3422 lsa„
1150 3390 1208 3422 111,
1236 3385 1265 3413 1.
1286 3400 1326 3406 —-

298 3433 307 3449 ⁷
326 3432 417 3465 Psal.
447 3439 524 3473 XCV,
543 3433 574 3463 6.
594 3446 635 3453 —
655 3427 676 3473 ὅ,
694 3428 803 3469 Ιοαη.,
828 3437 862 3470 x,
893 3432 923 3462 9,
950 3447 985 3451 -
1015 3429 1028 3451 ⁹
1056 3428 1185 3468 Ezeclz„
1206 3437 1264 3469 xV,
1293 3432 1323 3464 5.

614 136 889 180 EXPOSITIO
920 137 973 179 IN
1003 135 1446 179 LAMENTATIONES
1475 136 1716 178 JEREMIAE
1746 136 2054 180 PROPHETAE.

1370 224 1455 275 Dei,
1480 224 1533 265 ob
1552 236 1736 277 quorum
1764 224 1972 267 incuriam
1993 228 2100 280 perit
2119 229 2256 269 omnis
2274 229 2397 271 decor

1370 295 1515 348 populi
1536 295 1773 335 Christiani.
1812 295 1887 337 Vel
1919 298 2008 338 filia
2041 298 2142 340 Sion
2171 302 2327 340 statum
2344 301 2398 340 si-

1372 366 1546 417 gnificat
1585 365 1833 406 clericorum
1865 378 1890 406 a
1919 367 2075 419 quibus
2110 381 2308 421 egressus
2335 373 2399 411 est

1372 437 1509 477 omnis
1529 437 1676 487 decor,
1711 439 1758 476 ut
1779 437 2016 490 humilitas,
2052 441 2240 491 castitas,
2274 445 2397 483 caete-

1372 519 1517 560 raeque
1538 508 1731 549 virtutes.
1754 507 1964 549 Veldecor
1974 510 2209 561 egreditur,
2232 513 2400 564 quando

1373 579 1501 619 homo
1534 591 1619 620 non
1644 566 1867 620 confitetur
1887 584 1900 605 ⁷
1929 594 1937 620 :
1973 595 1992 618 (ι
2014 580 2222 621 Confessio
2242 584 2283 622 et
2304 583 2399 635 pul-

1374 650 1569 692 chritudo
1607 651 1650 691 in
1680 654 1908 704 conspectu
1945 654 2052 704 01115.
2085 667 2105 690 1)
2148 653 2272 696 Facta·
2303 658 2404 697 szmt

1372 724 1589 776 principes
1612 724 1704 771 eius
1723 726 1835 767 sicut
1859 724 2035 773 arietes,
2057 725 2130 777 qui
2158 736 2248 765 csse
2268 725 2403 766 solent

1375 795 1503 835 duces
1538 795 1686 847 gregis
1710 795 1848 836 :aries
1878 807 1977 836 cum
2008 797 2217 846 vagatur,
2249 808 2407 849 pascua

1375 877 1461 906 non
1481 865 1715 916 1111101110115,
1740 878 1921 918 gregem
1942 867 1994 907 ad
2015 866 2254 919 periculum
2274 867 2402 908 ducit.

1377 935 1537 977 Pascua
1555 948 1640 976 non
1661 937 1849 987 invenit,
1872 938 1946 990 qui
1967 938 2205 990 Scripturas
2231 949 2319 978 non
2339 937 2404 978 in-

1377 1007 1553 1059 telligit3
1593 1008 1667 1060 qui
1703 1008 1875 1060 spiritus
1916 1010 2170 1050 suavitatem
2204 1010 2248 1050 in
2283 1011 2408 1052 corde

1378 1089 1464 1118 non
1484 1078 1632 1129 sentit,
1654 1080 1694 1118 et
1713 1078 1806 1119 ideo
1835 1080 2062 1120 exteriores
2093 1080 2300 1121 vanitates
2330 1092 2409 1134 pro

1379 1149 1536 1190 solatiis
1571 1150 1740 1202 quaerit.
1765 1149 1797 1190 E
1830 1152 1974 1191 contra
2009 1151 2059 1191 de
2092 1151 2205 1192 bono
2241 1155 2410 1205 pastore

1380 1220 1533 1261 dicitur
1549 1222 1563 1244 ⁸
1586 1232 1596 1261 ε
1624 1236 1643 1259 «
1663 1220 1742 1261 Per
1763 1234 1830 1262 mc
1852 1222 1888 1262 si
1905 1222 1999 1275 quis
2017 1222 2240 1274 introierit,
2263 1224 2410 1276 ingre-

1381 1293 1550 1334 dictur»
1577 1293 1629 1333 ad
1653 1293 2065 1346 contemplationem3
2091 1294 2335 1345 egredietur
2359 1295 2412 1335 ad

1382 1376 1529 1405 curam
1547 1364 1815 1417 pastoralem,
1841 1379 1859 1403 α
1877 1367 1917 1404 01
1936 1376 2091 1416 pascua
2109 1365 2311 1406 inveniet.
2333 1381 2351 1403 »
2379 1366 2412 1407 E

1383 1438 1528 1476 contra
1547 1435 1701 1476 dicitur
1721 1435 1771 1475 de
1790 1435 1879 1476 istis
1899 1450 1907 1476 ε
1935 1435 2029 1477 Non
2041 1437 2307 1478 invenientes
2314 1447 2414 1489 pas-

1384 1519 1491 1559 cua‚·
1510 1507 1603 1549 ideo
1620 1508 1812 1560 sequitur
1829 1522 1836 1547 :
1851 1508 1906 1550 Ec
1926 1508 2119 1549 abierunt
2133 1508 2286 1560 absque
2297 1509 2416 1559 forti-

1385 1579 1553 1629 tudine,
1568 1579 1872 1620 tentationibus
1886 1579 2061 1618 faciliter
2078 1579 2412 1620 succumbentes.

1386 1654 1399 1676 ⁹
1417 1666 1436 1690 ε(
1445 1651 1480 1692 Ν
1483 1663 1538 1691 011
1554 1650 1798 1690 ascendistis
1818 1662 1872 1691 ex
1892 1650 2083 1700 adverso,
2104 1662 2182 1691 nec
2201 1650 2419 1703 opposuis-

1387 1723 1439 1764 tis
1473 1734 1549 1764 vos
1566 1733 1713 1762 muros
1732 1733 1809 1774 pro
1831 1721 1954 1762 domo
1975 1721 2118 1762 Israel.
2136 1736 2155 1760 ›)

1442 1797 1481 1835 7.
1503 1793 1738 1836 Recordata
1774 1797 1846 1844 est,
1889 1795 1964 1834 etc.
2004 1792 2112 1833 Huic
2152 1793 2294 1835 versui
2323 1792 2422 1834 libri

1389 1865 1534 1918 plures
1544 1865 1703 1905 habent
1715 1864 2001 1917 praemissum,
2021 1863 2061 1903 E
2065 1866 2096 1915 t‚·
2111 1863 2224 1904 unde
2234 1862 2393 1904 habent
2410 1877 2419 1904 ε

1390 1936 1446 1978 Ec
1465 1935 1690 1978 recordata
1710 1939 1787 1986 est,
1806 1937 1883 1976 etc.
1908 1934 2024 1983 Quod
2046 1945 2136 1974 esse
2155 1945 2242 1974 non
2271 1935 2420 1986 potest,

1392 2007 1597 2060 quoniam
1620 2007 1713 2047 liaec
1732 2006 1921 2047 clausula
1943 2005 1989 2045 in
2008 2005 2179 2046 hehraeo
2191 2004 2336 2057 incipit
2355 2005 2425 2046 hic

1393 2078 1450 2118 sic
1473 2092 1481 2118 :
1504 2077 1732 2127 Zacherah,
1755 2079 1858 2123 010.,
1883 2076 1994 2129 quod
2022 2076 2324 2129 interpretatur
2344 2075 2423 2117 Re-

1394 2149 1563 2189 cordata
1582 2163 1590 2188 :
1615 2148 1728 2201 quod
1747 2148 1781 2187 si
1802 2149 1855 2189 Ec
1875 2147 2145 2200 praecederet,
2167 2159 2253 2187 non
2270 2147 2426 2200 incipe—

1394 2222 1459 2260 ret
1475 2231 1624 2261 versus
1643 2219 1719 2259 iste
1743 2231 1767 2258 a
1794 2219 1915 2268 thz‘n,
1953 2221 1994 2258 et
2013 2218 2208 2258 deficeret
2227 2219 2329 2259 ordo
2363 2219 2423 2258 al-

1395 2291 1580 2343 phabeti.
1607 2289 1684 2330 Hic
1703 2301 1807 2341 ergo
1827 2291 2065 2341 exaggerat
2079 2289 2332 2341 captivitatis
2350 2289 2427 2329 mi-

1397 2362 1550 2402 seriam
1588 2373 1642 2402 ex
1677 2361 2031 2401 rememoratione
2065 2360 2378 2412 praeteritorum
2414 2375 2423 2401 ε

1397 2433 1534 2486 primo
1583 2431 1855 2483 flagellorum
1905 2430 2202 2482 multiplicium
2256 2434 2428 2484 propter

1398 2505 1568 2556 peccata
1587 2514 1687 2551 sua;
1712 2502 1860 2542 deinde
1882 2503 1922 2542 et
1950 2500 2299 2552 consolationum,
2320 2513 2429 2555 quas

1397 2575 1605 2614 habuerat
1625 2585 1678 2614 ex
1700 2573 1840 2625 gratia
1856 2572 2000 2613 divina
2016 2586 2024 2612 :
2041 2573 2098 2614 Ec
2109 2573 2298 2614 omnium
2317 2573 2428 2615 (1031·-

1400 2644 1669 2694 derabilium,
1693 2646 1771 2683 etc.
1795 2643 1902 2683 Huic
1927 2643 2129 2683 clausulae
2156 2643 2431 2694 praemittitur

1398 2716 1538 2756 littera
1548 2716 1587 2755 Z
1590 2716 1680 2764 αῑη,
1695 2718 1734 2755 01
1744 2714 2044 2766 interpretatur
2057 2713 2156 2754 Haec
2171 2727 2179 2753 :
2195 2714 2236 2752 et
2248 2714 2430 2765 profecto

1400 2787 1491 2827 haee
1512 2788 1574 2827 est
1591 2786 1695 2826 ultio
1715 2785 1874 2835 divina,
1897 2786 1945 2825 ut
1964 2784 2016 2824 ad
2031 2783 2279 2824 calamitatis
2294 2796 2428 2835 exag-

1401 2858 1665 2910 gerationem
1691 2856 1845 2897 habeat
1876 2855 2188 2908 praeteritorum
2219 2866 2430 2895 rememo-

1401 2930 1624 2970 rationem.
1640 2927 1730 2977 Vel,
1758 2930 1806 2967 ut
1830 2927 1927 2968 dicit
1948 2926 2171 2975 Rabanus,
2205 2925 2297 2965 haec
2324 2937 2429 2977 qua-

1402 3003 1498 3041 tuor
1519 3000 1563 3039 in
1599 3011 1685 3039 una
1713 3001 1811 3038 sunt
1841 2996 2102 3038 connexione
2132 2996 2429 3048 computanda,

1402 3072 1479 3120 He,
1509 3072 1609 3121 Vav,
1632 3070 1759 3119 Zain,
1783 3068 1916 3118 Helle,
1938 3067 2051 3119 quod
2071 3068 2134 3107 est
2152 3066 2267 3107 dictu
2289 3078 2299 3106 ε
2333 3066 2429 3118 lsta,

1402 3146 1442 3184 et
1461 3142 1553 3183 haec
1571 3141 1659 3183 vita
1673 3139 1864 3193 Justitiae,
1892 3140 1938 3189 (c)
1961 3137 2167 3178 subdatur
2193 3138 2267 3190 qui
2287 3140 2432 3180 contra

1401 3213 1568 3254 Domini
1593 3210 1904 3263 beneplacitum
1939 3209 2101 3248 tractat.
2139 3208 2246 3248 Dicit
2289 3220 2428 3260 ergo:

1402 3283 1640 3326 Recordata
1659 3285 1734 3332 est,
1758 3283 1835 3321 etc.
1859 3279 2118 3320 Constructio
2149 3279 2208 3320 ibi
2239 3282 2302 3319 est
2324 3278 2428 3319 inci-

1446 3382 1487 3421 (a)
1513 3380 1587 3420 Leq.
1609 3377 1832 3411 insidiaberis.
1853 3394 1894 3401 —
1917 3376 1958 3418 (ὁ)
1983 3376 2062 3410 Caet.
2083 3376 2163 3409 edit.
2183 3386 2254 3410 eos.
2275 3376 2368 3416 Quis.
2391 3393 2426 3399 —

1404 3429 1441 3469 (c)
1460 3427 1575 3469 Suppl.
1598 3426 1663 3458 cni.
