2587 3845
140 133 216 172 158

135 219 354 261 latiorum:
368 221 377 242 ¹
389 219 566 260 «Renuit
575 215 777 259 consolari
790 213 932 254 anima
940 221 1048 259 mea,
1059 222 1077 246 1)
1087 211 1163 248 etc.

143 290 246 334 Tota
262 291 332 334 die
353 301 521 334 incerere
541 290 784 340 confectam,
808 297 883 338 pro
908 279 1165 335 poenitentiae

139 365 416 405 amaritudine
440 379 448 404 z
473 365 488 386 ¹
510 379 528 401 «
556 363 782 414 Postquam
809 352 1049 397 convertisti
1078 364 1163 401 nie,

139 436 210 487 egi
248 435 563 488 poenitentiam;
611 435 651 472 ct
691 432 910 483 postquam
951 422 1167 465 ostendisti

140 506 268 556 mihi,
292 505 533 558 percussisti
554 505 691 543 femur
713 510 870 539 meum.
894 511 912 533 1)

195 577 259 616 1-1.
290 576 504 628 l'igyilavit,
529 576 605 613 etc.
630 572 705 611 Hic
726 568 908 622 plangit,
938 568 984 606 ut
1008 565 1164 605 dictum

141 649 222 697 est,
256 646 426 686 finalem
458 647 499 684 et
529 639 884 683 irremediabilem
922 637 1167 689 Synagogae

141 717 455 757 desolationem.
488 715 622 763 Quam
649 723 820 765 poenam
845 708 984 762 primo
1014 707 1168 747 descri-

143 787 226 838 bit,
262 791 305 827 ut
334 787 535 827 inflictam
563 786 700 838 juste;
734 781 938 830 secundo,
972 780 1168 820 effectum

141 858 272 910 ipsius
292 870 430 911 poenae
459 870 469 897 ε
498 857 727 907 Infirmata
749 858 810 895 est
835 853 996 902 virtus,
1019 852 1097 890 etc.
1123 848 1170 888 ln

141 928 279 980 prima
302 931 415 981 parte
435 928 621 968 insinuat
651 922 981 965 misericordiam
1011 920 1169 962 divinae

142 999 397 1040 dilectionis:
419 998 603 1039 secundo
623 996 794 1037 finalem
812 995 1000 1035 recenset
1019 991 1171 1032 severi-

142 1072 271 1109 tatem
289 1069 486 1110 ultionis:
509 1068 745 1110 Convolutoe
762 1069 863 1107 sunt
883 1068 919 1106 et
939 1063 1172 1115 impositoe;

143 1140 333 1180 similiter
365 1142 404 1180 et
439 1139 681 1191 aequitatem
718 1134 1029 1187 flagellationis.
1064 1132 1173 1172 Huic

142 1214 283 1252 autem
314 1210 535 1251 sententia}
573 1208 847 1261 praemittitur
876 1205 1016 1246 littera
1047 1205 1169 1254 Nun,

143 1283 256 1336 quod
298 1283 599 1335 interpretatur
632 1280 965 1332 Sempiternum,
1005 1275 1170 1328 signifi-

143 1366 241 1393 cans
262 1352 547 1394 subversionis
565 1351 728 1392 ultimae
749 1348 981 1398 miseriam,
1003 1346 1173 1400 quando

143 1424 281 1465 Judaei
306 1436 381 1476 per
409 1423 620 1464 Romanos
647 1421 829 1462 finaliter
853 1420 898 1460 in
918 1420 1173 1472 perpetuum

145 1499 243 1536 sunt
271 1495 460 1548 dispersi.
490 1495 594 1535 Dicit
621 1506 725 1546 ergo
754 1506 762 1533 :
798 1491 1032 1544 Vissilavit,
1061 1489 1175 1543 quod

143 1567 217 1607 diu
245 1567 428 1608 dormire
455 1566 704 1615 videbatur;
732 1565 773 1605 id
803 1567 884 1614 est,
914 1561 1137 1613 evigilavit
1163 1575 1171 1601 :

145 1638 257 1679 unde
274 1638 470 1679 Rabanus
488 1652 496 1678 ε
515 1653 533 1676 <‹
554 1637 742 1688 Vigilare
755 1637 917 1688 jugum
937 1634 1051 1683 dicit,
1074 1631 1175 1684 quia

144 1714 312 1764 tempus
331 1711 403 1750 diu
424 1710 562 1751 dilatae
588 1708 786 1749 vindictae
811 1705 980 1746 tandem
1010 1704 1053 1743 in
1081 1715 1174 1743 eam

146 1782 315 1822 advenit
342 1782 414 1832 (ul.
440 1781 453 1800 ³
479 1796 497 1818 a
519 1779 627 1828 Quid
646 1781 693 1818 tu
716 1778 856 1827 videS,
886 1774 1069 1816 Jeremia
1091 1774 1140 1825 (b)
1155 1774 1174 1813 ἱ)

144 1853 320 1905 Virgam
357 1851 623 1903 vigilantem.
657 1849 709 1889 Et
742 1847 848 1889 dixit
886 1845 1089 1887 Dominus
1122 1844 1175 1885 ad

145 1936 214 1964 me
237 1938 246 1964 ε
276 1922 388 1963 Bene
408 1921 573 1972 vidisti,
605 1920 704 1973 quia
730 1918 920 1970 vigilabo
942 1928 1022 1968 ego
1049 1927 1176 1968 super

145 1996 276 2038 verbo
304 2006 419 2044 meo,
453 1996 501 2034 ut
532 1992 683 2033 faciam
714 1990 832 2031 illud.
856 2004 874 2027 n
901 1991 1057 2041 Juqum
1086 1989 1177 2029 ini-

147 2066 328 2119 quitatis
368 2068 429 2105 est
466 2076 592 2117 poena
630 2061 869 2114 deprimens
905 2062 946 2100 et
982 2070 1177 2099 coercens

145 2141 395 2190 peccatores,
421 2137 473 2177 ln
493 2146 623 2177 manu
645 2133 838 2182 Domini,
861 2131 905 2171 in
926 2142 1010 2183 quo
1030 2132 1175 2182 poten-

146 2209 205 2248 tia
243 2209 334 2260 ojus
370 2207 587 2259 operativa
628 2203 907 2255 intelligitur,
947 2201 1178 2244 convolutae

147 2283 247 2321 sunt
265 2280 530 2335 iniquitates,
553 2276 673 2330 quasi
689 2276 735 2316 in
755 2285 957 2316 acervum
977 2273 1174 2322 reductae,

148 2363 245 2403 quae
274 2350 527 2392 videbantur
552 2349 750 2401 dispersae
777 2348 819 2386 et
849 2346 892 2386 in
922 2343 1178 2385 oblivionem

147 2421 269 2461 datae.
299 2422 352 2462 Et
380 2420 589 2473 impositae
610 2419 710 2462 collo
732 2428 840 2469 meo,
863 2415 983 2470 quasi
1009 2414 1174 2468 pondus

147 2492 200 2532 ad
230 2492 485 2545 portandum
517 2490 725 2544 impositae
757 2489 801 2529 in
834 2499 1029 2542 poenam3
1065 2485 1172 2525 sicut

147 2564 215 2613 fit,
239 2575 339 2603 cum
363 2563 595 2615 imponitur
621 2561 725 2602 collo
750 2559 924 2601 latronis
946 2573 954 2597 :
977 2558 992 2579 ¹⁴
1019 2572 1038 2595 (ι
1061 2556 1171 2605 Quo-

148 2633 274 2673 modo
302 2633 572 2673 confunditur
597 2632 678 2682 sur,
703 2630 872 2684 quando
897 2626 1174 2681 deprehendi-

148 2707 232 2754 tur,
266 2703 324 2743 sic
357 2703 518 2743 confusi
547 2703 667 2752 estis,
698 2702 849 2742 domus
880 2698 1021 2739 Israel.
1043 2712 1061 2735 n
1086 2696 1177 2738 Col-

148 2775 240 2814 lum
261 2775 476 2826 significat
494 2773 758 2814 voluntatem
784 2769 1031 2811 rationalem
1045 2800 1054 2817 ,
1077 2768 1180 2821 quia

150 2844 239 2886 sola
257 2845 475 2886 voluntate
496 2844 745 2896 copulamur
769 2842 831 2894 (c),
853 2842 894 2882 id
915 2843 991 2891 est,
1012 2839 1179 2880 Christo

149 2917 436 2965 adhaeremus,
462 2915 568 2955 sicut
598 2926 671 2967 per
694 2913 849 2954 collum
871 2911 1061 2952 medium
1090 2921 1178 2950 cor-

149 3000 230 3041 pus
255 2987 377 3040 capiti
407 2985 643 3038 copulatur.
666 2984 742 3025 Sed
765 2995 842 3036 pro
868 2982 1020 3023 effectu
1041 2993 1177 3033 poenae

151 3058 358 3110 sequitur,
380 3056 628 3107 Infirmata,
650 3058 744 3104 etc.,
771 3057 811 3094 et
830 3055 949 3094 notat
968 3051 1179 3104 duplicem

150 3128 348 3169 effectum
375 3141 383 3167 :
405 3126 561 3167 scilicet
584 3125 838 3165 ablationem
867 3122 1108 3176 potestatis,
1138 3125 1179 3162 et

150 3198 472 3253 perpetuitatem
505 3195 778 3248 captivitatis,
813 3195 870 3234 ibi
904 3208 912 3234 :
952 3192 1082 3234 Dedit
1115 3203 1178 3233 me

151 3271 373 3314 Dominus.
397 3268 503 3310 Dicit
526 3278 630 3318 ergo
659 3278 669 3306 :
697 3266 926 3317 Infirmata
952 3267 1013 3306 est
1039 3264 1179 3306 virtus

196 3379 204 3396 ¹
225 3378 278 3409 Ps.
299 3383 414 3417 LXXVI,
437 3378 466 3406 3.
485 3391 524 3398 -—
541 3374 556 3395 2
575 3373 656 3412 leta,
674 3380 776 3412 XXXI,
798 3373 848 3404 19.
874 3389 911 3395 —-
932 3371 942 3389 ³
964 3372 1045 3412 Iera,
1069 3378 1098 3410 1,
1128 3372 1177 3401 11.

154 3426 217 3448 —⁴
233 3425 314 3465 Jeru,
329 3431 375 3464 11,
389 3422 512 3455 26.—⁶
529 3422 584 3454 Ps.
598 3429 680 3460 xxx,
698 3423 747 3460 11,
764 3421 813 3452 12.
828 3436 862 3444 -
876 3420 888 3438 ⁰
906 3419 1032 3460 Amom,
1052 3425 1085 3458 v,
1106 3419 1178 3449 1.—

491 125 764 170 EXPOSITIO
794 123 846 166 IN
875 115 1320 164 LAMENTATIONES
1349 115 1586 157 JEREMIAE
1614 116 1923 160 PROPHETAE.

1242 215 1350 256 mea,
1368 207 1538 258 propter
1554 217 1691 258 poenae
1707 206 1986 257 gravitatem:
2003 209 2043 246 ἀ
2056 206 2272 248 Infirmata

1242 279 1303 316 est
1329 276 1372 315 in
1408 279 1651 328 paupertate
1684 276 1821 317 virtus
1851 289 1960 318 mea.
1991 292 2010 315 »
2050 278 2180 321 Dedit
2210 289 2272 320 mc

1243 346 1448 388 Dominus
1484 349 1532 388 in
1564 358 1719 398 mcum,
1755 346 2069 399 Romanorum,
2107 348 2158 390 cle
2190 360 2274 401 qua

1243 427 1328 459 non
1348 422 1488 469 potero
1508 429 1697 471 surpere,
1723 430 1857 470 usque
1882 419 1934 458 ad
1960 419 2088 458 finem
2110 419 2273 460 mundi.

1243 491 1256 512 ὃ
1284 503 1302 525 (ι
1330 487 1485 528 Domus
1517 489 1643 529 lsrael
1674 489 1841 539 cecidit,
1866 491 1906 528 et
1929 501 2014 529 non
2041 489 2205 541 adjiciet
2231 493 2277 530 ut

1243 561 1455 610 resurgat.
1473 574 1491 596 »
1513 560 1629 608 Quod
1653 560 1687 599 si
1708 562 1946 612 exponatur
1966 560 2017 600 (16
2034 560 2278 613 captivitate

1244 629 1351 669 facta
1372 642 1447 682 per
1468 630 1699 680 Chaldceos,
1719 643 1817 684 quae
1835 631 2008 673 duravit
2024 643 2099 684 per
2118 634 2279 683 septua-

1247 701 1366 752 ginta
1386 713 1519 742 annos
1536 716 1545 751 ;
1569 704 1671 742 tunc
1691 702 1991 754 exponendum
2011 702 2069 742 sic
2087 716 2096 742 ε
2118 702 2175 743 De
2195 713 2280 755 qua

1245 780 1331 812 non
1347 774 1506 822 potero,
1529 772 1571 812 id
1595 776 1677 823 est,
1702 773 1775 813 vix
1796 777 1836 813 et
1855 773 1906 813 de
1934 772 2091 814 difficili
2119 775 2279 825 potero,

1245 840 1314 882 vel
1334 854 1408 894 per
1429 855 1497 883 me
1517 855 1603 883 non
1624 847 1768 895 potero
1788 854 1974 897 sumere.

1298 912 1561 964 Allegorice,
1586 916 1746 966 jugum
1776 914 1951 966 vigilat,
1985 926 2083 955 cum
2112 916 2282 967 propter

1246 986 1416 1034 peccata
1438 983 1668 1025 Ecclesiam
1701 985 1908 1036 flagellat;
1933 985 2047 1038 quod
2075 985 2180 1025 collo
2200 985 2280 1024 im-

1247 1054 1442 1106 ponitur,
1481 1055 1652 1107 quando
1700 1056 1864 1107 praelati
1909 1059 2081 1108 propter
2117 1058 2284 1108 peccata

1248 1125 1514 1165 subditorum
1545 1125 1788 1177 puniuntur
1818 1128 2030 1178 praecepto
2062 1125 2207 1167 divino
2235 1126 2247 1148 ⁷
2271 1138 2281 1165 ε

1255 1209 1274 1232 (1
1304 1194 1419 1236 Tolle
1454 1198 1627 1236 cunctos
1661 1196 1871 1249 principes
1910 1196 2079 1249 populi⁷
2112 1199 2153 1237 et
2189 1208 2281 1237 sus-

1248 1265 1383 1318 pende
1404 1277 1475 1306 eos
1493 1269 1637 1306 contra
1658 1266 1790 1307 solem
1810 1267 1853 1307 in
1873 1267 2076 1320 patibulis
2098 1281 2107 1307 ε
2131 1281 2150 1305 n
2170 1267 2285 1320 quod

1248 1336 1404 1376 factum
1425 1339 1499 1387 est,
1523 1337 1623 1389 quia
1646 1337 1876 1378 fornicatus
1897 1340 1958 1378 est
1982 1338 2161 1390 populus
2181 1349 2279 1378 cum

1249 1406 1347 1448 filiis
1373 1407 1509 1447 Moab.
1541 1406 1609 1447 Sic
1637 1407 1773 1449 virtus
1798 1407 1994 1449 Ecclesiae
2023 1408 2280 1458 infirmatur,

1250 1491 1348 1532 quae
1381 1480 1616 1521 secundum
1653 1480 1696 1521 id
1730 1481 1842 1533 quod
1878 1481 2069 1533 sequitur
2115 1492 2124 1520 :
2161 1480 2285 1521 Dedit

1250 1562 1334 1601 7116,
1367 1554 1464 1602 etc.7
1495 1552 1537 1591 in
1567 1552 1683 1592 finali
1715 1552 2065 1592 condemnatione
2098 1551 2286 1604 comple-

1249 1625 1334 1663 tur.
1364 1622 1560 1674 Amplius
1591 1622 1834 1662 infirmatur
1862 1622 2001 1663 virtus
2031 1634 2106 1674 per
2134 1634 2284 1675 pecca-

1250 1696 1393 1733 torum
1412 1691 1710 1744 frequentiam,
1733 1692 1834 1745 quia
1853 1692 2029 1745 quilibet
2048 1695 2163 1734 actus
2187 1705 2283 1746 pec-

1251 1764 1331 1804 cati
1351 1763 1511 1817 aliquid
1525 1763 1674 1804 adimit
1691 1763 1742 1804 de
1759 1764 2002 1805 fortitudine
2017 1766 2057 1804 et
2069 1763 2284 1804 habilitate

1251 1836 1302 1876 ad
1323 1836 1501 1876 bonum.
1518 1835 1594 1876 Dat
1608 1835 1812 1876 Dominus
1824 1835 1869 1875 in
1881 1848 2026 1887 manu⁷
2037 1837 2105 1878 vel
2115 1835 2285 1888 quando

1250 1906 1478 1958 virginitas
1496 1906 1729 1957 amittitur,
1762 1906 1832 1948 vel
1863 1906 2033 1959 quando
2065 1910 2284 1960 peccatum

1251 1976 1429 2017 mortale
1443 1976 1739 2027 committitur,
1751 1977 1801 2017 de
1812 1989 1896 2029 quo
1911 1977 2054 2018 nullus
2060 1989 2135 2030 per
2145 1988 2188 2017 se
2195 1976 2285 2017 sine

1250 2046 1322 2087 Dei
1355 2047 1597 2100 operatione
1625 2047 1842 2087 reducitur
1875 2059 1885 2087 ε
1915 2051 1977 2087 est
2004 2047 2119 2087 enim
2154 2047 2285 2088 homo

1253 2119 1266 2140 ⁸
1293 2133 1312 2156 c<
1332 2118 1506 2170 spiritus
1524 2118 1682 2159 vadens
1699 2121 1739 2158 et
1759 2130 1846 2159 non
1868 2118 2049 2158 rediens.
2072 2131 2091 2155 1)

1309 2193 1371 2230 15.
1393 2189 1580 2232 Abstulit
1599 2190 1820 2240 Dominus,
1834 2191 1913 2231 etc.
1936 2189 2012 2230 Hic
2029 2189 2286 2230 lamentatur

1252 2261 1584 2302 subtractionem
1605 2261 1892 2313 insigniorum
1923 2273 2223 2313 personarum;
2245 2262 2286 2300 et

1252 2332 1379 2372 habet
1409 2334 1495 2372 tres
1524 2332 1751 2384 particulas
1784 2345 1793 2372 :
1827 2331 1872 2372 in
1901 2332 2039 2384 prima
2070 2334 2188 2384 parte
2218 2330 2287 2372 de·

1252 2402 1388 2456 plorat
1407 2406 1596 2455 stragem
1615 2414 1894 2455 personarum
1911 2416 1920 2453 ;
1942 2403 2126 2443 secundo
2145 2402 2285 2455 ipsum

1252 2475 1494 2526 temporum
1516 2474 1801 2515 infortunium
1825 2488 1837 2520 :⁷
1863 2473 2039 2516 Vocavit
2058 2472 2286 2517 adversum

1253 2555 1332 2595 me,
1355 2547 1452 2595 etc.;
1474 2545 1597 2586 tertio
1624 2545 1813 2598 deplorat
1839 2545 2053 2586 miseriam
2085 2545 2284 2598 reliquia-

1252 2627 1366 2666 rum,
1388 2616 1448 2656 ihi
1468 2630 1477 2657 :
1501 2615 1688 2667 Idcirco,
1714 2620 1792 2658 etc.
1814 2616 1924 2658 Huic
1944 2617 2161 2658 sententiae
2175 2628 2284 2669 prae-

1253 2685 1435 2727 mittitur
1453 2686 1593 2727 littera
1619 2687 1806 2738 samech,
1830 2689 1871 2728 et
1891 2687 2191 2739 interpretatur
2202 2685 2286 2727 Ad-

1245 2755 1459 2808 Jutortum
1481 2771 1490 2798 :
1511 2757 1558 2798 in
1583 2770 1670 2810 (1110
1702 2758 1900 2799 innuitur
1928 2757 2129 2798 dominici
2160 2756 2283 2809 adJu-

1252 2828 1350 2869 torii
1379 2829 1507 2869 ablati
1539 2829 1800 2871 lamentatio.
1838 2829 2036 2870 Rabanus
2064 2828 2288 2881 conjungit

1252 2898 1344 2939 haec
1363 2899 1443 2939 tria
1465 2913 1474 2941 :
1498 2899 1608 2950 Men,
1631 2899 1755 2952 Nun,
1788 2899 1961 2942 Sameclt
1998 2913 2007 2939 :
2043 2910 2140 2951 quae
2159 2898 2288 2939 simul

1247 2971 1396 3022 juncta
1428 2970 1735 3024 interpretatur
1769 2985 1777 3012 ε
1812 2972 1883 3012 Ex
1921 2972 2031 3023 ipsis
2061 2970 2287 3022 sempiter-

1253 3052 1356 3083 num
1385 3041 1654 3095 adjutorium
1668 3054 1682 3083 .·
1699 3053 1753 3084 eoe
1772 3043 1905 3095 ipsis,
1928 3042 2084 3082 scilicet
2104 3040 2288 3093 Scriptu-

1253 3113 1324 3164 ris‚
1349 3113 1583 3154 secundum
1614 3113 1778 3166 ipsum3
1803 3116 1842 3153 et
1864 3114 1926 3152 est
1956 3111 2106 3164 quinta
2136 3123 2287 3152 conne-

1252 3184 1340 3225 xio.
1368 3183 1472 3225 Dicit
1492 3195 1598 3235 ergo
1620 3198 1628 3224 ε
1653 3182 1838 3225 Abstulit
1863 3193 2004 3224 omnes
2032 3183 2286 3236 muqnisicos

1253 3266 1379 3308 meos,
1400 3256 1442 3297 id
1462 3258 1524 3296 est
1547 3267 1709 3307 magna
1721 3255 1933 3304 facientes,
1949 3253 2000 3296 de
2026 3254 2166 3298 medio
2185 3257 2284 3306 mei,

1254 3365 1263 3382 ⁷
1278 3364 1378 3403 Num,
1396 3370 1476 3403 xxV,
1495 3364 1523 3394 4.
1540 3379 1581 3385 -—-
1598 3362 1612 3384 ⁸
1626 3363 1678 3393 Ps.
1700 3369 1830 3402 Lxxvn,
1844 3363 1940 3393 39.—
1960 3361 2005 3402 (a)
2028 3361 2107 3393 Coet.
2127 3361 2205 3394 edit.
2226 3362 2285 3394 ad·

1254 3412 1366 3444 vertit.
1385 3427 1427 3434 --
1446 3409 1492 3452 (b)
1514 3411 1596 3442 Item
1614 3409 1813 3441 Hieremias.
1830 3426 1872 3433 —
1891 3409 1931 3450 (c)
1954 3410 2034 3441 Item
2054 3409 2217 3451 capimus.
