2587 3845
225 172 274 208 72
826 159 1097 204 EXPOSITIO
1130 158 1179 199 IN
1208 156 1408 199 LIBRUM
1432 156 1748 200 SAPIENTIAE.

228 256 309 298 Sed
348 255 616 307 insipientiae
653 263 766 303 sear,
810 252 908 304 quia
934 252 943 272 ¹
971 266 989 287 «
1019 247 1248 300 comparati

226 330 323 368 sunt
345 325 550 379 jumentis
578 323 894 376 insipientibus,
919 323 958 361 et
977 319 1134 360 similes
1156 316 1251 357 facti

227 401 325 438 sunt
344 397 425 437 illis
447 410 455 436 z
478 410 496 433 n
521 396 798 447 Reliquerzmt
830 391 1072 434 hominibus
1104 398 1251 431 memo-

226 471 359 520 riam,
379 467 517 521 quoad
545 465 700 506 malam
729 464 886 504 samam
908 495 919 512 ,
950 464 1007 502 ita
1036 459 1248 509 videlicet,

227 544 273 582 ut
294 541 338 582 in
370 540 428 581 iis
451 547 543 591 ‹111ae
573 535 864 589 peccaverint,
884 532 925 573 id
947 534 1030 582 est,
1054 533 1101 572 ut
1131 530 1173 570 in
1200 530 1252 570 iis

226 610 404 664 peccatis
423 620 520 661 quae
541 606 735 655 fecerint,
753 614 824 646 nec
845 604 970 645 latere
987 602 1225 654 potuissent
1236 614 1252 653 ,·

227 683 326 734 qnia
344 680 573 721 noluerunt
600 678 750 725 latere,
774 675 843 715 sed
865 673 1032 727 publice
1053 684 1253 726 peccave-

225 755 326 794 runt
346 754 358 774 2
380 766 388 791 :
424 765 442 789 α
484 749 704 790 Peccatum
743 758 870 787 suum
909 745 1031 798 quasi
1072 744 1253 785 Sodoma

223 823 584 877 praedicaverunt,
604 832 681 861 nec
701 818 1028 860 absconderunt.
1051 831 1068 853 n
1091 815 1138 856 Et
1162 815 1252 856 ideo

223 893 426 935 Dominus
445 894 613 946 peccata
639 902 788 931 eorum
818 892 906 930 toto
929 887 1089 928 mundo
1118 886 1255 927 voluit

223 965 428 1018 publicari
459 976 534 1017 per
574 962 794 1016 publicum
834 959 1105 1013 supplicium.
1137 958 1255 998 Latet

224 1039 444 1090 peccatum
466 1066 476 1085 ,
509 1033 706 1087 peccandi
742 1032 964 1073 calliditate
985 1034 999 1054 ⁸
1022 1044 1030 1071 :
1061 1046 1079 1068 «
1100 1030 1163 1070 Tu
1193 1030 1253 1069 fe-

227 1108 316 1147 cisti
351 1105 618 1154 abscondite3
652 1116 734 1155 ego
763 1114 865 1144 vero
890 1101 1041 1141 faciam
1073 1101 1254 1141 verbum

226 1178 330 1218 illud
352 1178 393 1216 in
415 1177 640 1228 conspectu
666 1174 804 1214 omnis
833 1172 986 1222 Israel;
1012 1186 1030 1209 >³
1059 1171 1253 1211 sanctita-

226 1249 278 1288 tis
299 1246 567 1287 simulatione
587 1247 600 1267 ¹·
621 1259 630 1286 :
658 1260 677 1283 «
699 1244 865 1286 Similes
895 1243 993 1284 estis
1022 1242 1257 1296 sepulchris

227 1319 431 1360 dealbatis
449 1349 461 1368 ,
491 1332 509 1355 n
539 1319 634 1367 etc.;
658 1315 874 1368 dignitatis
902 1314 972 1355 vel
999 1313 1258 1367 praelationis

231 1390 495 1439 auctoritate,
512 1387 746 1429 secundum
767 1385 871 1426 illud
887 1385 1083 1437 Gregorii
1105 1397 1145 1426 τα
1164 1384 1260 1426 Nul-

229 1462 296 1502 lus
317 1462 361 1501 in
389 1459 572 1501 Ecclesia
609 1458 792 1510 amplius
828 1459 949 1497 nocet
970 1490 979 1507 ,
1018 1469 1147 1509 quam
1187 1456 1260 1509 qui

229 1544 428 1586 perverse
449 1542 598 1582 agenS,
623 1541 779 1570 nomen
801 1528 871 1569 vel
893 1528 1084 1568 ordinem
1107 1528 1262 1568 sancti-

230 1604 326 1644 tatis
346 1603 474 1644 habet
497 1617 505 1643 ε
528 1602 644 1642 hunc
667 1601 822 1653 quippe
848 1599 1107 1651 redarguere
1134 1610 1260 1639 nemo

230 1674 468 1728 praesumit,
492 1675 532 1713 et
552 1672 598 1712 in
625 1670 869 1723 exemplum
892 1669 1016 1721 culpa
1036 1669 1262 1710 vehemen-

231 1749 295 1786 ter
324 1743 580 1791 extenditur,
601 1740 771 1794 quando
792 1752 869 1792 pro
889 1739 1131 1780 reverentia
1149 1740 1261 1780 ordi—

232 1817 297 1857 nis
314 1816 564 1856 honoratur.
590 1827 609 1849 ))

286 1891 326 1928 9.
351 1886 579 1939 Sapientia
605 1887 766 1933 aldem,
789 1881 910 1935 quasi
931 1881 1055 1932 dicat,
1079 1881 1186 1921 sicut
1203 1881 1261 1921 1111

232 1959 381 2013 injusti
401 1957 539 2011 puniti
561 1958 660 1996 sunt
690 1956 862 2008 propter
882 1955 1173 2005 contemptum
1202 1965 1264 1992 sa-

232 2030 403 2084 pientiae
427 2042 436 2070 :
457 2029 619 2078 Autem,
641 2037 718 2079 pro
744 2024 818 2067 secl
839 2037 853 2064 .·
875 2036 897 2064 e
917 2023 1128 2064 contrario
1148 2038 1157 2063 ι
1185 2023 1261 2065 Sa-

231 2102 401 2155 pientia
428 2100 500 2142 hos
532 2100 609 2152 qui
636 2109 702 2148 se,
724 2097 880 2137 scilicet
897 2095 1168 2148 sapientiam,
1193 2095 1262 2138 ob-

235 2176 432 2220 servant,
467 2171 508 2210 id
542 2172 628 2218 est,
666 2167 890 2220 diligenter
926 2165 1080 2216 corde,
1118 2178 1190 2206 ore
1225 2170 1266 2207 et

234 2255 360 2297 opere
380 2243 571 2290 servant,
589 2251 616 2282 α
635 2238 848 2281 doloribus
867 2237 1085 2287 liberavit,
1109 2236 1265 2278 scilicet

234 2325 459 2368 poenarum
499 2316 758 2353 aeternarum
781 2343 792 2361 ,
832 2310 882 2350 de
918 2309 1074 2362 quibus
1094 2310 1106 2331 ⁵
1134 2323 1142 2349 ε
1173 2324 1191 2347 «
1216 2309 1263 2349 ln

235 2385 448 2427 doloribus
466 2383 705 2429 dormietis;
729 2397 748 2420 ›)
776 2382 881 2422 Item
901 2381 914 2403 ⁶
937 2394 946 2422 :
978 2396 996 2419 «
1017 2381 1263 2422 Circumde-

235 2459 387 2499 derunt
408 2467 475 2496 me
495 2455 659 2496 dolores
680 2453 843 2493 mortis.
865 2467 883 2489 n

289 2531 355 2568 10.
386 2527 486 2568 Hoec
515 2528 655 2568 autem
687 2524 736 2576 (a)
759 2524 1009 2576 prosumni,
1041 2526 1118 2563 etc.
1147 2538 1155 2563 ι
1193 2523 1263 2564 hic

235 2598 374 2649 tangit
404 2582 627 2649 multiplex
649 2594 901 2635 beneficium
936 2594 1153 2646 sapientiae
1186 2595 1266 2634 fac-

235 2673 329 2709 tum
365 2669 409 2707 in
443 2678 623 2719 persona
661 2666 817 2706 Jacob:
854 2676 1037 2717 quorum
1078 2664 1264 2716 primum

236 2740 315 2780 fuit
336 2741 429 2791 ejus
444 2736 653 2791 promotio
674 2736 716 2776 in
734 2736 845 2777 bono
863 2749 871 2786 3
896 2736 1144 2786 secundnm,
1171 2748 1265 2776 con-

238 2812 418 2852 servatio
438 2813 532 2863 ejus
550 2822 574 2850 a
597 2809 707 2850 malo
731 2823 739 2848 ε
763 2809 816 2848 In
846 2807 998 2854 fraude
1032 2808 1266 2849 circumve-

237 2884 447 2925 aientium
491 2892 610 2929 eum,
639 2883 734 2930 etc.;
765 2879 936 2920 tertium
955 2912 966 2930 ,
1005 2879 1263 2931 adjutorium

237 2954 281 2993 in
301 2953 518 3006 triumpho
542 2966 550 2992 :
578 2951 636 2993 Et
654 2954 890 3001 certamen,
912 2952 989 2990 etc.
1015 2950 1132 3000 Hcec,
1159 2950 1265 2990 scili-

238 3027 302 3065 cet
323 3023 551 3076 sapientia,
584 3023 810 3075 profugum
839 3022 917 3063 irre
943 3022 1118 3073 fratris,
1152 3022 1262 3061 scili-

237 3099 301 3136 cet
319 3094 554 3146 fugientem
569 3128 578 3144 ,
601 3096 641 3134 et
658 3093 934 3134 declinantem
957 3093 1009 3133 ab
1029 3093 1089 3132 ira
1106 3092 1260 3143 fratris,

237 3166 325 3207 sive
345 3178 369 3206 a
390 3166 517 3206 fratre
536 3177 612 3206 suo
641 3165 749 3204 irato
771 3168 783 3189 ⁷
803 3178 811 3204 :
841 3179 859 3203 ε(
882 3163 985 3204 Ecce
1013 3165 1141 3204 frater
1169 3167 1265 3204 tuus

236 3237 427 3278 minatur
443 3269 453 3287 ,
482 3239 527 3277 111
545 3235 704 3276 occidat
724 3237 779 3276 te.
802 3235 920 3276 Nunc
937 3247 1066 3287 ergo,
1091 3235 1151 3274 fili
1171 3236 1228 3275 mi
1252 3268 1261 3286 ,

279 3322 290 3343 ¹
312 3321 549 3361 Psal.XLV111‚
574 3322 621 3357 13,
642 3321 691 3351 21.
713 3336 752 3342 —
773 3319 783 3337 ²
804 3320 880 3357 Isa„
903 3326 961 3359 111,
983 3321 1012 3351 9.
1033 3336 1073 3342 -
1096 3319 1106 3335 ³
1130 3319 1265 3360 111169.,

236 3377 305 3409 xli,
334 3371 382 3402 12.
407 3387 447 3393 —
469 3369 483 3391 ὁ
502 3367 639 3408 Mami„
668 3375 773 3407 xxiii,
804 3369 854 3398 29.
879 3384 918 3390 —
947 3368 959 3387 5
986 3367 1065 3404 Isca,
1095 3374 1133 3406 L,
1159 3370 1205 3399 11.
1226 3385 1265 3391 -

237 3417 250 3438 ⁸
271 3415 357 3447 Psal.
385 3424 476 3457 xvii,
497 3418 528 3448 5.
549 3433 589 3438 —-
607 3415 621 3437 ⁷
643 3414 738 3454 Gen„
761 3421 869 3453 xxvii,
897 3416 948 3445 42.
969 3431 1009 3437 —
1028 3413 1041 3434 8
1063 3413 1157 3453 Gen„
1182 3422 1263 3455 xxx,

238 3465 290 3494 33.
317 3481 357 3487 -
386 3465 398 3486 ⁹
432 3465 542 3503 Deua
576 3469 689 3499 xxxin
727 3462 771 3492 1²2.
807 3478 839 3483 ——
878 3462 902 3483 ¹⁰
929 3462 1005 3494 lvci..
1035 3468 1132 3499 xxxi,
1167 3463 1194 3491 7.
1226 3479 1264 3485 -

1323 248 1423 288 audi
1454 259 1601 288 vocem
1634 257 1798 294 meam,
1822 248 1861 285 et
1892 256 2154 297 consurgens
2174 245 2278 296 fuge
2299 243 2352 284 ad

1323 318 1464 359 Laban
1500 319 1671 359 fratrem
1713 327 1859 356 meum
1895 327 1904 355 :
1940 329 1958 351 u
1991 314 2354 365 Justzmz‚scilicet

1315 389 1478 441 Jacob,
1513 389 1744 429 secundum
1786 385 1889 426 illud
1920 387 1934 409 ⁸
1969 398 1978 425 :
2020 401 2038 423 «
2078 385 2355 438 Respondebit

1325 460 1429 500 mihi
1447 472 1538 500 cras
1552 459 1719 512 justitia
1740 470 1835 498 mea
1858 472 1865 497 z
1890 471 1908 494 n
1941 456 2136 499 Deduxit
2158 467 2232 509 per
2259 457 2354 497 vias

1325 535 1487 582 rectas,
1521 531 1663 571 Glossa
1710 545 1718 570 :
1756 545 1774 568 (1
1811 540 1885 582 per
1923 527 2264 581 Mesopotamiam
2296 541 2304 567 :
2331 540 2350 563 n

1326 603 1339 622 ⁹
1358 601 1593 642 «Dominus
1614 600 1748 650 solus,
1772 600 1858 640 dux
1874 600 1966 651 ejus
1987 598 2077 638 fuit.
2101 613 2120 636 »
2141 601 2292 640 Rectas
2314 598 2355 638 di

1325 673 1396 722 cit,
1414 672 1513 725 quia
1527 675 1554 698 ¹0
1574 688 1592 710 α
1604 675 1717 712 recta
1734 674 1794 712 est
1806 671 1957 711 semita
1973 670 2042 710 Dei
2054 670 2119 722 (b),
2137 684 2156 708 ›)
2171 672 2218 710 ut
2232 669 2357 710 habe-

1325 747 1395 785 tur
1415 744 1457 784 in
1479 743 1599 785 isaia.
1628 744 1684 786 Et
1713 743 1897 786 ostendit
1921 743 2012 792 illi,
2035 742 2188 784 scilieet
2216 743 2357 783 omnia

1326 828 1401 868 per
1430 815 1728 867 imaginariam
1760 815 1967 855 visionem
2002 829 2009 854 :
2046 825 2223 867 reanum
2252 815 2355 865 Dez‘,

1327 887 1427 940 quia
1438 888 1462 909 ¹¹
1475 887 1579 927 vidit
1592 886 1747 927 scalam
1756 887 2068 940 pertingentem
2076 898 2213 938 usque
2222 886 2272 926 ad
2282 898 2358 927 coe-

1327 958 1432 999 lum.
1448 959 1644 1000 Diabolus
1658 971 1759 1000 vero
1773 959 1954 1000 ostendit
1979 970 2167 1010 regnum
2191 958 2356 1005 mundi,

1327 1030 1440 1070 unde
1462 1030 1489 1055 ¹2
1513 1044 1521 1070 ε
1547 1045 1565 1068 (1
1589 1030 1775 1070 Ostendit
1803 1029 1861 1069 illi
1893 1029 2037 1070 omnia
2066 1041 2203 1081 regna
2231 1041 2357 1069 mun-

1329 1101 1384 1141 di.
1411 1115 1429 1137 »
1456 1101 1510 1142 Et
1541 1100 1664 1142 dedic
1711 1100 1780 1141 illi
1818 1101 2040 1141 scientiam
2078 1103 2358 1151 sanctorum,

1328 1170 1372 1211 id
1414 1173 1513 1220 est,
1552 1170 1883 1222 intelligentiam
1921 1182 2138 1210 sacrarum
2176 1182 2357 1219 rerum3

1334 1241 1435 1294 quia
1461 1241 1782 1293 «intelligentia
1812 1253 1920 1294 opus
1951 1243 2014 1281 est
2047 1241 2090 1281 in
2126 1241 2288 1282 visione
2306 1272 2315 1290 ‚
2337 1255 2356 1277 »

1330 1314 1378 1352 ut
1397 1312 1577 1352 habetur
1599 1312 1643 1352 in
1667 1312 1835 1352 Daniele
1869 1313 1896 1333 ¹³
1920 1327 1929 1362 ;
1962 1323 2129 1362 rerum,
2159 1311 2359 1364 inquam,

1333 1395 1548 1423 sacrarum
1578 1415 1590 1434 ,
1623 1395 1729 1435 quas
1768 1382 1931 1424 viderat
1964 1414 1975 1432 ,
2022 1382 2135 1423 dedit
2172 1382 2209 1422 ei
2245 1382 2364 1423 intel-

1331 1453 1554 1505 ligentiam
1579 1486 1592 1505 ,
1626 1454 1668 1494 id
1700 1456 1794 1504 est,
1838 1456 1886 1493 ut
1924 1452 2181 1504 intelligeret
2215 1484 2227 1502 ‚
2262 1453 2363 1505 quid

1333 1525 1541 1576 significet
1563 1525 1673 1565 scala
1697 1537 1826 1577 quam
1859 1524 2049 1575 viderat,
2088 1526 2128 1564 et
2166 1535 2364 1564 ascensus

1334 1598 1375 1636 et
1409 1596 1631 1636 descensus
1682 1595 1937 1648 angelorum
1984 1609 1992 1635 :
2027 1595 2138 1635 scala
2177 1607 2365 1647 namque

1334 1669 1396 1708 est
1415 1668 1678 1717 obedientia,
1702 1680 1776 1720 per
1802 1679 1931 1719 quam
1956 1666 2190 1707 ascendunt
2222 1666 2365 1718 angeli

1334 1739 1386 1779 ad
1406 1738 1490 1779 Deo
1511 1738 1792 1778 assistendum
1807 1769 1819 1787 ‚
1838 1740 1875 1777 et
1897 1737 2154 1778 descendunt
2173 1737 2225 1778 ad
2244 1737 2365 1778 nobis

1335 1809 1662 1850 ministrandum
1682 1809 1712 1833 ³²
1731 1822 1739 1848 :
1760 1823 1779 1846 ε(
1795 1807 1923 1848 Millia
1944 1808 2127 1848 millium
2146 1808 2365 1849 ministra-

1335 1881 1438 1920 bant
1457 1880 1516 1930 ei,
1538 1882 1577 1920 et
1596 1880 1732 1920 decies
1752 1881 1927 1920 centena
1949 1879 2081 1919 millia
2111 1880 2365 1921 assistebant

1336 1951 1388 1992 ei.
1407 1965 1425 1988 n
1449 1951 1700 1993 Honestavit
1720 1950 1842 1992 illum
1857 1962 1874 2002 ,·
1895 1949 2038 1990 Glossa
2060 1962 2069 1991 :
2098 1965 2118 1989 «
2140 1950 2181 1991 id
2203 1953 2285 2002 est,
2308 1951 2367 1992 di·

1338 2023 1470 2072 tavit,
1491 2036 1509 2060 ›)
1544 2021 1776 2062 secundum
1798 2021 1904 2062 illud
1925 2022 1953 2045 ¹⁵
1977 2037 1985 2060 ;
2016 2035 2034 2057 α
2060 2020 2196 2062 Facile
2226 2025 2288 2063 est
2321 2022 2366 2062 in

1337 2094 1471 2134 oculis
1492 2093 1658 2134 Domini
1678 2092 1817 2133 subito
1831 2093 2055 2134 honestare
2069 2105 2319 2146 pauperem3
2341 2109 2360 2132 ι)

1338 2168 1379 2206 et
1399 2166 1588 2219 loquitur
1609 2165 1843 2206 secundum
1870 2165 2107 2206 humanam
2135 2169 2366 2207 consuetu-

1338 2236 1478 2277 dinem
1495 2269 1504 2286 ,
1528 2248 1625 2289 quae
1651 2236 1801 2277 divites
1825 2235 1927 2276 solet
1954 2238 2149 2288 reputare
2168 2237 2367 2278 honestas

1339 2319 1553 2361 personas.
1584 2308 1635 2348 In
1664 2307 1902 2357 laboribus,
1934 2307 1975 2347 id
1997 2310 2084 2358 est,
2115 2311 2286 2360 propter
2314 2309 2369 2350 la-

1338 2379 1460 2419 bores
1481 2390 1600 2429 suos,
1631 2390 1717 2418 non
1738 2390 1813 2430 per
1829 2378 2038 2430 justitiam
2071 2382 2112 2419 et
2143 2380 2336 2432 rapinam
2355 2413 2366 2432 ,

1338 2449 1445 2490 sicut
1475 2449 1598 2489 multi
1628 2461 1671 2489 se
1698 2449 1844 2489 ditant.
1879 2449 1959 2489 Sed
1980 2450 2083 2490 tales
2103 2450 2263 2492 divitiae
2283 2464 2368 2492 non

1344 2520 1589 2571 honestant,
1610 2532 1687 2561 nec
1714 2520 1985 2570 beatificant,
2021 2521 2092 2560 sed
2123 2521 2283 2574 proprii
2314 2521 2371 2562 la-

1346 2591 1488 2641 bores,
1513 2591 1601 2631 sive
1621 2590 1779 2631 divitiae
1800 2591 2016 2643 acquisitae
2037 2603 2090 2632 ex
2106 2592 2235 2643 Justis
2251 2592 2368 2633 labo-

1341 2662 1458 2702 ribus
1479 2662 1538 2701 ¹6⁶:
1569 2676 1586 2698 «
1608 2660 1787 2701 Labores
1818 2673 2025 2701 manuum
2052 2664 2245 2712 tuarum,
2269 2663 2370 2716 quia

1341 2732 1615 2773 manducabis
1634 2746 1642 2780 ;
1659 2732 1806 2771 beatus
1825 2743 1891 2781 eS,
1916 2745 1935 2769 >³
1955 2734 2031 2772 etc.
2048 2732 2104 2775 Ec
2117 2732 2342 2784 complevit
2359 2765 2368 2783 ‚

1339 2805 1380 2845 id
1412 2806 1495 2854 est,
1522 2804 1571 2844 ad
1600 2805 1790 2855 optatum
1819 2803 1948 2843 finem
1973 2805 2193 2856 perduxit,
2217 2806 2372 2847 scilicet

1339 2877 1480 2930 ipsum
1500 2875 1739 2916 reducendo
1759 2875 1812 2915 ad
1841 2878 2005 2927 patrem
2037 2877 2229 2917 suumin
2258 2881 2371 2919 terra

1341 2948 1538 2988 Chanaan
1563 2947 1630 2999 (c);
1665 2945 1824 2988 labores
1856 2947 1999 2998 illius,
2023 2947 2195 2998 Glossa3
2227 2961 2371 3001 «quos

1341 3019 1384 3059 in
1416 3017 1633 3071 pascendis
1665 3017 1817 3057 ovibus
1852 3018 2079 3069 sustinuit3
2105 3033 2123 3055 n
2147 3019 2197 3059 de
2217 3019 2372 3072 quibus

1340 3090 1494 3131 dicitur
1514 3089 1543 3110 ¹⁷
1575 3103 1583 3129 ε
1620 3089 1730 3129 «Die
1766 3092 1978 3142 noctuque
2011 3093 2119 3130 aestu
2146 3091 2297 3131 urebat
2332 3094 2372 3132 et

1341 3161 1456 3213 gelu.
1492 3174 1511 3198 »
1553 3161 1649 3202 Hoec
1679 3161 1930 3213 profuqzcm,
1962 3163 2040 3202 etc.
2075 3161 2138 3202 Ab
2168 3161 2248 3202 hoc
2280 3162 2371 3204 loco

1343 3259 1362 3275 ¹¹
1385 3257 1480 3295 Gen„
1508 3262 1637 3295 xxvin,
1663 3257 1694 3295 1,
1719 3256 1748 3285 2.
1770 3272 1811 3277 -—
1835 3255 1861 3276 ¹²
1881 3254 2014 3295 Malta„
2040 3263 2085 3296 1ν,
2108 3258 2137 3289 8.
2160 3275 2195 3281 —
2225 3257 2248 3279 ¹³
2270 3258 2370 3298 Dan„

1339 3313 1380 3343 x,
1406 3307 1435 3336 1.
1459 3321 1493 3326 -
1531 3303 1554 3324 2‘
1582 3303 1683 3342 Dan„
1719 3309 1783 3339 vii,
1814 3304 1862 3334 10.
1890 3318 1929 3325 —
1960 3303 1987 3324 ¹⁵
2014 3303 2134 3344 Eccli„
2167 3312 2220 3345 xi,
2251 3307 2302 3337 23.
2331 3323 2371 3328 —

1340 3353 1366 3373 ¹⁶
1386 3350 1477 3383 Psal.
1501 3356 1635 3390 cxxvu,
1658 3352 1688 3381 2.
1711 3367 1745 3371 -
1771 3349 1794 3370 ¹⁷
1816 3349 1910 3389 Gen„
1933 3357 2034 3390 xxxx,
2057 3353 2106 3383 40.

1381 3411 1426 3452 (a)
1455 3410 1553 3454 Vulg.
1581 3418 1650 3441 nou
1676 3409 1777 3440 habet
1799 3410 1921 3440 aulem.
1945 3426 1983 3432 —-
2011 3409 2053 3451 (b)
2088 3411 2185 3453 Vulq.
2208 3411 2301 3453 justi.
2330 3429 2369 3434 —
2436 3445 2438 3447 ,

1341 3461 1378 3500 (c)
1403 3459 1481 3491 Coet.
1504 3457 1584 3489 mist.
1610 3457 1795 3495 Chanaam,
1817 3458 1848 3487 et
1870 3457 1918 3488 sic
1936 3456 2097 3499 deinceps.
