2587 3845
1082 164 1254 206 CAPUT
1283 162 1392 205 vill.
2250 157 2300 195 63

174 262 319 313 tertio,
342 261 541 303 fiduciam
561 257 814 313 impetrandi
837 271 847 300 t
867 257 922 300 Et
942 257 989 299 ut
1006 255 1132 298 scivi.
1151 253 1200 294 In

174 332 312 384 prima
338 331 457 384 ponit
485 334 570 371 tres
603 342 750 372 causas
779 331 996 370 moventes
1015 326 1068 367 ad
1088 337 1202 377 quae-

175 402 356 442 rendum
375 402 591 442 scientiam
609 416 617 442 :
635 402 797 454 primo,
821 399 1017 439 effectum
1040 396 1204 448 sapien-

175 472 247 512 tiae
278 472 322 511 in
349 472 471 512 corde
490 486 499 522 ;
525 471 708 512 secundo
724 502 736 520 ,
758 470 954 509 effectum
977 467 1022 506 in
1041 478 1167 518 opere
1189 479 1198 504 :

177 543 233 584 Et
258 543 306 584 in
327 543 546 595 operibus,-
566 542 712 591 tertio,
734 540 930 580 effectum
961 538 1006 577 in
1034 536 1205 577 locutio-

177 625 232 653 ne
256 629 264 654 :
288 614 344 656 Et
370 615 419 655 in
438 614 663 655 certamine
693 610 875 664 loqueloe.
902 609 1027 659 Hoec,
1053 607 1206 647 scilicet

178 684 420 736 praemissa,
440 685 635 736 coqitans
655 680 773 734 apud
791 691 854 721 me
869 711 878 728 ‚
894 679 1136 731 frequenter
1156 678 1206 718 de

178 754 245 794 his
273 754 542 795 meditando:
580 756 619 795 et
647 760 972 795 commemorans
1004 750 1053 791 in
1085 747 1207 790 corde

179 833 283 873 meo,
306 823 462 864 scilicet
480 825 720 875 frequenter
737 822 788 874 (a)
804 834 872 870 ea,
896 833 949 860 ne
967 819 1204 868 obliviscar,

179 894 224 934 in
235 895 487 935 memoriam
507 893 744 935 reducendo
766 893 812 945 (b)
833 904 843 933 ε
865 890 1052 931 «animal
1070 889 1206 930 enim¹

181 965 293 1018 quod
312 965 526 1016 ruminat,
549 967 590 1005 et
609 964 730 1005 findit
755 962 986 1015 ungulam,
1009 975 1028 999 n
1055 960 1211 1000 scilicet

182 1036 457 1089 memorando
476 1038 517 1076 et
536 1034 809 1076 discernendo
826 1049 845 1072 c(
857 1032 1067 1074 mundum
1083 1033 1166 1080 est3
1184 1044 1203 1069 n

185 1107 200 1128 ²
210 1105 374 1146 «Maria
387 1106 660 1146 conservabat
672 1105 816 1146 omnia
829 1105 959 1144 verba
973 1104 1078 1153 haec,
1093 1117 1112 1140 n
1131 1105 1208 1142 etc.

190 1176 396 1222 Quoniam
422 1176 678 1218 immortalis
708 1179 792 1225 est,
815 1174 971 1215 scilicet
999 1185 1075 1225 per
1094 1174 1212 1212 natu-

186 1258 277 1285 ram
293 1277 302 1295 ,
323 1245 392 1285 vel
407 1258 482 1298 per
503 1247 698 1286 effectum
723 1244 1067 1291 immortalitatis,
1084 1254 1211 1294 quem

185 1314 366 1364 confert3
391 1322 535 1368 supra,
563 1316 735 1356 eodem:
767 1314 970 1355 «Habebo
991 1325 1065 1365 per
1086 1313 1210 1361 hanc,

185 1383 562 1426 immortalitatem.
588 1400 608 1423 ›>
630 1386 682 1426 In
702 1386 942 1439 coqnitione
962 1382 1184 1434 sapientioe
1200 1412 1211 1431 ,

185 1453 229 1493 id
249 1457 312 1494 est
330 1454 569 1507 intellectu3
593 1456 736 1496 Glossa
761 1470 769 1496 :
800 1471 818 1494 «
839 1453 1051 1506 Quidquid
1071 1453 1121 1493 de
1143 1464 1215 1492 na-

186 1527 283 1565 tura
301 1527 394 1578 eJ'us
413 1527 709 1578 cognoscitur,
732 1529 868 1567 totum
887 1523 1126 1565 immortale
1139 1555 1151 1573 ,
1174 1526 1215 1563 et

188 1607 354 1648 semper
374 1597 519 1637 vivere
547 1597 780 1638 invenitur.
807 1611 826 1635 n
850 1596 963 1637 Infra
978 1594 991 1615 ⁶
1018 1609 1026 1635 ε
1061 1610 1079 1632 (ι
1102 1594 1217 1635 Scire

183 1666 394 1718 ,iustitiam
422 1669 463 1707 et
492 1668 694 1708 virtutem
719 1672 862 1717 tuam,
892 1666 1015 1707 radix
1045 1668 1106 1705 est
1134 1665 1214 1704 im-

189 1737 468 1778 mortalitatis.
492 1752 510 1775 n
539 1739 596 1790 (v.
620 1741 683 1787 18)
704 1739 760 1780 Et
787 1739 835 1780 in
858 1738 1052 1778 amicitia-
1080 1736 1216 1786 illius,

190 1806 345 1847 scilicet
381 1808 549 1860 quando
584 1811 754 1848 amatur
782 1840 792 1858 ,
828 1808 1045 1849 delectatio
1080 1807 1189 1848 bona
1203 1838 1216 1857 ,

193 1877 348 1919 scilicet
366 1878 411 1919 in
429 1879 598 1920 affectu.
629 1881 771 1930 Bona,
794 1879 893 1919 dicit
923 1881 1069 1919 contra
1088 1878 1221 1918 delec-

191 1949 393 1990 tationem
412 1951 569 2003 peccati
586 1983 596 2002 ,
619 1963 714 2004 quae
735 1950 847 1991 mala
867 1952 954 2000 est,
985 1949 1087 2002 quia
1106 1948 1220 1988 ducit

193 2019 246 2059 ad
283 2022 492 2061 aeternum
531 2021 764 2061 cruciatum
791 2053 805 2071 ,
845 2019 1080 2061 secundum
1116 2018 1222 2058 illud

195 2089 387 2142 Gregorii
408 2105 417 2132 :
446 2106 466 2130 «
488 2092 831 2133 Momentaneum
853 2095 939 2139 est,
961 2090 1072 2143 quod
1093 2089 1223 2130 delec-

194 2164 277 2211 tat;
300 2164 531 2213 aeternum,
553 2164 665 2217 quod
686 2164 859 2204 cruciat.
882 2177 901 2201 i>
928 2162 1032 2203 Item
1052 2161 1219 2201 Glossa:

202 2246 222 2269 «
242 2231 484 2284 Corporales
503 2233 662 2274 deliciae
688 2246 840 2287 corpus
863 2234 1070 2285 gravant3
1095 2231 1225 2284 spiri-

197 2302 332 2344 tuales
350 2316 453 2345 vero
473 2308 657 2345 mentem
689 2304 880 2346 relevant
898 2335 907 2353 ,
927 2307 967 2345 et
997 2305 1112 2343 tanto
1133 2314 1224 2342 ma-

199 2373 267 2424 gis
298 2374 563 2425 esuriuntur,
585 2378 742 2427 quanto
763 2376 901 2426 magis
930 2374 1222 2414 comeduntur.

199 2442 248 2482 In
265 2443 348 2483 illis
369 2446 578 2497 appetitus
599 2446 759 2498 placet,
790 2445 1049 2497 experientia
1081 2444 1224 2495 displi-

200 2514 278 2552 cet.
305 2528 324 2551 c(
345 2513 589 2566 Spirituales
607 2527 706 2555 vero
725 2515 883 2555 deliciae
898 2516 1056 2565 augent
1067 2513 1230 2553 deside-

201 2582 338 2633 rium,
360 2586 401 2624 et
433 2596 516 2636 quo
547 2586 689 2636 magis
719 2589 971 2634 sumuntur,
993 2597 1042 2625 eo
1063 2584 1228 2624 avidius

202 2656 413 2694 amantur.
434 2670 453 2692 »
479 2655 535 2698 Et
561 2656 604 2697 in
625 2657 818 2708 operibus
843 2666 1048 2697 nzanuum
1080 2653 1223 2704 illius,

201 2721 243 2762 id
263 2726 325 2763 est
344 2724 390 2764 in
409 2726 607 2777 operibus
627 2727 748 2767 bonis
762 2757 772 2776 ‚
795 2738 890 2779 quae
912 2726 1021 2766 fiunt
1038 2737 1112 2778 per
1131 2737 1224 2764 ma-

201 2805 283 2834 nus
300 2794 433 2846 illius,
454 2796 497 2836 id
524 2800 586 2837 est
604 2797 759 2838 virtute
785 2800 825 2837 et
850 2796 1037 2849 potentia
1067 2796 1158 2848 ejus
1178 2795 1190 2816 ⁵
1215 2809 1224 2836 :

209 2877 228 2900 «
248 2861 347 2903 Sine
369 2876 438 2905 me
463 2865 570 2905 nihil
596 2867 769 2919 potestis
796 2866 946 2907 facere.
978 2880 996 2903 n
1023 2866 1230 2908 Honestas

202 2933 296 2975 sine
326 2933 562 2986 defectione
580 2967 590 2987 ,
614 2937 657 2977 id
677 2940 758 2988 est,
789 2937 972 2990 perfecta
999 2937 1196 2977 honestas
1217 2950 1228 2977 ε

203 3004 338 3045 virtus
364 3007 500 3057 enim,
521 3010 562 3048 et
591 3020 698 3061 opus
719 3008 914 3059 virtutis,
943 3010 1044 3047 sunt
1074 3007 1124 3047 de
1155 3019 1232 3059 ge-

203 3085 306 3115 nere
327 3075 507 3117 honesti.
528 3077 639 3118 Infra
658 3078 671 3099 6
692 3093 700 3119 :
731 3093 750 3116 «
770 3078 1018 3118 Honestavit
1048 3077 1168 3117 illum
1188 3078 1233 3118 in

204 3142 434 3187 laboribus.
455 3161 475 3185 n
501 3146 605 3188 Item
634 3160 763 3200 supra
781 3152 794 3174 ⁷
820 3162 828 3189 :
867 3163 886 3186 α
910 3147 1233 3187 Innumerabilis

206 3212 403 3257 honestas
421 3229 497 3270 per
515 3230 669 3259 manus
684 3219 812 3260 illius.
830 3233 848 3257 i>
870 3219 929 3261 Et
948 3220 996 3260 in
1009 3218 1234 3260 certamine

251 3343 262 3365 ¹
281 3344 396 3387 levit,
417 3356 466 3388 XI,
490 3350 521 3381 4.
543 3366 584 3374 -
607 3351 620 3372 ²
639 3350 728 3390 Luc,
750 3358 790 3391 11,
812 3351 861 3382 19.
879 3366 920 3372 —
939 3348 952 3370 ³
969 3349 1063 3389 Sap„
1084 3354 1159 3385 vm,
1183 3349 1232 3379 13.

207 3404 249 3412 -·
267 3389 278 3407 ⁴
299 3390 392 3433 δίψη
409 3402 466 3433 xv,
486 3397 516 3427 3-
534 3412 575 3419 ——
590 3398 601 3416 ⁵
621 3397 728 3437 Joan.,
745 3405 802 3437 XV,
823 3398 853 3428 5.
876 3414 911 3419 -
934 3397 945 3415 ⁸
961 3396 1054 3435 Sap„
1075 3402 1110 3433 x,
1132 3395 1235 3425 10.—

210 3435 221 3453 '
234 3436 325 3479 sapa
342 3445 402 3479 VH,
425 3443 472 3474 Η-
489 3459 528 3465 -
547 3444 559 3462 ·
578 3444 761 3484 Ecelz‘.,1.1‚
779 3446 830 3476 25.
847 3461 884 3467 ——
902 3443 913 3462 ⁹
929 3443 1048 3482 Ecca„
1066 3446 1162 3482 xxw,
1181 3441 1232 3472 31.

1276 249 1446 304 loquelae
1470 248 1590 291 illius
1607 279 1617 299 ,
1647 246 1802 288 scilicet
1822 256 1919 299 quae
1948 245 2010 285 est
2043 242 2096 284 ad
2126 242 2301 283 modum

1277 319 1591 374 disputationis,
1614 319 1658 358 in
1678 330 1762 370 qua
1780 320 1842 357 est
1859 314 2071 368 quoddam
2091 315 2302 352 certamen

1277 389 1524 444 opponentis
1543 420 1552 437 ‚
1579 391 1619 429 et
1649 386 1964 439 respondentis:
1990 383 2240 435 Sapientia,
2261 381 2303 421 id

1279 465 1364 511 est,
1387 460 1580 509 scientia,
1605 458 1774 510 supple,
1793 455 2079 509 acquiritur8:
2110 468 2129 490 «
2147 450 2306 492 Colluc-

1278 533 1365 571 tata
1383 533 1446 570 est
1467 530 1609 570 anima
1632 540 1727 568 mea
1748 539 1842 567 cum
1864 526 1947 565 illa.
1971 539 1990 562 ›>
2017 525 2074 565 Et
2092 521 2306 575 proeclarz'-

1281 606 1375 650 tas,
1406 600 1446 640 id
1487 602 1580 649 est,
1614 599 1737 639 clarae
1769 595 1940 638 virtutis
1975 592 2219 641 evidentia;
2254 592 2307 632 In

1280 671 1658 713 communicatione
1680 677 1919 710 sermonum
1946 665 2083 714 illius,
2109 662 2183 715 qui
2202 661 2308 701 scili-

1282 745 1346 783 cet
1386 740 1756 782 communicantur
1791 750 1867 790 per
1897 736 2072 776 modum
2109 732 2310 785 simplicis

1283 812 1514 853 collationis
1543 811 1556 832 ⁹
1593 824 1601 850 ε
1640 825 1659 848 α
1692 808 1770 858 Qui
1799 806 2009 847 elucidant
2042 817 2132 855 me,
2175 803 2308 844 vitam

1283 886 1486 924 aeternam
1508 880 1738 921 habebunt.
1755 893 1775 916 ›)
1797 878 1902 918 Item
1924 877 1952 900 ¹0
1977 890 1986 916 z
2014 891 2032 914 α
2054 875 2131 924 Qui
2151 874 2203 914 ad
2218 875 2309 926 Jus-

1283 953 1420 993 titiam
1452 951 1657 992 erudiunt
1688 949 1918 1002 plurimos,
1952 946 2074 1000 quasi
2105 944 2235 984 stellae
2266 943 2313 982 in

1284 1025 1508 1076 perpetuas
1527 1020 1798 1062 aeternitates.
1815 1032 1833 1055 >³
1859 1017 2121 1065 Circuibam3
2142 1014 2311 1054 Glossa:

1291 1110 1309 1133 (ι
1338 1093 1578 1144 diligenter,
1599 1093 1639 1131 et
1658 1089 1841 1130 studiose
1856 1103 1866 1138 3
1896 1102 1914 1125 1>
1943 1088 1970 1113 ¹¹
1998 1101 2017 1124 α
2043 1085 2252 1136 Surgam,
2275 1086 2316 1122 et

1286 1164 1469 1204 circuibo
1489 1162 1716 1202 civitatem.
1738 1176 1756 1197 ›)
1787 1161 1984 1209 Quoerens
1996 1189 2008 1209 ,
2030 1156 2187 1197 scilicet
2206 1155 2314 1195 sicut

1287 1234 1439 1274 mulier
1458 1233 1508 1273 de
1528 1245 1613 1285 qua
1634 1233 1661 1254 ¹²
1679 1244 1688 1271 ε
1712 1246 1730 1269 (ι
1745 1231 1846 1279 Quae
1866 1230 2086 1269 lucernam
2108 1225 2309 1275 accendit,

1287 1307 1328 1344 et
1360 1303 1514 1344 everrit
1539 1303 1581 1354 (c)
1609 1302 1804 1350 domum,
1832 1311 2027 1352 quaerens
2061 1297 2309 1348 diligenter,

1288 1374 1419 1414 donec
1439 1373 1642 1412 inveniat.
1662 1386 1681 1408 »
1707 1373 1760 1413 Ut
1780 1370 1900 1411 illam
1919 1369 2025 1410 milti
2043 1377 2314 1416 assumerem,

1289 1444 1444 1484 scilicet
1470 1444 1513 1483 in
1542 1455 1754 1495 sponsam.
1777 1440 1894 1482 Unde
1925 1452 2068 1493 supra,
2090 1439 2238 1480 eodem
2256 1438 2283 1460 ¹³
2305 1451 2313 1478 :

1293 1515 1479 1561 Quoesivi
1509 1526 1599 1556 eam
1630 1514 1739 1556 mihi
1776 1523 1975 1566 sponsam
2003 1520 2226 1552 assumere.
2270 1508 2315 1548 In

1290 1587 1489 1640 praedicto
1523 1590 1644 1627 textu
1681 1588 1922 1638 tanguntur
1951 1586 2045 1624 octo
2078 1582 2196 1622 utilia
2212 1593 2318 1634 prae-

1291 1659 1488 1708 dicatori,
1511 1658 1580 1699 vel
1611 1657 1793 1707 doctori,
1824 1657 1932 1697 circa
1963 1653 2211 1707 sapientiam
2243 1652 2317 1692 ad-

1292 1730 1556 1779 discendam,
1579 1730 1668 1769 sive
1697 1729 1806 1768 circa
1836 1726 2051 1780 sapientiae
2081 1723 2314 1776 acquisitioa

1291 1813 1390 1841 nem
1413 1815 1421 1841 ;
1454 1801 1640 1852 cognitio
1667 1800 1717 1840 de
1749 1812 1796 1839 ea
1825 1811 1900 1851 per
1921 1796 2315 1847 investigationem;

1293 1871 1669 1921 commemoratio,
1704 1882 1778 1923 per
1809 1867 2216 1921 frequentationem
2254 1865 2322 1906 de-

1292 1943 1480 1992 lectatio,
1504 1954 1578 1995 per
1596 1953 1786 1982 amorem
1802 1955 1812 1991 3
1837 1939 2023 1992 operatio
2039 1971 2049 1989 ,
2080 1950 2155 1990 per
2176 1936 2323 1989 imple-

1295 2015 1453 2055 tionem
1479 2027 1488 2064 ;
1523 2012 1776 2054 concertatio
1799 2043 1813 2061 ,
1847 2022 1923 2063 per
1957 2008 2284 2061 disputationem
2311 2020 2320 2055 3

1295 2084 1644 2131 communicatio,
1677 2094 1752 2135 per
1781 2081 2071 2129 collationem3
2104 2077 2322 2127 circuitio,

1296 2168 1371 2208 per
1391 2153 1791 2205 interrogationem,
1815 2150 2069 2204 assumptio,
2096 2161 2167 2202 per
2187 2149 2324 2188 incor-

1296 2225 1577 2278 porationem.

1352 2298 1418 2335 19.
1456 2295 1565 2336 Puer
1596 2297 1736 2336 autem
1757 2303 1905 2343 eram,
1927 2295 2038 2343 etc.;
2080 2291 2150 2331 hic
2187 2289 2328 2340 tangit

1298 2366 1579 2419 aptitudinem
1611 2364 1865 2417 suscipiendi
1893 2379 1903 2404 :
1927 2363 2063 2416 primo
2082 2393 2093 2411 ,
2127 2373 2181 2402 ex
2211 2364 2327 2412 parte

1298 2439 1502 2479 naturalis
1525 2439 1748 2479 industriae
1774 2452 1782 2478 :
1808 2438 1925 2488 Quia
1940 2447 2048 2489 puer
2073 2445 2188 2477 eram
2206 2435 2327 2486 inqe-

1299 2509 1469 2558 nz‘osu83
1505 2508 1714 2558 secundo,
1748 2519 1801 2546 ex
1829 2510 1946 2558 parte
1983 2505 2134 2556 gratiae
2170 2518 2179 2544 :
2214 2503 2328 2554 Quia

1301 2581 1491 2620 animam
1536 2579 1685 2619 bonam
1721 2578 1927 2626 sortitu33
1964 2576 2086 2616 tertio
2125 2587 2179 2615 ex
2209 2576 2329 2626 parte

1300 2650 1521 2690 munditiae
1545 2664 1554 2689 ;
1577 2650 1693 2701 Quia
1721 2659 1816 2689 cum
1849 2658 1976 2689 essem
2005 2646 2142 2698 maqis
2172 2645 2326 2694 bonas,

1301 2722 1401 2762 veni
1417 2720 1474 2762 ad
1493 2730 1644 2772 corpus
1661 2719 2052 2771 incoinquinatam.

1354 2792 1459 2832 Dicit
1483 2803 1588 2843 ergo
1608 2805 1616 2831 ε
1640 2792 1746 2833 Puer
1777 2801 1891 2832 eram
1912 2789 2176 2842 ingeniosus.
2197 2785 2327 2835 Nota,

1302 2864 1416 2918 quod
1444 2864 1634 2916 loquitur
1652 2863 1696 2902 in
1720 2873 1900 2915 persona
1925 2859 2177 2901 SalomoniS.
2202 2859 2328 2910 Inge-

1302 2935 1450 2976 niosus
1478 2945 1552 2986 per
1580 2932 1818 2973 naturalem
1856 2929 2111 2971 industriam
2133 2929 2145 2950 ⁸
2177 2943 2186 2969 ε
2218 2944 2237 2967 <‹
2268 2927 2330 2968 Ex

1303 3004 1453 3045 studiis
1480 3004 1569 3044 suis
1596 3003 1851 3055 intelligitur
1882 3013 2015 3054 puer,
2045 3001 2080 3040 si
2103 2999 2262 3040 munda
2291 3001 2332 3038 et

1302 3078 1416 3116 recta
1436 3074 1519 3114 sint
1543 3086 1670 3126 opera
1689 3075 1796 3126 ejus.
1827 3087 1846 3110 ))
1881 3073 1935 3114 Et
1957 3072 2132 3113 sortitus
2148 3100 2157 3118 ‚
2178 3069 2220 3110 id
2241 3070 2328 3117 est,

1304 3148 1461 3186 sortem
1481 3145 1638 3185 divinae
1662 3143 1875 3184 electionis
1904 3143 2078 3195 adeptus
2105 3141 2118 3164 ⁵
2140 3154 2149 3180 :
2179 3155 2197 3177 α
2218 3138 2331 3180 Ceci-

1304 3216 1365 3257 dit
1384 3228 1474 3257 sors
1493 3227 1620 3268 super
1639 3214 1874 3255 Matthiam.
1892 3228 1912 3252 »³
1935 3214 2138 3255 Animam
2160 3210 2330 3258 bonam,

1304 3311 1346 3318 --
1366 3294 1388 3312 ¹·
1410 3294 1509 3332 Dan„
1528 3300 1591 3332 xii,
1615 3293 1645 3323 3.
1660 3309 1700 3314 —
1716 3292 1738 3312 ¹¹
1758 3291 1869 3331 Cant„
1890 3298 1942 3329 ιιι,
1960 3292 1992 3321 2.
2007 3307 2046 3312 —
2070 3289 2093 3309 ¹²
2113 3288 2202 3323 Luc„
2224 3293 2282 3325 xx',
2301 3285 2331 3317 8.

1304 3359 1344 3365 —
1364 3341 1392 3362 ¹³
1405 3341 1497 3381 Sap„
1515 3341 1639 3377 v111‚2.
1658 3356 1700 3363 —-
1720 3338 1746 3360 ¹⁸
1763 3338 1873 3378 Prov„
1890 3345 1949 3377 xx,
1969 3339 2018 3368 11.
2033 3352 2073 3358 —
2095 3334 2121 3356 ¹⁵
2133 3334 2221 3374 Act„
2234 3340 2259 3372 1,
2279 3333 2331 3363 26.

1348 3394 1394 3433 (a)
1415 3392 1508 3424 Edit.
1534 3393 1607 3424 Vat.
1630 3390 1826 3432 sequentia,
1847 3389 1939 3422 Edit.
1970 3389 2044 3419 Ven.
2071 3385 2273 3427 frequentia.
2295 3401 2331 3408 -

1308 3440 1353 3481 (b)
1374 3440 1455 3472 Coet.
1476 3439 1556 3472 edit.
1576 3438 1764 3471 redeundo.
1783 3456 1824 3462 -
1845 3437 1885 3478 (c)
1907 3437 1987 3469 Coet.
2007 3434 2088 3467 edit.
2110 3433 2243 3466 evertit.

2366 1591 2475 1619 Praedi-

2360 1634 2450 1661 catori

2337 1677 2401 1702 octo
2417 1674 2476 1701 val-

2337 1716 2373 1744 de
2384 1715 2477 1743 utilia.
