2634 3853
1137 203 1306 245 CAPUT
1337 204 1407 245 ΙΙΙ.

211 296 284 348 qui
300 306 385 335 non
414 294 521 332 esset
544 294 707 344 cathS,
745 294 818 332 aut
848 294 1059 332 mortuus.
1092 292 1144 332 1η
1164 291 1233 333 die

209 366 367 418 furoris
386 363 574 413 Domini,
598 363 676 402 1100
696 366 758 402 051
778 363 940 403 ultimae
960 362 1230 414 captivitatis

210 436 263 476 Et
283 435 613 486 relinqueretur,
646 433 690 472 in
725 433 971 474 Jerusalem.
1000 433 1088 472 Hoc
1107 433 1233 472 etiam

210 504 392 556 quodam
430 504 555 544 modo
588 503 810 556 impletum
846 506 908 543 est
944 503 987 542 in
1019 502 1234 542 obsidione

210 563 526 624 Chaldaeorum,
567 573 735 625 quando
762 573 905 613 nullus
937 572 1016 612 fuit
1046 572 1233 623 relictus,

209 644 282 696 qui
301 656 388 684 non
406 650 511 684 esset
532 645 743 696 captivus,
765 644 832 684 vel
861 655 1026 683 servus.
1052 643 1132 683 Pro
1150 646 1234 682 ter-

208 713 267 754 tio
285 714 425 754 subdit
449 728 457 754 ;
485 715 598 766 Quos
624 714 816 763 educavi,
847 724 922 765 per
943 712 1230 764 disciplinam;

208 784 263 825 Ec
280 786 468 835 nutrivi,
487 788 695 837 quantum
715 784 767 823 ad
787 786 1003 832 naturam,
1028 784 1234 824 inimicus

208 865 321 895 meus
336 856 595 907 consumpsit
609 864 696 905 eos,
716 854 758 893 id
776 856 856 904 est,
878 853 1057 894 totaliter
1082 853 1235 894 delevit

207 925 314 969 illos.

260 994 485 1044 Moraliter,
507 994 557 1034 de
575 995 681 1035 hora
707 993 872 1044 mortis,
897 994 1068 1046 quando
1100 993 1235 1034 solent

207 1065 418 1106 daemones
435 1064 488 1104 ad
506 1065 757 1105 morientem
777 1064 822 1104 in
844 1064 1024 1105 circuitu
1041 1065 1234 1105 laetanter

207 1134 447 1175 convenire.
481 1133 555 1175 Vel
576 1137 686 1174 certe
706 1135 750 1173 in
770 1134 835 1174 die
862 1134 1010 1186 ,iudicii
1044 1138 1235 1187 peccator

207 1201 396 1254 undique
441 1201 552 1251 mala
593 1202 763 1241 habebit
799 1202 1062 1252 accusantia,
1105 1205 1145 1242 et
1183 1214 1235 1242 ex

208 1271 326 1312 nulla
343 1273 461 1323 parte
484 1272 535 1323 (a)
560 1272 834 1312 defendentia.

544 1431 757 1474 CAPUT
798 1432 886 1475 III.

260 1559 297 1595 1.
312 1555 456 1606 Aleph.
478 1555 565 1606 Eoo
576 1555 645 1596 vir
665 1554 829 1604 videns,
844 1557 921 1594 etc.
942 1554 989 1606 (bl
1004 1553 1233 1606 Postquam

204 1625 249 1664 in
267 1624 431 1665 duobus
452 1625 787 1677 praecedentibus
812 1623 1045 1676 alphabetis
1070 1624 1231 1663 lamen-

152 1721 157 1726 ·
204 1697 316 1735 tatus
344 1698 405 1736 est
435 1694 735 1735 desolationem
762 1694 1011 1746 Synagogae
1040 1694 1083 1733 in
1116 1706 1230 1734 com-

207 1766 328 1806 muni
340 1780 350 1816 ;
373 1766 442 1806 hic
451 1765 708 1805 lamentatur
721 1765 1020 1805 desolationem
1033 1777 1233 1817 quarum-

209 1836 307 1877 dam
341 1847 619 1888 personarum
657 1835 1020 1887 privilegiatarum
1057 1836 1101 1874 in
1138 1848 1231 1888 spe-

210 1906 317 1946 ciali.
338 1906 389 1946 Et
409 1907 508 1959 quia
526 1906 807 1958 privilegiatae
828 1906 1024 1946 dicuntur
1043 1918 1234 1958 personae

206 1977 440 2030 dupliciter,
462 1978 530 2018 vel
549 1989 625 2030 pro
644 1977 741 2017 vitae
753 1977 926 2027 meritis,
943 1977 1010 2017 vel
1026 1989 1099 2029 pro
1120 1981 1232 2018 statu

204 2050 377 2090 honoris
399 2064 408 2090 :
431 2051 569 2102 primo
596 2050 713 2102 ponit
734 2048 1080 2089 lamentationem
1102 2049 1231 2100 primi

207 2119 375 2170 generis
410 2132 714 2172 personarum,
750 2120 947 2168 secundo,
979 2119 1163 2159 aliarum
1184 2120 1229 2159 in

205 2189 396 2240 sequenti
414 2189 655 2242 alphabeto,
677 2190 735 2229 ihi
760 2204 767 2229 :
794 2189 1009 2241 Quomodo
1037 2189 1232 2231 obscura-

205 2262 294 2301 tum
311 2263 372 2302 esc
391 2261 574 2301 aurum?
592 2260 640 2299 Ι11
660 2260 800 2312 prima
821 2260 1107 2300 introducitur
1131 2272 1231 2313 pro-

203 2330 367 2382 phetica
403 2330 647 2371 lamentatio
682 2331 728 2370 in
757 2343 936 2383 persona
968 2331 1117 2371 talium
1128 2346 1138 2380 3
1159 2331 1230 2371 sed

205 2401 347 2441 verius
365 2401 530 2449 Christi,
546 2404 587 2441 et
600 2401 891 2441 membrorum
911 2413 1103 2452 suorum,
1124 2415 1229 2454 quo-

205 2481 303 2509 rum
333 2470 402 2509 hic
440 2470 657 2510 manifeste
687 2471 857 2510 miseria
885 2471 1164 2512 describitur:
1190 2475 1231 2512 et

205 2538 464 2590 impossibile
484 2542 544 2579 est
563 2540 632 2579 hic
649 2540 870 2580 litteralem
884 2540 1144 2581 intellectum
1161 2554 1228 2581 re-

206 2607 342 2660 perire
360 2607 450 2648 sine
470 2609 708 2648 extorsione
731 2608 794 2661 (c).
817 2609 904 2649 Hoc
929 2614 1070 2650 autem
1091 2611 1232 2663 alpha-

205 2678 350 2718 betum
388 2678 515 2718 habet
546 2679 650 2718 duas
682 2682 850 2731 partes:
875 2680 975 2732 quia
1001 2681 1140 2732 primo
1168 2681 1228 2721 la-

204 2749 417 2788 mentatur
436 2748 565 2788 simul
591 2748 752 2800 capitis,
782 2752 822 2789 et
847 2751 1034 2801 corporis
1053 2750 1230 2791 tribula-

202 2817 383 2868 tionem;
407 2818 604 2869 secundo,
624 2819 790 2860 invocat
801 2819 952 2859 electos
969 2821 1021 2860 ad
1038 2832 1229 2874 compas-

204 2887 388 2938 sionem,
417 2888 476 2927 ibi
498 2902 507 2928 :
529 2888 760 2930 Recordare
787 2892 1073 2942 paupertat2'33
1108 2892 1232 2932 tertio

204 2957 432 2998 incidenter
449 2961 673 3010 pertractat
698 2959 947 3012 Synagogae
967 2962 1228 3013 reprobatio-

204 3039 302 3067 nem
321 3028 538 3068 occasione
551 3028 772 3069 dominicae
784 3030 1002 3081 passionis,
1023 3030 1103 3070 ibi:
1124 3032 1232 3083 Ope-

205 3098 337 3139 ruisti
367 3098 415 3138 in
445 3098 605 3148 furore,
645 3102 682 3140 et
712 3101 982 3151 percussisti.
1016 3100 1063 3141 In
1095 3103 1233 3154 prima

208 3168 324 3218 parte
352 3167 490 3219 primo
509 3169 554 3208 in
573 3181 742 3209 summa
772 3170 911 3221 tangit
942 3171 1123 3221 gratiam
1157 3173 1233 3214 do-

209 3234 377 3275 minicae
414 3237 732 3289 exinanitionis3
772 3239 956 3279 secundo
973 3240 1123 3280 seriem
1144 3242 1234 3282 des-

210 3304 330 3344 cribit
348 3306 568 3348 dominicae
599 3309 820 3360 passionis,
842 3309 902 3349 ibi
923 3323 932 3348 2
958 3310 1233 3354 circumcedi-

211 3375 374 3426 s‘icavit,
395 3379 471 3417 etc.
503 3378 551 3419 In
569 3381 707 3432 prima
739 3385 857 3433 parte
888 3382 1121 3424 notificavit
1139 3383 1234 3425 Filii

257 3458 265 3478 ¹
284 3458 419 3498 Jerem.,
435 3468 529 3500 xxxi,
543 3463 635 3493 22.—
654 3463 665 3480 ²
678 3464 735 3504 1s.,
755 3471 854 3503 Lxui,
876 3467 947 3495 1.-
962 3464 1098 3505 8Apoa,
1112 3473 1163 3506 111,
1183 3469 1233 3499 17.

2255 216 2331 254 183

1306 292 1377 332 Dei
1415 292 1748 333 exinanitionem
1785 306 1860 346 per
1899 298 2254 348 comparationem
2280 303 2331 343 ad

1307 362 1440 402 Patris
1477 362 1743 403 severitatem
1754 378 1763 412 ;
1804 365 1987 405 secundo
2024 367 2164 407 subdit
2200 369 2329 422 hujus

1306 433 1608 473 exinanitionis
1643 435 1984 486 compendiosam
2014 436 2333 480 demonstratio-

1306 516 1404 543 nem
1442 504 1485 543 in
1525 504 1717 556 sequenti
1756 516 1883 545 versu
1922 518 1932 545 :
1979 506 2195 549 Vetustam
2232 510 2336 560 fecit

1304 574 1466 625 pellem,
1499 577 1576 614 etc.
1616 574 1855 615 Exinanitio
1885 575 2037 616 Christi
2063 580 2176 629 patet
2203 591 2256 619 ex
2275 591 2336 619 as-

1307 644 1547 696 sumptione
1584 647 1715 685 status
1752 646 1965 697 egestatis,
1994 648 2107 699 quod
2142 648 2337 700 intelligi-

1306 714 1439 754 turin
1458 714 1597 766 primo
1626 715 1845 764 membr03
1882 718 2063 758 secundo
2084 718 2337 770 intelligitur

1306 797 1359 824 ex
1379 786 1667 836 assumptione
1688 787 1912 826 anxietatis
1928 819 1937 837 ,
1956 788 2023 829 vel
2054 787 2334 839 adversitatis,

1307 855 1419 907 quod
1439 855 1691 906 intelligitur
1719 856 1762 895 in
1796 857 1978 896 secundo
2007 858 2218 910 membro,
2241 859 2300 899 ibi
2323 874 2333 899 ε

1305 926 1372 966 Me
1404 926 1602 975 minavit,
1643 928 1740 975 etc.;
1779 926 1924 976 tertio,
1961 939 2015 967 ex
2053 928 2266 980 singulari
2295 934 2337 970 et

1306 996 1510 1036 uniformi
1530 995 1845 1036 continuatione
1877 997 2006 1037 totius
2028 1010 2118 1038 suae
2142 1000 2338 1051 peregri-

1306 1066 1505 1116 nationis,
1529 1066 1587 1105 ibi
1610 1080 1618 1105 :
1647 1066 1827 1108 Tantum
1847 1068 1896 1107 in
1917 1079 1980 1109 me
1995 1100 2005 1118 ,
2028 1071 2105 1108 etc.
2130 1068 2177 1109 In
2201 1070 2338 1122 primo

1306 1136 1561 1188 intelligitur
1602 1137 1911 1177 delectabilium
1950 1139 2158 1190 carentia;
2196 1141 2243 1180 in
2273 1153 2340 1182 se·-

1307 1208 1446 1248 cundo
1493 1208 1762 1247 tristabilium
1814 1210 2060 1260 praesentim
2115 1210 2160 1249 in
2196 1212 2336 1263 tertio,

1307 1278 1529 1330 utriusque
1568 1279 1893 1330 perseverantia.
1931 1279 2158 1332 Amplius:
2190 1281 2335 1323 trime-

1307 1352 1422 1388 trum
1436 1348 1685 1388 describitur
1705 1349 1784 1388 hoc
1810 1349 2082 1401 alphabetum
2097 1382 2108 1401 ,
2129 1353 2170 1391 et
2188 1351 2338 1393 litteris

1308 1418 1540 1469 triplicatis,
1564 1418 1663 1469 quia
1681 1418 1761 1458 hoc
1787 1418 2061 1470 alphabetum
2087 1421 2267 1461 refertur
2285 1422 2339 1463 ad

1306 1488 1474 1527 tertiam
1512 1487 1706 1527 Ecclesiae
1751 1488 2094 1539 tribulationem,
2131 1502 2228 1542 quae
2276 1493 2339 1531 est

1307 1558 1609 1610 prosperitatis,
1647 1558 1908 1607 divitiarum,
1931 1559 2180 1600 deliciarum
2203 1564 2244 1601 et
2259 1561 2336 1602 ho-

1307 1641 1476 1669 norum.
1512 1628 1706 1681 Amplius
1731 1643 1738 1668 :
1768 1629 1837 1669 hic
1868 1641 2066 1682 expresse
2098 1631 2340 1684 deploratur

1307 1700 1443 1751 passio
1470 1698 1726 1748 SalvatoriS,
1750 1700 1872 1750 cujus
1906 1712 1992 1740 una
2030 1701 2258 1741 consistens
2278 1705 2341 1743 est

1306 1781 1483 1821 persona
1499 1769 1542 1808 in
1566 1770 1698 1809 tribus
1721 1769 1964 1809 substantiis
1986 1785 1995 1810 t
2017 1771 2104 1823 qu
2122 1772 2205 1813 vir.
2220 1771 2338 1821 Quod

1307 1840 1503 1891 quamvis
1544 1840 1623 1879 dici
1661 1840 1791 1892 possit
1819 1840 1864 1879 in
1883 1852 2061 1892 persona
2095 1841 2335 1894 Prophetae,

1307 1910 1374 1950 vel
1412 1909 1640 1950 electorum
1672 1909 1944 1962 Synagogae3
1981 1911 2134 1952 melius
2151 1915 2338 1955 tamena

1307 1992 1434 2020 sensu
1454 1980 1625 2031 judaico
1661 1981 1894 2031 receditur,
1931 1984 1972 2021 et
2007 1981 2232 2033 allegorice
2261 1996 2338 2036 pro

1307 2063 1435 2090 seusu
1470 2050 1670 2091 historico
1708 2051 1963 2091 adhaeretur.
2006 2052 2057 2092 Et
2085 2054 2185 2105 quia
2214 2054 2258 2094 in
2287 2055 2338 2094 iis

1306 2121 1444 2161 tribus
1467 2121 1665 2161 clausulis
1692 2122 1940 2162 summatim
1965 2124 2338 2176 comprehenditur

1307 2192 1559 2232 universitas
1601 2193 1872 2244 agendorum
1915 2196 1956 2234 et
2001 2195 2334 2247 credendorum

1306 2262 1398 2301 ideo
1414 2262 1505 2301 istis
1522 2262 1658 2302 tribus
1691 2264 1895 2303 membris
1924 2265 2054 2317 Aleplt
2074 2267 2338 2318 praeponitur

1306 2332 1577 2384 triplicatum.
1602 2333 1823 2374 Continere
1855 2335 1969 2375 enim
1993 2348 2036 2376 se
2055 2337 2101 2376 in
2121 2337 2334 2389 omnibUS,

1306 2414 1403 2454 quae
1440 2402 1485 2442 in
1519 2404 1680 2444 mundo
1713 2408 1828 2454 sunt,
1861 2406 2009 2457 bonis,
2044 2410 2084 2448 et
2113 2408 2332 2461 sustinere,

1307 2484 1404 2523 quae
1423 2472 1467 2511 in
1488 2473 1646 2513 mundo
1667 2478 1784 2525 sunt,
1808 2477 1935 2525 mala,
1958 2480 2020 2517 est
2047 2478 2217 2518 virtutis
2247 2478 2337 2518 uni-

1307 2542 1497 2591 versitas,
1520 2545 1566 2582 ut
1593 2544 1692 2583 dicit
1710 2544 2001 2596 Augustinus:
2026 2549 2066 2587 et
2079 2547 2213 2588 hocin
2229 2547 2335 2589 duo—

1306 2610 1386 2650 bus
1413 2612 1561 2663 primis
1589 2614 1806 2655 membris.
1838 2615 2032 2668 Amplius
2051 2620 2209 2668 autem,
2233 2630 2334 2670 qua-

1305 2680 1401 2721 liter
1420 2693 1494 2733 per
1514 2682 1727 2724 Christum
1746 2685 1905 2736 solum,
1926 2689 1967 2726 et
1987 2688 2079 2739 ejus
2098 2688 2332 2739 angustias,

1306 2752 1535 2794 liberatum
1554 2755 1607 2794 sit
1628 2767 1767 2806 genus
1790 2756 2047 2809 humanum,
2070 2759 2337 2811 amplectitur

1307 2834 1477 2863 summa
1507 2826 1814 2867 credendorum
1854 2842 1863 2867 :
1907 2831 1947 2868 et
1981 2828 2061 2868 hoc
2097 2830 2336 2870 continetur

1306 2894 1431 2934 tertio
1452 2896 1658 2937 membro.
1694 2897 1800 2938 Dicit
1817 2910 1923 2950 ergo
1961 2913 1970 2939 :
2005 2901 2113 2951 Ε90,
2145 2899 2335 2941 Christus

1306 2963 1532 3015 purissima
1552 2968 1592 3005 et
1611 2966 1740 3006 trium
1770 2979 1948 3019 persona
1968 2969 2330 3021 substantiarum3

1306 3035 1389 3084 vir,
1427 3047 1451 3074 a
1481 3036 1638 3077 virtute
1669 3039 1679 3059 ¹
1716 3052 1724 3078 :
1753 3053 1772 3076 <‹
1805 3038 1956 3080 Mulier
1977 3041 2254 3081 circumdabit
2273 3042 2335 3082 vi-

1306 3117 1426 3156 rum;
1452 3121 1470 3144 ›>
1493 3110 1506 3130 Ξ
1524 3122 1543 3145 a
1574 3107 1773 3149 Gradiens
1803 3110 1848 3149 in
1873 3111 2144 3152 multitudine
2164 3112 2334 3153 virtutis

1308 3187 1412 3216 suae.
1430 3191 1448 3214 n
1486 3178 1646 3220 Videas
1679 3185 1976 3232 paupertatem
2004 3193 2159 3233 meam,
2193 3183 2235 3223 id
2257 3186 2332 3233 est,

1308 3247 1512 3288 veraciter
1531 3261 1804 3301 cognoscens.
1837 3251 1942 3291 Cum
1964 3264 1986 3292 e
2009 3256 2154 3293 contra
2172 3253 2334 3293 dicatur

1309 3316 1359 3358 de
1379 3318 1525 3359 multis
1539 3320 1552 3341 ³
1572 3334 1580 3360 :
1617 3320 1775 3372 «Dicis,
1797 3323 1899 3374 quia
1932 3322 2049 3364 dives
2068 3334 2163 3363 sum
2180 3353 2191 3372 ,
2212 3323 2252 3362 et
2270 3321 2332 3361 lo-

1352 3423 1399 3464 (a)
1412 3425 1528 3466 Suppc.
1549 3426 1695 3457 hona.-
1715 3427 1754 3466 (b)
1774 3428 1856 3460 Caet.
1872 3428 1951 3459 edit.
1973 3428 2066 3459 deest
2085 3435 2107 3459 1.
2125 3426 2244 3468 Aleph.
2263 3427 2334 3470 qu

1310 3471 1361 3501 vir
1387 3472 1518 3512 videns,
1544 3475 1608 3504 etc.
1635 3490 1675 3496 —
1696 3474 1736 3514 (c)
1759 3475 1839 3506 Caet.
1864 3475 1944 3508 edu.
1966 3473 2168 3507 extersione.
