<?xml version="1.0" encoding="UTF-8"?>
<!DOCTYPE html PUBLIC "-//W3C//DTD XHTML 1.0 Transitional//EN"
    "http://www.w3.org/TR/xhtml1/DTD/xhtml1-transitional.dtd">
<html xmlns="http://www.w3.org/1999/xhtml" xml:lang="en" lang="en">
 <head>
  <title>
</title>
<meta http-equiv="Content-Type" content="text/html;charset=utf-8" />
  <meta name='ocr-system' content='tesseract 3.04.00' />
  <meta name='ocr-capabilities' content='ocr_page ocr_carea ocr_par ocr_line ocrx_word'/>
</head>
<body>
  <div class='ocr_page' id='page_1' title='image "./operaomniasixtiv10bonauoft/operaomniasixtiv10bonauoft_0629.png"; bbox 0 0 2634 3853; ppageno 0'>
   <div class='ocr_carea' id='block_1_1' title="bbox 62 2204 182 2231">
    <p class='ocr_par' dir='ltr' id='par_1_1' title="bbox 62 2204 182 2231">
     <span class='ocr_line' id='line_1_1' title="bbox 62 2204 182 2231; baseline -0.008 0"><span class='ocrx_word' id='word_1_1' title='bbox 62 2204 182 2231; x_wconf 78' lang='lat' dir='ltr'>Manhu.</span> 
     </span>
    </p>
   </div>
   <div class='ocr_carea' id='block_1_2' title="bbox 947 144 1579 188">
    <p class='ocr_par' dir='ltr' id='par_1_2' title="bbox 947 144 1579 188">
     <span class='ocr_line' id='line_1_2' title="bbox 947 144 1579 188; baseline -0.005 0"><span class='ocrx_word' id='word_1_2' title='bbox 947 145 1219 188; x_wconf 79' lang='lat' dir='ltr'>EXPOSITIO</span> <span class='ocrx_word' id='word_1_3' title='bbox 1248 144 1302 186; x_wconf 95' lang='lat' dir='ltr'>IN</span> <span class='ocrx_word' id='word_1_4' title='bbox 1331 144 1445 185; x_wconf 87' lang='lat' dir='ltr'>CAP.</span> <span class='ocrx_word' id='word_1_5' title='bbox 1475 144 1579 186; x_wconf 84' lang='lat' dir='ltr'>XIV.</span> 
     </span>
    </p>
   </div>
   <div class='ocr_carea' id='block_1_3' title="bbox 197 234 1235 2256">
    <p class='ocr_par' dir='ltr' id='par_1_3' title="bbox 197 234 1235 2256">
     <span class='ocr_line' id='line_1_3' title="bbox 197 234 1220 289; baseline -0.004 -11"><span class='ocrx_word' id='word_1_6' title='bbox 197 238 299 278; x_wconf 90' lang='lat' dir='ltr'>runt</span> <span class='ocrx_word' id='word_1_7' title='bbox 316 236 476 289; x_wconf 86' lang='lat' dir='ltr'>nuptiae</span> <span class='ocrx_word' id='word_1_8' title='bbox 501 236 632 289; x_wconf 84' lang='lat' dir='ltr'>agni,</span> <span class='ocrx_word' id='word_1_9' title='bbox 665 239 706 277; x_wconf 91' lang='lat' dir='ltr'>et</span> <span class='ocrx_word' id='word_1_10' title='bbox 725 247 834 278; x_wconf 87' lang='lat' dir='ltr'>uxor</span> <span class='ocrx_word' id='word_1_11' title='bbox 852 237 944 288; x_wconf 88' lang='lat' dir='ltr'>ejus</span> <span class='ocrx_word' id='word_1_12' title='bbox 964 234 1220 288; x_wconf 87' lang='lat' dir='ltr'>praeparavit</span> 
     </span>
     <span class='ocr_line' id='line_1_4' title="bbox 199 293 1221 358; baseline -0.004 -11"><span class='ocrx_word' id='word_1_13' title='bbox 199 319 293 348; x_wconf 85' lang='lat' dir='ltr'>se.»</span> <span class='ocrx_word' id='word_1_14' title='bbox 312 306 397 346; x_wconf 90' lang='lat' dir='ltr'>Has</span> <span class='ocrx_word' id='word_1_15' title='bbox 412 306 580 358; x_wconf 78' lang='lat' dir='ltr'>nuptias</span> <span class='ocrx_word' id='word_1_16' title='bbox 597 307 692 347; x_wconf 86' lang='lat' dir='ltr'>fecit</span> <span class='ocrx_word' id='word_1_17' title='bbox 711 307 820 348; x_wconf 90' lang='lat' dir='ltr'>Deus</span> <span class='ocrx_word' id='word_1_18' title='bbox 835 293 972 357; x_wconf 88' lang='lat' dir='ltr'>Pater,</span> <span class='ocrx_word' id='word_1_19' title='bbox 988 305 1221 346; x_wconf 88' lang='lat' dir='ltr'>secundum</span> 
     </span>
     <span class='ocr_line' id='line_1_5' title="bbox 198 376 1222 429; baseline -0.005 -11"><span class='ocrx_word' id='word_1_20' title='bbox 198 377 310 429; x_wconf 88' lang='lat' dir='ltr'>quod</span> <span class='ocrx_word' id='word_1_21' title='bbox 329 376 482 417; x_wconf 90' lang='lat' dir='ltr'>dicitur</span> <span class='ocrx_word' id='word_1_22' title='bbox 502 378 513 399; x_wconf 81' lang='lat'>1</span> <span class='ocrx_word' id='word_1_23' title='bbox 538 391 547 418; x_wconf 92' lang='lat'>:</span> <span class='ocrx_word' id='word_1_24' title='bbox 566 392 584 416; x_wconf 87' lang='lat'>«</span> <span class='ocrx_word' id='word_1_25' title='bbox 604 377 749 417; x_wconf 82' lang='lat' dir='ltr'>Simile</span> <span class='ocrx_word' id='word_1_26' title='bbox 776 378 932 417; x_wconf 85' lang='lat' dir='ltr'>factum</span> <span class='ocrx_word' id='word_1_27' title='bbox 956 378 1017 415; x_wconf 90' lang='lat' dir='ltr'>est</span> <span class='ocrx_word' id='word_1_28' title='bbox 1036 385 1222 426; x_wconf 85' lang='lat' dir='ltr'>regnum</span> 
     </span>
     <span class='ocr_line' id='line_1_6' title="bbox 199 444 1221 500; baseline -0.004 -13"><span class='ocrx_word' id='word_1_29' title='bbox 199 447 402 487; x_wconf 85' lang='lat' dir='ltr'>coelorum</span> <span class='ocrx_word' id='word_1_30' title='bbox 422 447 585 487; x_wconf 89' lang='lat' dir='ltr'>homini</span> <span class='ocrx_word' id='word_1_31' title='bbox 603 447 720 499; x_wconf 83' lang='lat' dir='ltr'>regi,</span> <span class='ocrx_word' id='word_1_32' title='bbox 743 447 815 500; x_wconf 82' lang='lat' dir='ltr'>qui</span> <span class='ocrx_word' id='word_1_33' title='bbox 834 447 928 488; x_wconf 84' lang='lat' dir='ltr'>fecit</span> <span class='ocrx_word' id='word_1_34' title='bbox 947 445 1116 498; x_wconf 79' lang='lat' dir='ltr'>nuptias</span> <span class='ocrx_word' id='word_1_35' title='bbox 1133 444 1221 484; x_wconf 89' lang='lat' dir='ltr'>filio</span> 
     </span>
     <span class='ocr_line' id='line_1_7' title="bbox 199 514 1221 569; baseline -0.003 -13"><span class='ocrx_word' id='word_1_36' title='bbox 199 528 291 557; x_wconf 90' lang='lat' dir='ltr'>suo.</span> <span class='ocrx_word' id='word_1_37' title='bbox 313 530 332 554; x_wconf 84' lang='grc'>))</span> <span class='ocrx_word' id='word_1_38' title='bbox 357 515 433 557; x_wconf 84' lang='lat' dir='ltr'>Hae</span> <span class='ocrx_word' id='word_1_39' title='bbox 463 517 624 569; x_wconf 77' lang='lat' dir='ltr'>nuptiae</span> <span class='ocrx_word' id='word_1_40' title='bbox 651 517 868 557; x_wconf 82' lang='lat' dir='ltr'>celebratae</span> <span class='ocrx_word' id='word_1_41' title='bbox 894 517 994 557; x_wconf 88' lang='lat' dir='ltr'>sunt</span> <span class='ocrx_word' id='word_1_42' title='bbox 1018 515 1062 554; x_wconf 91' lang='lat' dir='ltr'>in</span> <span class='ocrx_word' id='word_1_43' title='bbox 1086 514 1221 554; x_wconf 84' lang='lat' dir='ltr'>thala-</span> 
     </span>
     <span class='ocr_line' id='line_1_8' title="bbox 200 584 1222 639; baseline -0.003 -13"><span class='ocrx_word' id='word_1_44' title='bbox 200 598 270 627; x_wconf 88' lang='lat' dir='ltr'>mo</span> <span class='ocrx_word' id='word_1_45' title='bbox 288 587 399 627; x_wconf 82' lang='lat' dir='ltr'>uteri</span> <span class='ocrx_word' id='word_1_46' title='bbox 425 587 656 639; x_wconf 85' lang='lat' dir='ltr'>Virginalis</span> <span class='ocrx_word' id='word_1_47' title='bbox 675 591 690 613; x_wconf 73' lang='lat'>2</span> <span class='ocrx_word' id='word_1_48' title='bbox 713 601 722 627; x_wconf 74' lang='grc' dir='ltr'>ε</span> <span class='ocrx_word' id='word_1_49' title='bbox 750 601 769 625; x_wconf 77' lang='lat' dir='ltr'>c&lt;</span> <span class='ocrx_word' id='word_1_50' title='bbox 791 586 839 627; x_wconf 89' lang='grc'>10</span> <span class='ocrx_word' id='word_1_51' title='bbox 869 585 955 626; x_wconf 87' lang='grc'>5010</span> <span class='ocrx_word' id='word_1_52' title='bbox 983 584 1124 638; x_wconf 80' lang='lat' dir='ltr'>posuit</span> <span class='ocrx_word' id='word_1_53' title='bbox 1155 587 1222 624; x_wconf 91' lang='lat' dir='ltr'>ta-</span> 
     </span>
     <span class='ocr_line' id='line_1_9' title="bbox 199 656 1223 710; baseline -0.002 -14"><span class='ocrx_word' id='word_1_54' title='bbox 199 656 476 698; x_wconf 86' lang='lat' dir='ltr'>bernaculum</span> <span class='ocrx_word' id='word_1_55' title='bbox 495 669 637 709; x_wconf 80' lang='lat' dir='ltr'>suum,</span> <span class='ocrx_word' id='word_1_56' title='bbox 654 660 695 698; x_wconf 91' lang='lat' dir='ltr'>et</span> <span class='ocrx_word' id='word_1_57' title='bbox 713 658 802 710; x_wconf 90' lang='lat' dir='ltr'>ipse</span> <span class='ocrx_word' id='word_1_58' title='bbox 820 659 1024 709; x_wconf 84' lang='lat' dir='ltr'>tanquam</span> <span class='ocrx_word' id='word_1_59' title='bbox 1044 665 1223 708; x_wconf 90' lang='lat' dir='ltr'>sponsus</span> 
     </span>
     <span class='ocr_line' id='line_1_10' title="bbox 200 726 1223 780; baseline -0.002 -13"><span class='ocrx_word' id='word_1_60' title='bbox 200 727 428 780; x_wconf 82' lang='lat' dir='ltr'>procedens</span> <span class='ocrx_word' id='word_1_61' title='bbox 456 728 506 768; x_wconf 91' lang='lat' dir='ltr'>de</span> <span class='ocrx_word' id='word_1_62' title='bbox 537 728 722 769; x_wconf 79' lang='lat' dir='ltr'>thalamo</span> <span class='ocrx_word' id='word_1_63' title='bbox 755 739 847 768; x_wconf 91' lang='lat' dir='ltr'>suo.</span> <span class='ocrx_word' id='word_1_64' title='bbox 879 740 898 764; x_wconf 89' lang='lat'>»</span> <span class='ocrx_word' id='word_1_65' title='bbox 936 726 997 766; x_wconf 90' lang='lat' dir='ltr'>Ibi</span> <span class='ocrx_word' id='word_1_66' title='bbox 1026 737 1223 766; x_wconf 89' lang='lat' dir='ltr'>consum-</span> 
     </span>
     <span class='ocr_line' id='line_1_11' title="bbox 201 796 1225 839; baseline -0.003 -1"><span class='ocrx_word' id='word_1_67' title='bbox 201 799 363 838; x_wconf 80' lang='lat' dir='ltr'>matum</span> <span class='ocrx_word' id='word_1_68' title='bbox 390 800 451 838; x_wconf 91' lang='lat' dir='ltr'>est</span> <span class='ocrx_word' id='word_1_69' title='bbox 483 799 801 839; x_wconf 82' lang='lat' dir='ltr'>matrimonium</span> <span class='ocrx_word' id='word_1_70' title='bbox 829 798 938 837; x_wconf 88' lang='lat' dir='ltr'>inter</span> <span class='ocrx_word' id='word_1_71' title='bbox 967 796 1154 838; x_wconf 88' lang='lat' dir='ltr'>divinam</span> <span class='ocrx_word' id='word_1_72' title='bbox 1185 798 1225 835; x_wconf 91' lang='lat' dir='ltr'>et</span> 
     </span>
     <span class='ocr_line' id='line_1_12' title="bbox 200 865 1226 917; baseline -0.002 -11"><span class='ocrx_word' id='word_1_73' title='bbox 200 867 434 908; x_wconf 79' lang='lat' dir='ltr'>humanam</span> <span class='ocrx_word' id='word_1_74' title='bbox 467 870 662 908; x_wconf 88' lang='lat' dir='ltr'>naturam</span> <span class='ocrx_word' id='word_1_75' title='bbox 682 899 695 917; x_wconf 96' lang='lat'>,</span> <span class='ocrx_word' id='word_1_76' title='bbox 731 870 771 908; x_wconf 90' lang='lat' dir='ltr'>et</span> <span class='ocrx_word' id='word_1_77' title='bbox 798 867 907 907; x_wconf 87' lang='lat' dir='ltr'>inte&#39;r</span> <span class='ocrx_word' id='word_1_78' title='bbox 942 865 1153 906; x_wconf 86' lang='lat' dir='ltr'>Christum</span> <span class='ocrx_word' id='word_1_79' title='bbox 1184 867 1226 905; x_wconf 90' lang='lat' dir='ltr'>et</span> 
     </span>
     <span class='ocr_line' id='line_1_13' title="bbox 200 935 1225 991; baseline -0.002 -13"><span class='ocrx_word' id='word_1_80' title='bbox 200 937 450 989; x_wconf 81' lang='lat' dir='ltr'>Ecclesiam,</span> <span class='ocrx_word' id='word_1_81' title='bbox 470 950 545 991; x_wconf 86' lang='lat' dir='ltr'>per</span> <span class='ocrx_word' id='word_1_82' title='bbox 563 948 823 990; x_wconf 80' lang='lat' dir='ltr'>consequens</span> <span class='ocrx_word' id='word_1_83' title='bbox 836 969 847 988; x_wconf 80' lang='lat'>,</span> <span class='ocrx_word' id='word_1_84' title='bbox 870 936 1102 977; x_wconf 89' lang='lat' dir='ltr'>secundum</span> <span class='ocrx_word' id='word_1_85' title='bbox 1121 935 1225 976; x_wconf 89' lang='lat' dir='ltr'>illud</span> 
     </span>
     <span class='ocr_line' id='line_1_14' title="bbox 201 1006 1225 1061; baseline -0.003 -12"><span class='ocrx_word' id='word_1_86' title='bbox 201 1009 314 1061; x_wconf 85' lang='lat' dir='ltr'>quod</span> <span class='ocrx_word' id='word_1_87' title='bbox 333 1009 557 1061; x_wconf 85' lang='lat' dir='ltr'>Apostolus</span> <span class='ocrx_word' id='word_1_88' title='bbox 575 1009 625 1049; x_wconf 88' lang='lat' dir='ltr'>de</span> <span class='ocrx_word' id='word_1_89' title='bbox 645 1008 915 1049; x_wconf 88' lang='lat' dir='ltr'>matrimonio</span> <span class='ocrx_word' id='word_1_90' title='bbox 932 1007 1030 1048; x_wconf 90' lang='lat' dir='ltr'>dicit</span> <span class='ocrx_word' id='word_1_91' title='bbox 1046 1010 1059 1031; x_wconf 72' lang='lat'>³</span> <span class='ocrx_word' id='word_1_92' title='bbox 1084 1021 1092 1046; x_wconf 73' lang='grc' dir='ltr'>ε</span> <span class='ocrx_word' id='word_1_93' title='bbox 1121 1021 1140 1044; x_wconf 88' lang='lat'>«</span> <span class='ocrx_word' id='word_1_94' title='bbox 1154 1006 1225 1046; x_wconf 86' lang='lat' dir='ltr'>Sa-</span> 
     </span>
     <span class='ocr_line' id='line_1_15' title="bbox 201 1078 1226 1130; baseline -0.004 -11"><span class='ocrx_word' id='word_1_95' title='bbox 201 1081 465 1119; x_wconf 86' lang='lat' dir='ltr'>cramentum</span> <span class='ocrx_word' id='word_1_96' title='bbox 497 1079 576 1119; x_wconf 93' lang='lat' dir='ltr'>hoc</span> <span class='ocrx_word' id='word_1_97' title='bbox 607 1091 817 1130; x_wconf 86' lang='lat' dir='ltr'>magnum</span> <span class='ocrx_word' id='word_1_98' title='bbox 846 1079 937 1118; x_wconf 83' lang='lat' dir='ltr'>est:</span> <span class='ocrx_word' id='word_1_99' title='bbox 971 1088 1053 1128; x_wconf 88' lang='lat' dir='ltr'>ego</span> <span class='ocrx_word' id='word_1_100' title='bbox 1082 1078 1226 1116; x_wconf 86' lang='lat' dir='ltr'>autem</span> 
     </span>
     <span class='ocr_line' id='line_1_16' title="bbox 201 1142 1226 1200; baseline -0.004 -9"><span class='ocrx_word' id='word_1_101' title='bbox 201 1150 316 1200; x_wconf 89' lang='lat' dir='ltr'>dico,</span> <span class='ocrx_word' id='word_1_102' title='bbox 337 1150 383 1190; x_wconf 90' lang='lat' dir='ltr'>in</span> <span class='ocrx_word' id='word_1_103' title='bbox 402 1142 574 1191; x_wconf 88' lang='lat' dir='ltr'>Christo</span> <span class='ocrx_word' id='word_1_104' title='bbox 590 1152 630 1190; x_wconf 91' lang='lat' dir='ltr'>et</span> <span class='ocrx_word' id='word_1_105' title='bbox 647 1150 691 1190; x_wconf 88' lang='lat' dir='ltr'>in</span> <span class='ocrx_word' id='word_1_106' title='bbox 711 1149 906 1190; x_wconf 85' lang='lat' dir='ltr'>Ecclesia.</span> <span class='ocrx_word' id='word_1_107' title='bbox 928 1163 947 1186; x_wconf 83' lang='grc'>))</span> <span class='ocrx_word' id='word_1_108' title='bbox 974 1147 1226 1189; x_wconf 87' lang='lat' dir='ltr'>Convivium</span> 
     </span>
     <span class='ocr_line' id='line_1_17' title="bbox 201 1221 1227 1274; baseline -0.001 -13"><span class='ocrx_word' id='word_1_109' title='bbox 201 1221 247 1261; x_wconf 90' lang='lat' dir='ltr'>in</span> <span class='ocrx_word' id='word_1_110' title='bbox 266 1221 334 1261; x_wconf 89' lang='lat' dir='ltr'>his</span> <span class='ocrx_word' id='word_1_111' title='bbox 358 1221 517 1274; x_wconf 91' lang='lat' dir='ltr'>nuptiis</span> <span class='ocrx_word' id='word_1_112' title='bbox 546 1223 608 1262; x_wconf 90' lang='lat' dir='ltr'>est</span> <span class='ocrx_word' id='word_1_113' title='bbox 636 1221 680 1261; x_wconf 90' lang='grc'>10</span> <span class='ocrx_word' id='word_1_114' title='bbox 703 1221 965 1273; x_wconf 76' lang='lat' dir='ltr'>susceptione</span> <span class='ocrx_word' id='word_1_115' title='bbox 988 1232 1227 1260; x_wconf 87' lang='lat' dir='ltr'>sacramen-</span> 
     </span>
     <span class='ocr_line' id='line_1_18' title="bbox 199 1284 1227 1340; baseline -0.002 -8"><span class='ocrx_word' id='word_1_116' title='bbox 199 1294 343 1332; x_wconf 92' lang='lat' dir='ltr'>torum</span> <span class='ocrx_word' id='word_1_117' title='bbox 374 1284 568 1332; x_wconf 79' lang='lat' dir='ltr'>Ecclesiae</span> <span class='ocrx_word' id='word_1_118' title='bbox 593 1323 603 1340; x_wconf 84' lang='grc'><em>,</em></span> <span class='ocrx_word' id='word_1_119' title='bbox 636 1293 677 1332; x_wconf 76' lang='lat' dir='ltr'>et</span> <span class='ocrx_word' id='word_1_120' title='bbox 707 1292 1058 1332; x_wconf 83' lang='lat' dir='ltr'>documentorum</span> <span class='ocrx_word' id='word_1_121' title='bbox 1098 1302 1227 1331; x_wconf 85' lang='lat' dir='ltr'>sacrae</span> 
     </span>
     <span class='ocr_line' id='line_1_19' title="bbox 201 1362 1227 1415; baseline -0.001 -13"><span class='ocrx_word' id='word_1_122' title='bbox 201 1362 430 1415; x_wconf 85' lang='lat' dir='ltr'>Scripturae</span> <span class='ocrx_word' id='word_1_123' title='bbox 452 1362 466 1384; x_wconf 63' lang='lat'><strong><em>⁸</em></strong></span> <span class='ocrx_word' id='word_1_124' title='bbox 489 1376 498 1402; x_wconf 91' lang='lat'>:</span> <span class='ocrx_word' id='word_1_125' title='bbox 527 1377 546 1400; x_wconf 89' lang='lat'>«</span> <span class='ocrx_word' id='word_1_126' title='bbox 565 1362 779 1414; x_wconf 81' lang='lat' dir='ltr'>Sapientia</span> <span class='ocrx_word' id='word_1_127' title='bbox 806 1362 1029 1403; x_wconf 62' lang='lat' dir='ltr'>aedificavit</span> <span class='ocrx_word' id='word_1_128' title='bbox 1054 1362 1133 1401; x_wconf 89' lang='lat' dir='ltr'>sibi</span> <span class='ocrx_word' id='word_1_129' title='bbox 1152 1362 1227 1402; x_wconf 93' lang='lat' dir='ltr'>do-</span> 
     </span>
     <span class='ocr_line' id='line_1_20' title="bbox 200 1431 1227 1483; baseline -0.002 -11"><span class='ocrx_word' id='word_1_130' title='bbox 200 1444 345 1483; x_wconf 86' lang='lat' dir='ltr'>mum,</span> <span class='ocrx_word' id='word_1_131' title='bbox 367 1432 522 1473; x_wconf 83' lang='lat' dir='ltr'>excidit</span> <span class='ocrx_word' id='word_1_132' title='bbox 544 1432 762 1473; x_wconf 88' lang='lat' dir='ltr'>columnas</span> <span class='ocrx_word' id='word_1_133' title='bbox 788 1435 960 1483; x_wconf 84' lang='lat' dir='ltr'>septem.</span> <span class='ocrx_word' id='word_1_134' title='bbox 988 1431 1227 1472; x_wconf 80' lang='lat' dir='ltr'>immolavit</span> 
     </span>
     <span class='ocr_line' id='line_1_21' title="bbox 201 1501 1224 1554; baseline -0.002 -11"><span class='ocrx_word' id='word_1_135' title='bbox 201 1503 394 1543; x_wconf 87' lang='lat' dir='ltr'>victimas</span> <span class='ocrx_word' id='word_1_136' title='bbox 413 1514 531 1554; x_wconf 77' lang='grc'>5005,</span> <span class='ocrx_word' id='word_1_137' title='bbox 554 1503 722 1543; x_wconf 88' lang='lat' dir='ltr'>miscuit</span> <span class='ocrx_word' id='word_1_138' title='bbox 749 1502 924 1552; x_wconf 88' lang='lat' dir='ltr'>vinum,</span> <span class='ocrx_word' id='word_1_139' title='bbox 947 1504 987 1541; x_wconf 90' lang='lat' dir='ltr'>et</span> <span class='ocrx_word' id='word_1_140' title='bbox 1006 1501 1146 1553; x_wconf 89' lang='lat' dir='ltr'>posuit</span> <span class='ocrx_word' id='word_1_141' title='bbox 1173 1501 1224 1553; x_wconf 78' lang='lat' dir='ltr'>(a)</span> 
     </span>
     <span class='ocr_line' id='line_1_22' title="bbox 202 1572 1229 1630; baseline -0.002 -17"><span class='ocrx_word' id='word_1_142' title='bbox 202 1584 395 1614; x_wconf 90' lang='lat' dir='ltr'>mensam</span> <span class='ocrx_word' id='word_1_143' title='bbox 414 1585 551 1613; x_wconf 91' lang='lat' dir='ltr'>suam.</span> <span class='ocrx_word' id='word_1_144' title='bbox 573 1572 682 1613; x_wconf 85' lang='lat' dir='ltr'>Misit</span> <span class='ocrx_word' id='word_1_145' title='bbox 705 1572 878 1612; x_wconf 84' lang='lat' dir='ltr'>ancillas</span> <span class='ocrx_word' id='word_1_146' title='bbox 899 1583 995 1630; x_wconf 81' lang='lat' dir='ltr'>suas</span> <span class='ocrx_word' id='word_1_147' title='bbox 1009 1603 1018 1621; x_wconf 73' lang='lat'><strong>⁷</strong></span> <span class='ocrx_word' id='word_1_148' title='bbox 1042 1574 1090 1611; x_wconf 89' lang='lat' dir='ltr'>ut</span> <span class='ocrx_word' id='word_1_149' title='bbox 1106 1583 1229 1611; x_wconf 88' lang='lat' dir='ltr'>voca-</span> 
     </span>
     <span class='ocr_line' id='line_1_23' title="bbox 202 1642 1225 1694; baseline -0.002 -11"><span class='ocrx_word' id='word_1_150' title='bbox 202 1645 296 1684; x_wconf 89' lang='lat' dir='ltr'>rent</span> <span class='ocrx_word' id='word_1_151' title='bbox 314 1643 367 1683; x_wconf 92' lang='lat' dir='ltr'>ad</span> <span class='ocrx_word' id='word_1_152' title='bbox 387 1655 526 1684; x_wconf 90' lang='lat' dir='ltr'>arcem</span> <span class='ocrx_word' id='word_1_153' title='bbox 540 1675 551 1694; x_wconf 83' lang='lat'>‚</span> <span class='ocrx_word' id='word_1_154' title='bbox 573 1646 614 1683; x_wconf 90' lang='lat' dir='ltr'>et</span> <span class='ocrx_word' id='word_1_155' title='bbox 636 1643 688 1683; x_wconf 90' lang='lat' dir='ltr'>ad</span> <span class='ocrx_word' id='word_1_156' title='bbox 708 1643 865 1683; x_wconf 84' lang='lat' dir='ltr'>moenia</span> <span class='ocrx_word' id='word_1_157' title='bbox 882 1642 1087 1692; x_wconf 89' lang='lat' dir='ltr'>civitatis,</span> <span class='ocrx_word' id='word_1_158' title='bbox 1109 1656 1128 1679; x_wconf 82' lang='lat'>»</span> <span class='ocrx_word' id='word_1_159' title='bbox 1148 1644 1225 1681; x_wconf 88' lang='lat' dir='ltr'>etc.</span> 
     </span>
     <span class='ocr_line' id='line_1_24' title="bbox 202 1712 1229 1765; baseline -0.002 -12"><span class='ocrx_word' id='word_1_160' title='bbox 202 1712 267 1753; x_wconf 91' lang='lat' dir='ltr'>Ad</span> <span class='ocrx_word' id='word_1_161' title='bbox 285 1712 366 1754; x_wconf 88' lang='lat' dir='ltr'>hoc</span> <span class='ocrx_word' id='word_1_162' title='bbox 383 1713 628 1755; x_wconf 90' lang='lat' dir='ltr'>convivium</span> <span class='ocrx_word' id='word_1_163' title='bbox 646 1715 853 1754; x_wconf 88' lang='lat' dir='ltr'>vocantur</span> <span class='ocrx_word' id='word_1_164' title='bbox 870 1724 1017 1753; x_wconf 90' lang='lat' dir='ltr'>omnes</span> <span class='ocrx_word' id='word_1_165' title='bbox 1046 1712 1121 1765; x_wconf 86' lang='lat' dir='ltr'>qui</span> <span class='ocrx_word' id='word_1_166' title='bbox 1148 1724 1229 1752; x_wconf 91' lang='lat' dir='ltr'>vo-</span> 
     </span>
     <span class='ocr_line' id='line_1_25' title="bbox 202 1782 1228 1836; baseline 0 -14"><span class='ocrx_word' id='word_1_167' title='bbox 202 1785 354 1823; x_wconf 90' lang='lat' dir='ltr'>cantur</span> <span class='ocrx_word' id='word_1_168' title='bbox 386 1783 437 1824; x_wconf 90' lang='lat' dir='ltr'>ad</span> <span class='ocrx_word' id='word_1_169' title='bbox 475 1783 601 1824; x_wconf 85' lang='lat' dir='ltr'>[idem</span> <span class='ocrx_word' id='word_1_170' title='bbox 635 1795 709 1836; x_wconf 89' lang='lat' dir='ltr'>per</span> <span class='ocrx_word' id='word_1_171' title='bbox 742 1783 930 1824; x_wconf 88' lang='lat' dir='ltr'>veritatis</span> <span class='ocrx_word' id='word_1_172' title='bbox 966 1782 1228 1835; x_wconf 69' lang='lat' dir='ltr'>praedicatio-</span> 
     </span>
     <span class='ocr_line' id='line_1_26' title="bbox 203 1852 1231 1895; baseline -0.001 -2"><span class='ocrx_word' id='word_1_173' title='bbox 203 1865 303 1894; x_wconf 91' lang='lat' dir='ltr'>nem</span> <span class='ocrx_word' id='word_1_174' title='bbox 320 1854 334 1875; x_wconf 74' lang='lat'>⁵</span> <span class='ocrx_word' id='word_1_175' title='bbox 356 1864 366 1894; x_wconf 92' lang='lat'><strong>:</strong></span> <span class='ocrx_word' id='word_1_176' title='bbox 395 1868 414 1892; x_wconf 86' lang='lat'>«</span> <span class='ocrx_word' id='word_1_177' title='bbox 433 1852 547 1894; x_wconf 91' lang='lat' dir='ltr'>Misit</span> <span class='ocrx_word' id='word_1_178' title='bbox 566 1865 711 1895; x_wconf 87' lang='lat' dir='ltr'>servos</span> <span class='ocrx_word' id='word_1_179' title='bbox 737 1866 836 1894; x_wconf 90' lang='lat' dir='ltr'>suos</span> <span class='ocrx_word' id='word_1_180' title='bbox 862 1865 1014 1895; x_wconf 86' lang='lat' dir='ltr'>vocare</span> <span class='ocrx_word' id='word_1_181' title='bbox 1033 1853 1231 1894; x_wconf 86' lang='lat' dir='ltr'>invitatos</span> 
     </span>
     <span class='ocr_line' id='line_1_27' title="bbox 203 1923 1231 1976; baseline -0.002 -12"><span class='ocrx_word' id='word_1_182' title='bbox 203 1924 256 1964; x_wconf 88' lang='lat' dir='ltr'>ad</span> <span class='ocrx_word' id='word_1_183' title='bbox 272 1923 455 1976; x_wconf 81' lang='lat' dir='ltr'>nuptias.</span> <span class='ocrx_word' id='word_1_184' title='bbox 471 1938 490 1962; x_wconf 83' lang='grc'>))</span> <span class='ocrx_word' id='word_1_185' title='bbox 505 1923 573 1965; x_wconf 91' lang='lat' dir='ltr'>Sic</span> <span class='ocrx_word' id='word_1_186' title='bbox 584 1924 751 1964; x_wconf 87' lang='lat' dir='ltr'>invitati</span> <span class='ocrx_word' id='word_1_187' title='bbox 769 1923 1101 1974; x_wconf 44' lang='lat' dir='ltr'>discumbuntlet</span> <span class='ocrx_word' id='word_1_188' title='bbox 1115 1935 1231 1963; x_wconf 88' lang='lat' dir='ltr'>man-</span> 
     </span>
     <span class='ocr_line' id='line_1_28' title="bbox 204 1990 1231 2043; baseline -0.003 -11"><span class='ocrx_word' id='word_1_189' title='bbox 204 1991 374 2037; x_wconf 86' lang='lat' dir='ltr'>ducant</span> <span class='ocrx_word' id='word_1_190' title='bbox 391 2003 466 2043; x_wconf 90' lang='lat' dir='ltr'>per</span> <span class='ocrx_word' id='word_1_191' title='bbox 493 1991 735 2032; x_wconf 87' lang='lat' dir='ltr'>divinorum</span> <span class='ocrx_word' id='word_1_192' title='bbox 757 1991 986 2032; x_wconf 88' lang='lat' dir='ltr'>verborum</span> <span class='ocrx_word' id='word_1_193' title='bbox 1015 1993 1055 2031; x_wconf 88' lang='lat' dir='ltr'>et</span> <span class='ocrx_word' id='word_1_194' title='bbox 1082 1990 1231 2043; x_wconf 74' lang='lat' dir='ltr'>mysti-</span> 
     </span>
     <span class='ocr_line' id='line_1_29' title="bbox 205 2061 1226 2114; baseline -0.001 -12"><span class='ocrx_word' id='word_1_195' title='bbox 205 2073 352 2102; x_wconf 90' lang='lat' dir='ltr'>corum</span> <span class='ocrx_word' id='word_1_196' title='bbox 388 2062 764 2114; x_wconf 82' lang='lat' dir='ltr'>perscrutationem</span> <span class='ocrx_word' id='word_1_197' title='bbox 805 2064 846 2102; x_wconf 89' lang='lat' dir='ltr'>et</span> <span class='ocrx_word' id='word_1_198' title='bbox 884 2061 1226 2102; x_wconf 86' lang='lat' dir='ltr'>ruminationem.</span> 
     </span>
     <span class='ocr_line' id='line_1_30' title="bbox 206 2131 1233 2184; baseline 0 -12"><span class='ocrx_word' id='word_1_199' title='bbox 206 2131 254 2172; x_wconf 90' lang='lat' dir='ltr'>In</span> <span class='ocrx_word' id='word_1_200' title='bbox 273 2134 396 2184; x_wconf 89' lang='lat' dir='ltr'>cujus</span> <span class='ocrx_word' id='word_1_201' title='bbox 414 2133 586 2184; x_wconf 87' lang='lat' dir='ltr'>signum</span> <span class='ocrx_word' id='word_1_202' title='bbox 614 2133 734 2174; x_wconf 90' lang='lat' dir='ltr'>cibus</span> <span class='ocrx_word' id='word_1_203' title='bbox 763 2133 832 2174; x_wconf 89' lang='grc'>1110</span> <span class='ocrx_word' id='word_1_204' title='bbox 859 2132 1038 2173; x_wconf 85' lang='lat' dir='ltr'>coelestis</span> <span class='ocrx_word' id='word_1_205' title='bbox 1059 2135 1233 2173; x_wconf 86' lang='lat' dir='ltr'>vocatus</span> 
     </span>
     <span class='ocr_line' id='line_1_31' title="bbox 204 2203 1235 2256; baseline 0.002 -13"><span class='ocrx_word' id='word_1_206' title='bbox 204 2204 267 2255; x_wconf 87' lang='lat' dir='ltr'>est</span> <span class='ocrx_word' id='word_1_207' title='bbox 285 2206 300 2228; x_wconf 78' lang='lat'><strong>⁶</strong></span> <span class='ocrx_word' id='word_1_208' title='bbox 328 2203 512 2254; x_wconf 77' lang='lat' dir='ltr'>manhu,</span> <span class='ocrx_word' id='word_1_209' title='bbox 542 2204 657 2256; x_wconf 87' lang='lat' dir='ltr'>quod</span> <span class='ocrx_word' id='word_1_210' title='bbox 684 2204 982 2256; x_wconf 80' lang='lat' dir='ltr'>interpretatur</span> <span class='ocrx_word' id='word_1_211' title='bbox 1005 2217 1013 2243; x_wconf 92' lang='lat'>:</span> <span class='ocrx_word' id='word_1_212' title='bbox 1042 2203 1151 2250; x_wconf 69' lang='lat' dir='ltr'>Quid</span> <span class='ocrx_word' id='word_1_213' title='bbox 1175 2207 1235 2245; x_wconf 78' lang='lat' dir='ltr'>est</span> 
     </span>
    </p>
   </div>
   <div class='ocr_carea' id='block_1_4' title="bbox 159 2273 1233 2334">
    <p class='ocr_par' dir='ltr' id='par_1_4' title="bbox 159 2273 1233 2334">
     <span class='ocr_line' id='line_1_32' title="bbox 159 2273 1233 2334; baseline -0.001 -20"><span class='ocrx_word' id='word_1_214' title='bbox 159 2332 164 2334; x_wconf 9' lang='grc' dir='ltr'><strong>ξ</strong></span> <span class='ocrx_word' id='word_1_215' title='bbox 204 2273 314 2316; x_wconf 76' lang='lat' dir='ltr'>hoc?</span> <span class='ocrx_word' id='word_1_216' title='bbox 347 2274 447 2326; x_wconf 81' lang='lat' dir='ltr'>quia</span> <span class='ocrx_word' id='word_1_217' title='bbox 477 2276 640 2325; x_wconf 85' lang='lat' dir='ltr'>oportet</span> <span class='ocrx_word' id='word_1_218' title='bbox 669 2273 907 2324; x_wconf 87' lang='lat' dir='ltr'>intelligere</span> <span class='ocrx_word' id='word_1_219' title='bbox 925 2304 938 2323; x_wconf 87' lang='lat'>,</span> <span class='ocrx_word' id='word_1_220' title='bbox 972 2285 1069 2325; x_wconf 66' lang='lat' dir='ltr'>quae</span> <span class='ocrx_word' id='word_1_221' title='bbox 1099 2274 1233 2314; x_wconf 88' lang='lat' dir='ltr'>susci-</span> 
     </span>
    </p>
   </div>
   <div class='ocr_carea' id='block_1_5' title="bbox 204 2342 1237 3158">
    <p class='ocr_par' dir='ltr' id='par_1_5' title="bbox 204 2342 1237 3158">
     <span class='ocr_line' id='line_1_33' title="bbox 204 2342 1234 2396; baseline 0.002 -14"><span class='ocrx_word' id='word_1_222' title='bbox 204 2342 334 2395; x_wconf 86' lang='lat' dir='ltr'>piant.</span> <span class='ocrx_word' id='word_1_223' title='bbox 368 2342 485 2383; x_wconf 86' lang='lat' dir='ltr'>Unde</span> <span class='ocrx_word' id='word_1_224' title='bbox 520 2346 561 2383; x_wconf 90' lang='lat' dir='ltr'>et</span> <span class='ocrx_word' id='word_1_225' title='bbox 597 2343 642 2382; x_wconf 90' lang='grc'>10</span> <span class='ocrx_word' id='word_1_226' title='bbox 675 2344 864 2385; x_wconf 73' lang='lat' dir='ltr'>Levitico</span> <span class='ocrx_word' id='word_1_227' title='bbox 897 2343 1050 2383; x_wconf 90' lang='lat' dir='ltr'>dicitur</span> <span class='ocrx_word' id='word_1_228' title='bbox 1081 2348 1095 2368; x_wconf 89' lang='lat'><strong>⁷</strong></span> <span class='ocrx_word' id='word_1_229' title='bbox 1120 2344 1234 2396; x_wconf 85' lang='lat' dir='ltr'>quod</span> 
     </span>
     <span class='ocr_line' id='line_1_34' title="bbox 211 2413 1234 2466; baseline 0.003 -15"><span class='ocrx_word' id='word_1_230' title='bbox 211 2427 230 2451; x_wconf 87' lang='lat'>«</span> <span class='ocrx_word' id='word_1_231' title='bbox 261 2413 419 2454; x_wconf 91' lang='lat' dir='ltr'>animal</span> <span class='ocrx_word' id='word_1_232' title='bbox 447 2413 560 2466; x_wconf 88' lang='lat' dir='ltr'>quod</span> <span class='ocrx_word' id='word_1_233' title='bbox 588 2425 676 2454; x_wconf 90' lang='lat' dir='ltr'>non</span> <span class='ocrx_word' id='word_1_234' title='bbox 708 2414 931 2462; x_wconf 90' lang='lat' dir='ltr'>ruminat,</span> <span class='ocrx_word' id='word_1_235' title='bbox 961 2414 1234 2455; x_wconf 90' lang='lat' dir='ltr'>immundum</span> 
     </span>
     <span class='ocr_line' id='line_1_35' title="bbox 205 2484 1234 2537; baseline 0 -13"><span class='ocrx_word' id='word_1_236' title='bbox 205 2485 281 2524; x_wconf 88' lang='lat' dir='ltr'>est.</span> <span class='ocrx_word' id='word_1_237' title='bbox 303 2497 322 2522; x_wconf 79' lang='lat'>»</span> <span class='ocrx_word' id='word_1_238' title='bbox 350 2484 405 2524; x_wconf 91' lang='lat' dir='ltr'>In</span> <span class='ocrx_word' id='word_1_239' title='bbox 427 2484 566 2537; x_wconf 89' lang='lat' dir='ltr'>primo</span> <span class='ocrx_word' id='word_1_240' title='bbox 597 2486 742 2525; x_wconf 89' lang='lat' dir='ltr'>autem</span> <span class='ocrx_word' id='word_1_241' title='bbox 770 2484 861 2525; x_wconf 89' lang='lat' dir='ltr'>loco</span> <span class='ocrx_word' id='word_1_242' title='bbox 891 2484 1137 2535; x_wconf 85' lang='lat' dir='ltr'>discumbit,</span> <span class='ocrx_word' id='word_1_243' title='bbox 1160 2485 1234 2537; x_wconf 86' lang='lat' dir='ltr'>qui</span> 
     </span>
     <span class='ocr_line' id='line_1_36' title="bbox 206 2553 1232 2607; baseline 0.001 -13"><span class='ocrx_word' id='word_1_244' title='bbox 206 2553 299 2594; x_wconf 91' lang='lat' dir='ltr'>aliis</span> <span class='ocrx_word' id='word_1_245' title='bbox 327 2555 551 2607; x_wconf 77' lang='lat' dir='ltr'>praefertur</span> <span class='ocrx_word' id='word_1_246' title='bbox 572 2587 585 2605; x_wconf 93' lang='lat'>,</span> <span class='ocrx_word' id='word_1_247' title='bbox 620 2556 709 2596; x_wconf 87' lang='lat' dir='ltr'>sive</span> <span class='ocrx_word' id='word_1_248' title='bbox 743 2555 788 2594; x_wconf 90' lang='grc'>10</span> <span class='ocrx_word' id='word_1_249' title='bbox 817 2555 953 2595; x_wconf 86' lang='lat' dir='ltr'>officio</span> <span class='ocrx_word' id='word_1_250' title='bbox 985 2555 1232 2606; x_wconf 81' lang='lat' dir='ltr'>dignitatis,</span> 
     </span>
     <span class='ocr_line' id='line_1_37' title="bbox 206 2623 1236 2676; baseline 0.001 -13"><span class='ocrx_word' id='word_1_251' title='bbox 206 2624 296 2664; x_wconf 88' lang='lat' dir='ltr'>sive</span> <span class='ocrx_word' id='word_1_252' title='bbox 317 2623 362 2663; x_wconf 89' lang='lat' dir='ltr'>in</span> <span class='ocrx_word' id='word_1_253' title='bbox 382 2624 619 2676; x_wconf 72' lang='lat' dir='ltr'>prIvilegiis</span> <span class='ocrx_word' id='word_1_254' title='bbox 637 2624 891 2674; x_wconf 77' lang='lat' dir='ltr'>sanctitatis,</span> <span class='ocrx_word' id='word_1_255' title='bbox 907 2625 995 2665; x_wconf 92' lang='lat' dir='ltr'>sive</span> <span class='ocrx_word' id='word_1_256' title='bbox 1015 2625 1059 2664; x_wconf 91' lang='lat' dir='ltr'>in</span> <span class='ocrx_word' id='word_1_257' title='bbox 1079 2636 1145 2664; x_wconf 85' lang='lat' dir='ltr'>ma</span> <span class='ocrx_word' id='word_1_258' title='bbox 1152 2625 1236 2676; x_wconf 87' lang='lat' dir='ltr'>gis-</span> 
     </span>
     <span class='ocr_line' id='line_1_38' title="bbox 207 2693 1236 2746; baseline 0.001 -12"><span class='ocrx_word' id='word_1_259' title='bbox 207 2693 314 2734; x_wconf 87' lang='lat' dir='ltr'>terio</span> <span class='ocrx_word' id='word_1_260' title='bbox 333 2693 537 2735; x_wconf 89' lang='lat' dir='ltr'>veritatis.</span> <span class='ocrx_word' id='word_1_261' title='bbox 559 2694 610 2735; x_wconf 90' lang='lat' dir='ltr'>Et</span> <span class='ocrx_word' id='word_1_262' title='bbox 633 2694 686 2735; x_wconf 89' lang='lat' dir='ltr'>ad</span> <span class='ocrx_word' id='word_1_263' title='bbox 713 2693 793 2735; x_wconf 92' lang='lat' dir='ltr'>hoc</span> <span class='ocrx_word' id='word_1_264' title='bbox 822 2705 909 2734; x_wconf 91' lang='lat' dir='ltr'>non</span> <span class='ocrx_word' id='word_1_265' title='bbox 928 2693 1051 2734; x_wconf 86' lang='lat' dir='ltr'>debet</span> <span class='ocrx_word' id='word_1_266' title='bbox 1070 2694 1164 2746; x_wconf 84' lang='lat' dir='ltr'>quis</span> <span class='ocrx_word' id='word_1_267' title='bbox 1181 2706 1236 2735; x_wconf 81' lang='lat' dir='ltr'>ex</span> 
     </span>
     <span class='ocr_line' id='line_1_39' title="bbox 208 2763 1236 2817; baseline 0.001 -13"><span class='ocrx_word' id='word_1_268' title='bbox 208 2764 346 2817; x_wconf 88' lang='lat' dir='ltr'>seipso</span> <span class='ocrx_word' id='word_1_269' title='bbox 377 2764 656 2805; x_wconf 88' lang='lat' dir='ltr'>conscendere</span> <span class='ocrx_word' id='word_1_270' title='bbox 680 2795 694 2814; x_wconf 89' lang='lat'>,</span> <span class='ocrx_word' id='word_1_271' title='bbox 727 2764 829 2816; x_wconf 87' lang='lat' dir='ltr'>quia</span> <span class='ocrx_word' id='word_1_272' title='bbox 859 2763 1010 2804; x_wconf 90' lang='lat' dir='ltr'>dicitur</span> <span class='ocrx_word' id='word_1_273' title='bbox 1029 2767 1043 2789; x_wconf 79' lang='lat' dir='ltr'>s</span> <span class='ocrx_word' id='word_1_274' title='bbox 1067 2778 1076 2804; x_wconf 74' lang='grc' dir='ltr'>ε</span> <span class='ocrx_word' id='word_1_275' title='bbox 1104 2779 1123 2803; x_wconf 77' lang='lat' dir='ltr'>c&lt;</span> <span class='ocrx_word' id='word_1_276' title='bbox 1152 2763 1236 2805; x_wconf 88' lang='lat' dir='ltr'>Nec</span> 
     </span>
     <span class='ocr_line' id='line_1_40' title="bbox 207 2834 1235 2888; baseline 0.002 -14"><span class='ocrx_word' id='word_1_277' title='bbox 207 2836 437 2888; x_wconf 87' lang='lat' dir='ltr'>quisquam</span> <span class='ocrx_word' id='word_1_278' title='bbox 457 2835 586 2875; x_wconf 89' lang='lat' dir='ltr'>sumit</span> <span class='ocrx_word' id='word_1_279' title='bbox 607 2835 686 2874; x_wconf 88' lang='lat' dir='ltr'>sibi</span> <span class='ocrx_word' id='word_1_280' title='bbox 705 2835 911 2874; x_wconf 88' lang='lat' dir='ltr'>honorem</span> <span class='ocrx_word' id='word_1_281' title='bbox 927 2866 938 2885; x_wconf 81' lang='lat'>,</span> <span class='ocrx_word' id='word_1_282' title='bbox 961 2834 1035 2875; x_wconf 90' lang='lat' dir='ltr'>sed</span> <span class='ocrx_word' id='word_1_283' title='bbox 1062 2835 1137 2887; x_wconf 87' lang='lat' dir='ltr'>qui</span> <span class='ocrx_word' id='word_1_284' title='bbox 1159 2847 1235 2876; x_wconf 92' lang='lat' dir='ltr'>vo-</span> 
     </span>
     <span class='ocr_line' id='line_1_41' title="bbox 209 2905 1234 2958; baseline -0.003 -12"><span class='ocrx_word' id='word_1_285' title='bbox 209 2907 329 2946; x_wconf 84' lang='lat' dir='ltr'>catur</span> <span class='ocrx_word' id='word_1_286' title='bbox 347 2918 374 2946; x_wconf 90' lang='lat' dir='ltr'>a</span> <span class='ocrx_word' id='word_1_287' title='bbox 388 2906 496 2955; x_wconf 90' lang='lat' dir='ltr'>Deo,</span> <span class='ocrx_word' id='word_1_288' title='bbox 516 2905 875 2958; x_wconf 88' lang='lat' dir='ltr'>quemadmodum</span> <span class='ocrx_word' id='word_1_289' title='bbox 900 2908 941 2946; x_wconf 89' lang='lat' dir='ltr'>et</span> <span class='ocrx_word' id='word_1_290' title='bbox 964 2905 1011 2958; x_wconf 78' lang='lat' dir='ltr'>(b)</span> <span class='ocrx_word' id='word_1_291' title='bbox 1035 2906 1190 2947; x_wconf 88' lang='lat' dir='ltr'>Aaron.</span> <span class='ocrx_word' id='word_1_292' title='bbox 1214 2921 1234 2944; x_wconf 90' lang='lat'>»</span> 
     </span>
     <span class='ocr_line' id='line_1_42' title="bbox 211 2974 1237 3018; baseline 0.002 -4"><span class='ocrx_word' id='word_1_293' title='bbox 211 2974 262 3015; x_wconf 88' lang='lat' dir='ltr'>Et</span> <span class='ocrx_word' id='word_1_294' title='bbox 287 2975 381 3016; x_wconf 89' lang='lat' dir='ltr'>ideo</span> <span class='ocrx_word' id='word_1_295' title='bbox 413 2975 736 3018; x_wconf 76' lang='lat' dir='ltr'>Ecclesiasticus</span> <span class='ocrx_word' id='word_1_296' title='bbox 755 2976 801 3016; x_wconf 84' lang='lat'>⁹:</span> <span class='ocrx_word' id='word_1_297' title='bbox 831 2990 849 3014; x_wconf 86' lang='lat'>«</span> <span class='ocrx_word' id='word_1_298' title='bbox 867 2975 959 3017; x_wconf 90' lang='lat' dir='ltr'>Non</span> <span class='ocrx_word' id='word_1_299' title='bbox 990 2978 1031 3016; x_wconf 86' lang='lat' dir='ltr'>te</span> <span class='ocrx_word' id='word_1_300' title='bbox 1062 2976 1237 3017; x_wconf 84' lang='lat' dir='ltr'>extollas</span> 
     </span>
     <span class='ocr_line' id='line_1_43' title="bbox 211 3044 1237 3096; baseline 0.003 -13"><span class='ocrx_word' id='word_1_301' title='bbox 211 3044 257 3084; x_wconf 92' lang='lat' dir='ltr'>in</span> <span class='ocrx_word' id='word_1_302' title='bbox 275 3044 534 3095; x_wconf 83' lang='lat' dir='ltr'>cogitatione</span> <span class='ocrx_word' id='word_1_303' title='bbox 553 3046 707 3087; x_wconf 87' lang='lat' dir='ltr'>animae</span> <span class='ocrx_word' id='word_1_304' title='bbox 726 3048 810 3086; x_wconf 79' lang='lat' dir='ltr'>tuae</span> <span class='ocrx_word' id='word_1_305' title='bbox 823 3077 836 3096; x_wconf 86' lang='lat'>,</span> <span class='ocrx_word' id='word_1_306' title='bbox 858 3045 975 3087; x_wconf 91' lang='lat' dir='ltr'>velut</span> <span class='ocrx_word' id='word_1_307' title='bbox 993 3047 1162 3096; x_wconf 88' lang='lat' dir='ltr'>taurus,</span> <span class='ocrx_word' id='word_1_308' title='bbox 1183 3058 1237 3086; x_wconf 90' lang='lat' dir='ltr'>ne</span> 
     </span>
     <span class='ocr_line' id='line_1_44' title="bbox 210 3113 1237 3158; baseline 0.003 -5"><span class='ocrx_word' id='word_1_309' title='bbox 210 3113 318 3154; x_wconf 85' lang='lat' dir='ltr'>forte</span> <span class='ocrx_word' id='word_1_310' title='bbox 337 3113 518 3156; x_wconf 90' lang='lat' dir='ltr'>elidatur</span> <span class='ocrx_word' id='word_1_311' title='bbox 535 3116 672 3158; x_wconf 90' lang='lat' dir='ltr'>virtus</span> <span class='ocrx_word' id='word_1_312' title='bbox 690 3118 778 3157; x_wconf 89' lang='lat' dir='ltr'>tua.</span> <span class='ocrx_word' id='word_1_313' title='bbox 800 3129 820 3153; x_wconf 85' lang='grc'>))</span> <span class='ocrx_word' id='word_1_314' title='bbox 847 3114 881 3156; x_wconf 95' lang='lat' dir='ltr'>N</span> <span class='ocrx_word' id='word_1_315' title='bbox 885 3127 930 3156; x_wconf 90' lang='lat' dir='ltr'>ec</span> <span class='ocrx_word' id='word_1_316' title='bbox 949 3115 1075 3156; x_wconf 89' lang='lat' dir='ltr'>etiam</span> <span class='ocrx_word' id='word_1_317' title='bbox 1095 3127 1237 3157; x_wconf 89' lang='lat' dir='ltr'>coram</span> 
     </span>
    </p>
   </div>
   <div class='ocr_carea' id='block_1_6' title="bbox 213 3219 1238 3355">
    <p class='ocr_par' dir='ltr' id='par_1_6' title="bbox 213 3219 1238 3355">
     <span class='ocr_line' id='line_1_45' title="bbox 257 3219 1236 3262; baseline 0.005 -12"><span class='ocrx_word' id='word_1_318' title='bbox 257 3220 268 3241; x_wconf 93' lang='grc'>1</span> <span class='ocrx_word' id='word_1_319' title='bbox 288 3219 424 3258; x_wconf 79' lang='lat' dir='ltr'>Mattlz.,</span> <span class='ocrx_word' id='word_1_320' title='bbox 450 3228 539 3261; x_wconf 83' lang='lat' dir='ltr'>xxn,</span> <span class='ocrx_word' id='word_1_321' title='bbox 567 3224 600 3253; x_wconf 83' lang='lat'>2.</span> <span class='ocrx_word' id='word_1_322' title='bbox 618 3239 659 3245; x_wconf 96' lang='lat'>—</span> <span class='ocrx_word' id='word_1_323' title='bbox 683 3222 696 3243; x_wconf 79' lang='lat'><strong>2</strong></span> <span class='ocrx_word' id='word_1_324' title='bbox 722 3221 809 3252; x_wconf 71' lang='lat' dir='ltr'>Psal.</span> <span class='ocrx_word' id='word_1_325' title='bbox 836 3229 938 3261; x_wconf 75' lang='lat' dir='ltr'>xviii,</span> <span class='ocrx_word' id='word_1_326' title='bbox 957 3223 988 3253; x_wconf 89' lang='lat'>6.</span> <span class='ocrx_word' id='word_1_327' title='bbox 1008 3239 1050 3245; x_wconf 91' lang='lat'>—-</span> <span class='ocrx_word' id='word_1_328' title='bbox 1068 3222 1081 3244; x_wconf 84' lang='grc'><strong>3</strong></span> <span class='ocrx_word' id='word_1_329' title='bbox 1103 3222 1236 3262; x_wconf 68' lang='grc' dir='ltr'>Ερ]ιεε.,</span> 
     </span>
     <span class='ocr_line' id='line_1_46' title="bbox 213 3265 1238 3308; baseline 0.005 -13"><span class='ocrx_word' id='word_1_330' title='bbox 213 3272 246 3304; x_wconf 91' lang='lat' dir='ltr'>v,</span> <span class='ocrx_word' id='word_1_331' title='bbox 274 3266 325 3297; x_wconf 78' lang='lat'>32.</span> <span class='ocrx_word' id='word_1_332' title='bbox 347 3283 388 3288; x_wconf 94' lang='lat'>—</span> <span class='ocrx_word' id='word_1_333' title='bbox 410 3265 424 3287; x_wconf 58' lang='grc'>1</span> <span class='ocrx_word' id='word_1_334' title='bbox 448 3267 561 3307; x_wconf 72' lang='grc' dir='ltr'><em>Ρ7·ου.,</em></span> <span class='ocrx_word' id='word_1_335' title='bbox 585 3276 642 3308; x_wconf 76' lang='lat' dir='ltr'>lx,</span> <span class='ocrx_word' id='word_1_336' title='bbox 671 3269 739 3299; x_wconf 81' lang='lat'>1-3.</span> <span class='ocrx_word' id='word_1_337' title='bbox 759 3286 799 3291; x_wconf 89' lang='grc'>-</span> <span class='ocrx_word' id='word_1_338' title='bbox 823 3268 837 3290; x_wconf 74' lang='lat'><strong>5</strong></span> <span class='ocrx_word' id='word_1_339' title='bbox 859 3267 996 3307; x_wconf 64' lang='lat' dir='ltr'>Mattlz„</span> <span class='ocrx_word' id='word_1_340' title='bbox 1022 3275 1116 3308; x_wconf 78' lang='lat' dir='ltr'>xxu,</span> <span class='ocrx_word' id='word_1_341' title='bbox 1144 3270 1174 3300; x_wconf 91' lang='lat'>3.</span> <span class='ocrx_word' id='word_1_342' title='bbox 1198 3286 1238 3292; x_wconf 89' lang='lat'>—</span> 
     </span>
     <span class='ocr_line' id='line_1_47' title="bbox 213 3311 1236 3355; baseline 0.004 -12"><span class='ocrx_word' id='word_1_343' title='bbox 213 3311 225 3330; x_wconf 66' lang='grc' dir='ltr'><strong>ὓ</strong></span> <span class='ocrx_word' id='word_1_344' title='bbox 243 3311 362 3351; x_wconf 60' lang='lat' dir='ltr'>Emori„</span> <span class='ocrx_word' id='word_1_345' title='bbox 381 3321 460 3352; x_wconf 74' lang='lat' dir='ltr'>xw,</span> <span class='ocrx_word' id='word_1_346' title='bbox 483 3315 533 3345; x_wconf 78' lang='lat'>15.</span> <span class='ocrx_word' id='word_1_347' title='bbox 553 3331 593 3336; x_wconf 97' lang='lat'><strong>—</strong></span> <span class='ocrx_word' id='word_1_348' title='bbox 616 3315 630 3336; x_wconf 85' lang='lat'><strong>⁷</strong></span> <span class='ocrx_word' id='word_1_349' title='bbox 647 3315 762 3351; x_wconf 73' lang='lat' dir='ltr'>Levz&#39;t„</span> <span class='ocrx_word' id='word_1_350' title='bbox 783 3323 838 3354; x_wconf 68' lang='lat' dir='ltr'>XI,</span> <span class='ocrx_word' id='word_1_351' title='bbox 859 3316 910 3346; x_wconf 78' lang='lat'>26.</span> <span class='ocrx_word' id='word_1_352' title='bbox 930 3331 968 3337; x_wconf 92' lang='lat'>—</span> <span class='ocrx_word' id='word_1_353' title='bbox 988 3315 1001 3335; x_wconf 78' lang='grc'>8</span> <span class='ocrx_word' id='word_1_354' title='bbox 1021 3314 1134 3353; x_wconf 62' lang='lat' dir='ltr'>Hebru,</span> <span class='ocrx_word' id='word_1_355' title='bbox 1154 3322 1184 3355; x_wconf 81' lang='lat' dir='ltr'>V,</span> <span class='ocrx_word' id='word_1_356' title='bbox 1206 3318 1236 3347; x_wconf 88' lang='lat'>4.</span> 
     </span>
    </p>
   </div>
   <div class='ocr_carea' id='block_1_7' title="bbox 213 3358 1237 3450">
    <p class='ocr_par' dir='ltr' id='par_1_7' title="bbox 213 3358 1237 3450">
     <span class='ocr_line' id='line_1_48' title="bbox 213 3358 1237 3402; baseline 0.005 -14"><span class='ocrx_word' id='word_1_357' title='bbox 213 3375 254 3381; x_wconf 94' lang='lat'><strong>—</strong></span> <span class='ocrx_word' id='word_1_358' title='bbox 272 3359 284 3376; x_wconf 84' lang='lat'>⁹</span> <span class='ocrx_word' id='word_1_359' title='bbox 299 3358 418 3400; x_wconf 83' lang='lat' dir='ltr'>Eccli.,</span> <span class='ocrx_word' id='word_1_360' title='bbox 437 3368 485 3400; x_wconf 90' lang='lat' dir='ltr'>v1,</span> <span class='ocrx_word' id='word_1_361' title='bbox 500 3362 531 3392; x_wconf 85' lang='lat'>2.</span> <span class='ocrx_word' id='word_1_362' title='bbox 546 3377 586 3384; x_wconf 93' lang='lat'><strong>—</strong></span> <span class='ocrx_word' id='word_1_363' title='bbox 601 3361 743 3401; x_wconf 84' lang='lat' dir='ltr'>1⁰1bid.‚</span> <span class='ocrx_word' id='word_1_364' title='bbox 760 3369 808 3402; x_wconf 79' lang='lat' dir='ltr'>xi,</span> <span class='ocrx_word' id='word_1_365' title='bbox 823 3364 854 3393; x_wconf 85' lang='lat'>4.</span> <span class='ocrx_word' id='word_1_366' title='bbox 869 3362 947 3384; x_wconf 89' lang='grc'>-11</span> <span class='ocrx_word' id='word_1_367' title='bbox 965 3361 1074 3393; x_wconf 85' lang='lat' dir='ltr'>Gloss.</span> <span class='ocrx_word' id='word_1_368' title='bbox 1088 3361 1237 3393; x_wconf 86' lang='lat' dir='ltr'>interlin.</span> 
     </span>
     <span class='ocr_line' id='line_1_49' title="bbox 214 3403 1236 3450; baseline 0.006 -16"><span class='ocrx_word' id='word_1_369' title='bbox 214 3404 251 3435; x_wconf 86' lang='lat' dir='ltr'>&#39;m</span> <span class='ocrx_word' id='word_1_370' title='bbox 264 3403 487 3440; x_wconf 83' lang='grc'>11000100.-</span> <span class='ocrx_word' id='word_1_371' title='bbox 506 3409 533 3429; x_wconf 81' lang='lat'>¹2</span> <span class='ocrx_word' id='word_1_372' title='bbox 554 3408 563 3438; x_wconf 89' lang='lat' dir='ltr'>l</span> <span class='ocrx_word' id='word_1_373' title='bbox 585 3408 674 3448; x_wconf 64' lang='grc' dir='ltr'>Κεφ,</span> <span class='ocrx_word' id='word_1_374' title='bbox 694 3417 763 3450; x_wconf 75' lang='lat' dir='ltr'>xvi,</span> <span class='ocrx_word' id='word_1_375' title='bbox 786 3411 818 3449; x_wconf 85' lang='lat'>7,</span> <span class='ocrx_word' id='word_1_376' title='bbox 838 3411 921 3440; x_wconf 83' lang='grc'>8.-</span> <span class='ocrx_word' id='word_1_377' title='bbox 940 3408 965 3430; x_wconf 81' lang='lat'>1³</span> <span class='ocrx_word' id='word_1_378' title='bbox 981 3412 1095 3449; x_wconf 64' lang='lat' dir='ltr'>Prov„</span> <span class='ocrx_word' id='word_1_379' title='bbox 1113 3417 1184 3449; x_wconf 68' lang='lat' dir='ltr'>xvi,</span> <span class='ocrx_word' id='word_1_380' title='bbox 1205 3412 1236 3441; x_wconf 83' lang='grc'>2.</span> 
     </span>
    </p>
   </div>
   <div class='ocr_carea' id='block_1_8' title="bbox 2240 148 2317 187">
    <p class='ocr_par' dir='ltr' id='par_1_8' title="bbox 2240 148 2317 187">
     <span class='ocr_line' id='line_1_50' title="bbox 2240 148 2317 187; baseline -0.026 0"><span class='ocrx_word' id='word_1_381' title='bbox 2240 148 2317 187; x_wconf 87' lang='grc'>607</span> 
     </span>
    </p>
   </div>
   <div class='ocr_carea' id='block_1_9' title="bbox 1296 231 2332 3167">
    <p class='ocr_par' dir='ltr' id='par_1_9' title="bbox 1296 231 2317 422">
     <span class='ocr_line' id='line_1_51' title="bbox 1297 231 2315 284; baseline 0.001 -12"><span class='ocrx_word' id='word_1_382' title='bbox 1297 232 1414 282; x_wconf 83' lang='lat' dir='ltr'>aliis3</span> <span class='ocrx_word' id='word_1_383' title='bbox 1437 232 1549 273; x_wconf 89' lang='lat' dir='ltr'>unde</span> <span class='ocrx_word' id='word_1_384' title='bbox 1571 231 1766 273; x_wconf 88' lang='lat' dir='ltr'>subditur</span> <span class='ocrx_word' id='word_1_385' title='bbox 1788 231 1816 253; x_wconf 88' lang='lat'>¹⁰</span> <span class='ocrx_word' id='word_1_386' title='bbox 1839 245 1848 272; x_wconf 77' lang='lat' dir='ltr'><strong><em>z</em></strong></span> <span class='ocrx_word' id='word_1_387' title='bbox 1871 231 1956 272; x_wconf 86' lang='lat' dir='ltr'>«In</span> <span class='ocrx_word' id='word_1_388' title='bbox 1975 234 2130 274; x_wconf 87' lang='lat' dir='ltr'>vestitu</span> <span class='ocrx_word' id='word_1_389' title='bbox 2149 244 2202 273; x_wconf 91' lang='lat' dir='ltr'>ne</span> <span class='ocrx_word' id='word_1_390' title='bbox 2223 233 2315 284; x_wconf 87' lang='lat' dir='ltr'>glo-</span> 
     </span>
     <span class='ocr_line' id='line_1_52' title="bbox 1296 301 2317 354; baseline 0.001 -12"><span class='ocrx_word' id='word_1_391' title='bbox 1296 302 1416 343; x_wconf 89' lang='lat' dir='ltr'>rieris</span> <span class='ocrx_word' id='word_1_392' title='bbox 1446 313 1664 354; x_wconf 85' lang='lat' dir='ltr'>unquam,</span> <span class='ocrx_word' id='word_1_393' title='bbox 1685 314 1762 342; x_wconf 90' lang='lat' dir='ltr'>nec</span> <span class='ocrx_word' id='word_1_394' title='bbox 1793 301 1837 341; x_wconf 90' lang='grc'>10</span> <span class='ocrx_word' id='word_1_395' title='bbox 1865 301 1930 342; x_wconf 91' lang='lat' dir='ltr'>die</span> <span class='ocrx_word' id='word_1_396' title='bbox 1962 301 2135 342; x_wconf 89' lang='lat' dir='ltr'>honoris</span> <span class='ocrx_word' id='word_1_397' title='bbox 2155 302 2218 343; x_wconf 89' lang='lat' dir='ltr'>tui</span> <span class='ocrx_word' id='word_1_398' title='bbox 2239 314 2317 343; x_wconf 84' lang='lat' dir='ltr'>ex-</span> 
     </span>
     <span class='ocr_line' id='line_1_53' title="bbox 1296 373 1509 422; baseline -0.019 -9"><span class='ocrx_word' id='word_1_399' title='bbox 1296 373 1468 422; x_wconf 84' lang='lat' dir='ltr'>tollaris,</span> <span class='ocrx_word' id='word_1_400' title='bbox 1490 386 1509 409; x_wconf 75' lang='lat' dir='ltr'>n</span> 
     </span>
    </p>

    <p class='ocr_par' dir='ltr' id='par_1_10' title="bbox 1296 440 2332 3013">
     <span class='ocr_line' id='line_1_54' title="bbox 1353 440 2319 494; baseline 0.001 -12"><span class='ocrx_word' id='word_1_401' title='bbox 1353 442 1492 482; x_wconf 90' lang='lat' dir='ltr'>Tertio</span> <span class='ocrx_word' id='word_1_402' title='bbox 1512 444 1653 482; x_wconf 88' lang='lat' dir='ltr'>autem</span> <span class='ocrx_word' id='word_1_403' title='bbox 1670 474 1680 492; x_wconf 82' lang='lat'>‚</span> <span class='ocrx_word' id='word_1_404' title='bbox 1704 443 1912 494; x_wconf 87' lang='lat' dir='ltr'>quantum</span> <span class='ocrx_word' id='word_1_405' title='bbox 1943 441 1994 482; x_wconf 89' lang='lat' dir='ltr'>ad</span> <span class='ocrx_word' id='word_1_406' title='bbox 2018 440 2224 482; x_wconf 89' lang='lat' dir='ltr'>rationem</span> <span class='ocrx_word' id='word_1_407' title='bbox 2251 454 2319 483; x_wconf 86' lang='lat' dir='ltr'>ex-</span> 
     </span>
     <span class='ocr_line' id='line_1_55' title="bbox 1297 511 2319 564; baseline 0.003 -13"><span class='ocrx_word' id='word_1_408' title='bbox 1297 512 1520 564; x_wconf 87' lang='lat' dir='ltr'>plicantem</span> <span class='ocrx_word' id='word_1_409' title='bbox 1550 512 1847 562; x_wconf 81' lang='lat' dir='ltr'>vercundiam,</span> <span class='ocrx_word' id='word_1_410' title='bbox 1887 511 2029 552; x_wconf 84' lang='lat' dir='ltr'>subdit</span> <span class='ocrx_word' id='word_1_411' title='bbox 2068 523 2079 552; x_wconf 91' lang='lat'>:</span> <span class='ocrx_word' id='word_1_412' title='bbox 2121 511 2182 553; x_wconf 86' lang='lat' dir='ltr'>Nc</span> <span class='ocrx_word' id='word_1_413' title='bbox 2213 512 2319 562; x_wconf 72' lang='lat' dir='ltr'>forte</span> 
     </span>
     <span class='ocr_line' id='line_1_56' title="bbox 1298 581 2318 634; baseline 0 -12"><span class='ocrx_word' id='word_1_414' title='bbox 1298 582 1544 625; x_wconf 73' lang='lat' dir='ltr'>honoratior</span> <span class='ocrx_word' id='word_1_415' title='bbox 1563 585 1599 624; x_wconf 77' lang='lat' dir='ltr'>tc</span> <span class='ocrx_word' id='word_1_416' title='bbox 1620 584 1678 624; x_wconf 72' lang='grc' dir='ltr'>εῖτ</span> <span class='ocrx_word' id='word_1_417' title='bbox 1696 583 1905 624; x_wconf 73' lang='lat' dir='ltr'>invitatus</span> <span class='ocrx_word' id='word_1_418' title='bbox 1933 581 2097 632; x_wconf 77' lang='lat' dir='ltr'>abillo,</span> <span class='ocrx_word' id='word_1_419' title='bbox 2126 583 2168 622; x_wconf 90' lang='lat' dir='ltr'>et</span> <span class='ocrx_word' id='word_1_420' title='bbox 2192 593 2318 634; x_wconf 88' lang='lat' dir='ltr'>prop-</span> 
     </span>
     <span class='ocr_line' id='line_1_57' title="bbox 1296 652 2323 705; baseline -0.001 -12"><span class='ocrx_word' id='word_1_421' title='bbox 1296 655 1361 693; x_wconf 90' lang='lat' dir='ltr'>ter</span> <span class='ocrx_word' id='word_1_422' title='bbox 1398 653 1581 704; x_wconf 81' lang='lat' dir='ltr'>gratiam</span> <span class='ocrx_word' id='word_1_423' title='bbox 1612 653 1855 693; x_wconf 86' lang='lat' dir='ltr'>interiorem</span> <span class='ocrx_word' id='word_1_424' title='bbox 1885 653 2036 705; x_wconf 87' lang='lat' dir='ltr'>majori</span> <span class='ocrx_word' id='word_1_425' title='bbox 2064 652 2226 693; x_wconf 91' lang='lat' dir='ltr'>honore</span> <span class='ocrx_word' id='word_1_426' title='bbox 2263 652 2323 692; x_wconf 90' lang='lat' dir='ltr'>di-</span> 
     </span>
     <span class='ocr_line' id='line_1_58' title="bbox 1298 721 2323 774; baseline -0.002 -11"><span class='ocrx_word' id='word_1_427' title='bbox 1298 734 1425 774; x_wconf 85' lang='lat' dir='ltr'>gnus.</span> <span class='ocrx_word' id='word_1_428' title='bbox 1455 722 1597 764; x_wconf 87' lang='lat' dir='ltr'>Glossa</span> <span class='ocrx_word' id='word_1_429' title='bbox 1615 724 1643 748; x_wconf 87' lang='lat'>¹¹</span> <span class='ocrx_word' id='word_1_430' title='bbox 1669 734 1678 762; x_wconf 90' lang='lat'><strong>:</strong></span> <span class='ocrx_word' id='word_1_431' title='bbox 1707 738 1725 761; x_wconf 88' lang='lat'>«</span> <span class='ocrx_word' id='word_1_432' title='bbox 1747 723 1972 764; x_wconf 88' lang='lat' dir='ltr'>Gratiosior</span> <span class='ocrx_word' id='word_1_433' title='bbox 1990 722 2223 773; x_wconf 87' lang='lat' dir='ltr'>invitatori,</span> <span class='ocrx_word' id='word_1_434' title='bbox 2245 721 2323 762; x_wconf 89' lang='lat' dir='ltr'>etsi</span> 
     </span>
     <span class='ocr_line' id='line_1_59' title="bbox 1299 790 2323 833; baseline 0 -2"><span class='ocrx_word' id='word_1_435' title='bbox 1299 792 1390 832; x_wconf 90' lang='lat' dir='ltr'>aliis</span> <span class='ocrx_word' id='word_1_436' title='bbox 1408 793 1460 832; x_wconf 89' lang='lat' dir='ltr'>sit</span> <span class='ocrx_word' id='word_1_437' title='bbox 1479 793 1680 833; x_wconf 88' lang='lat' dir='ltr'>occultus.</span> <span class='ocrx_word' id='word_1_438' title='bbox 1703 806 1721 830; x_wconf 82' lang='lat'>›)</span> <span class='ocrx_word' id='word_1_439' title='bbox 1747 792 1863 832; x_wconf 89' lang='lat' dir='ltr'>Unde</span> <span class='ocrx_word' id='word_1_440' title='bbox 1889 792 2040 832; x_wconf 90' lang='lat' dir='ltr'>dicitur</span> <span class='ocrx_word' id='word_1_441' title='bbox 2063 792 2119 831; x_wconf 68' lang='lat'>¹2:</span> <span class='ocrx_word' id='word_1_442' title='bbox 2145 790 2240 832; x_wconf 85' lang='lat' dir='ltr'>«Ne</span> <span class='ocrx_word' id='word_1_443' title='bbox 2259 802 2323 831; x_wconf 90' lang='lat' dir='ltr'>re-</span> 
     </span>
     <span class='ocr_line' id='line_1_60' title="bbox 1299 861 2322 915; baseline -0.002 -13"><span class='ocrx_word' id='word_1_444' title='bbox 1299 863 1447 915; x_wconf 90' lang='lat' dir='ltr'>spicias</span> <span class='ocrx_word' id='word_1_445' title='bbox 1462 862 1631 904; x_wconf 87' lang='lat' dir='ltr'>vultum</span> <span class='ocrx_word' id='word_1_446' title='bbox 1652 863 1746 914; x_wconf 86' lang='lat' dir='ltr'>ejus</span> <span class='ocrx_word' id='word_1_447' title='bbox 1760 893 1772 911; x_wconf 96' lang='lat'>,</span> <span class='ocrx_word' id='word_1_448' title='bbox 1794 873 1931 913; x_wconf 87' lang='lat' dir='ltr'>neque</span> <span class='ocrx_word' id='word_1_449' title='bbox 1960 861 2224 902; x_wconf 88' lang='lat' dir='ltr'>altitudinem</span> <span class='ocrx_word' id='word_1_450' title='bbox 2242 862 2322 901; x_wconf 88' lang='lat' dir='ltr'>sta-</span> 
     </span>
     <span class='ocr_line' id='line_1_61' title="bbox 1302 932 2323 985; baseline -0.002 -12"><span class='ocrx_word' id='word_1_451' title='bbox 1302 936 1407 973; x_wconf 83' lang='lat' dir='ltr'>turae</span> <span class='ocrx_word' id='word_1_452' title='bbox 1424 935 1538 985; x_wconf 77' lang='lat' dir='ltr'>eJ&#39;us,</span> <span class='ocrx_word' id='word_1_453' title='bbox 1557 932 1761 985; x_wconf 82' lang='lat' dir='ltr'>quoniam</span> <span class='ocrx_word' id='word_1_454' title='bbox 1789 932 1921 983; x_wconf 76' lang='lat' dir='ltr'>abJeci</span> <span class='ocrx_word' id='word_1_455' title='bbox 1947 943 2070 982; x_wconf 88' lang='lat' dir='ltr'>eum,</span> <span class='ocrx_word' id='word_1_456' title='bbox 2097 943 2174 972; x_wconf 91' lang='grc'>000</span> <span class='ocrx_word' id='word_1_457' title='bbox 2199 932 2323 983; x_wconf 78' lang='lat' dir='ltr'>juxta</span> 
     </span>
     <span class='ocr_line' id='line_1_62' title="bbox 1299 1000 2322 1054; baseline -0.002 -11"><span class='ocrx_word' id='word_1_458' title='bbox 1299 1003 1503 1043; x_wconf 87' lang='lat' dir='ltr'>intuitum</span> <span class='ocrx_word' id='word_1_459' title='bbox 1514 1003 1569 1043; x_wconf 91' lang='lat' dir='ltr'>ho</span> <span class='ocrx_word' id='word_1_460' title='bbox 1575 1002 1698 1042; x_wconf 83' lang='lat' dir='ltr'>minis</span> <span class='ocrx_word' id='word_1_461' title='bbox 1709 1014 1731 1042; x_wconf 90' lang='lat' dir='ltr'>e</span> <span class='ocrx_word' id='word_1_462' title='bbox 1736 1001 1957 1054; x_wconf 89' lang='lat' dir='ltr'>gojudico.</span> <span class='ocrx_word' id='word_1_463' title='bbox 1972 1000 2107 1042; x_wconf 90' lang='lat' dir='ltr'>Homo</span> <span class='ocrx_word' id='word_1_464' title='bbox 2121 1004 2261 1041; x_wconf 88' lang='lat' dir='ltr'>autem</span> <span class='ocrx_word' id='word_1_465' title='bbox 2275 1001 2322 1051; x_wconf 87' lang='lat' dir='ltr'>(c)</span> 
     </span>
     <span class='ocr_line' id='line_1_63' title="bbox 1299 1069 2321 1126; baseline -0.005 -12"><span class='ocrx_word' id='word_1_466' title='bbox 1299 1073 1414 1115; x_wconf 86' lang='lat' dir='ltr'>videt</span> <span class='ocrx_word' id='word_1_467' title='bbox 1432 1086 1505 1123; x_wconf 90' lang='lat' dir='ltr'>ea,</span> <span class='ocrx_word' id='word_1_468' title='bbox 1530 1085 1627 1126; x_wconf 83' lang='lat' dir='ltr'>quae</span> <span class='ocrx_word' id='word_1_469' title='bbox 1646 1075 1811 1125; x_wconf 83' lang='lat' dir='ltr'>patent3</span> <span class='ocrx_word' id='word_1_470' title='bbox 1846 1072 2046 1112; x_wconf 88' lang='lat' dir='ltr'>Dominus</span> <span class='ocrx_word' id='word_1_471' title='bbox 2083 1073 2224 1111; x_wconf 89' lang='lat' dir='ltr'>autem</span> <span class='ocrx_word' id='word_1_472' title='bbox 2257 1069 2321 1109; x_wconf 87' lang='lat' dir='ltr'>in-</span> 
     </span>
     <span class='ocr_line' id='line_1_64' title="bbox 1300 1139 2321 1195; baseline -0.003 -12"><span class='ocrx_word' id='word_1_473' title='bbox 1300 1145 1442 1184; x_wconf 84' lang='lat' dir='ltr'>tuetur</span> <span class='ocrx_word' id='word_1_474' title='bbox 1461 1156 1585 1184; x_wconf 83' lang='lat' dir='ltr'>cor.»</span> <span class='ocrx_word' id='word_1_475' title='bbox 1615 1145 1669 1195; x_wconf 83' lang='lat' dir='ltr'>(v.</span> <span class='ocrx_word' id='word_1_476' title='bbox 1697 1145 1754 1194; x_wconf 80' lang='grc'>9.)</span> <span class='ocrx_word' id='word_1_477' title='bbox 1775 1143 1829 1184; x_wconf 76' lang='lat' dir='ltr'>Et</span> <span class='ocrx_word' id='word_1_478' title='bbox 1846 1143 2019 1184; x_wconf 75' lang='lat' dir='ltr'>veniens</span> <span class='ocrx_word' id='word_1_479' title='bbox 2053 1143 2129 1194; x_wconf 82' lang='lat' dir='ltr'>qui</span> <span class='ocrx_word' id='word_1_480' title='bbox 2157 1145 2192 1183; x_wconf 78' lang='lat' dir='ltr'>te</span> <span class='ocrx_word' id='word_1_481' title='bbox 2211 1142 2249 1182; x_wconf 78' lang='lat' dir='ltr'>et</span> <span class='ocrx_word' id='word_1_482' title='bbox 2266 1139 2321 1181; x_wconf 81' lang='lat' dir='ltr'>il-</span> 
     </span>
     <span class='ocr_line' id='line_1_65' title="bbox 1301 1211 2318 1266; baseline -0.004 -13"><span class='ocrx_word' id='word_1_483' title='bbox 1301 1213 1389 1255; x_wconf 81' lang='lat' dir='ltr'>lum</span> <span class='ocrx_word' id='word_1_484' title='bbox 1424 1216 1612 1264; x_wconf 74' lang='lat' dir='ltr'>vocavit,</span> <span class='ocrx_word' id='word_1_485' title='bbox 1649 1226 1724 1266; x_wconf 87' lang='lat' dir='ltr'>per</span> <span class='ocrx_word' id='word_1_486' title='bbox 1759 1213 1934 1266; x_wconf 60' lang='lat' dir='ltr'>§iustitiae</span> <span class='ocrx_word' id='word_1_487' title='bbox 1969 1211 2286 1265; x_wconf 88' lang='lat' dir='ltr'>dispositionem</span> <span class='ocrx_word' id='word_1_488' title='bbox 2309 1223 2318 1248; x_wconf 93' lang='lat'>:</span> 
     </span>
     <span class='ocr_line' id='line_1_66' title="bbox 1301 1281 2317 1337; baseline -0.006 -12"><span class='ocrx_word' id='word_1_489' title='bbox 1301 1296 1402 1325; x_wconf 88' lang='lat' dir='ltr'>nam</span> <span class='ocrx_word' id='word_1_490' title='bbox 1422 1284 1449 1306; x_wconf 75' lang='lat'>²³</span> <span class='ocrx_word' id='word_1_491' title='bbox 1470 1300 1488 1323; x_wconf 78' lang='grc'>(1</span> <span class='ocrx_word' id='word_1_492' title='bbox 1508 1285 1705 1337; x_wconf 89' lang='lat' dir='ltr'>spiritum</span> <span class='ocrx_word' id='word_1_493' title='bbox 1726 1283 1979 1336; x_wconf 85' lang='lat' dir='ltr'>ponderator</span> <span class='ocrx_word' id='word_1_494' title='bbox 1998 1284 2059 1323; x_wconf 88' lang='lat' dir='ltr'>est</span> <span class='ocrx_word' id='word_1_495' title='bbox 2078 1281 2317 1322; x_wconf 83' lang='lat' dir='ltr'>Dominus.»</span> 
     </span>
     <span class='ocr_line' id='line_1_67' title="bbox 1302 1350 2322 1405; baseline -0.009 -7"><span class='ocrx_word' id='word_1_496' title='bbox 1302 1359 1429 1400; x_wconf 76' lang='lat' dir='ltr'>Dicat</span> <span class='ocrx_word' id='word_1_497' title='bbox 1449 1357 1552 1399; x_wconf 72' lang='lat' dir='ltr'>tibi:</span> <span class='ocrx_word' id='word_1_498' title='bbox 1575 1356 1639 1396; x_wconf 81' lang='lat' dir='ltr'>Da</span> <span class='ocrx_word' id='word_1_499' title='bbox 1660 1354 1758 1395; x_wconf 70' lang='lat' dir='ltr'>huic</span> <span class='ocrx_word' id='word_1_500' title='bbox 1790 1354 1951 1403; x_wconf 82' lang='lat' dir='ltr'>locum,</span> <span class='ocrx_word' id='word_1_501' title='bbox 1981 1354 2151 1405; x_wconf 85' lang='lat' dir='ltr'>propter</span> <span class='ocrx_word' id='word_1_502' title='bbox 2178 1350 2322 1402; x_wconf 84' lang='lat' dir='ltr'>digni-</span> 
     </span>
     <span class='ocr_line' id='line_1_68' title="bbox 1302 1421 2325 1480; baseline -0.008 -12"><span class='ocrx_word' id='word_1_503' title='bbox 1302 1428 1398 1468; x_wconf 90' lang='lat' dir='ltr'>tatis</span> <span class='ocrx_word' id='word_1_504' title='bbox 1416 1426 1706 1480; x_wconf 80' lang='lat' dir='ltr'>praelationem</span> <span class='ocrx_word' id='word_1_505' title='bbox 1738 1438 1747 1464; x_wconf 88' lang='lat'>:</span> <span class='ocrx_word' id='word_1_506' title='bbox 1770 1424 1870 1476; x_wconf 87' lang='lat' dir='ltr'>quia</span> <span class='ocrx_word' id='word_1_507' title='bbox 1890 1423 1918 1446; x_wconf 69' lang='lat'>¹⁵</span> <span class='ocrx_word' id='word_1_508' title='bbox 1942 1438 1961 1462; x_wconf 82' lang='lat'>&lt;‹</span> <span class='ocrx_word' id='word_1_509' title='bbox 1981 1422 2101 1463; x_wconf 89' lang='lat' dir='ltr'>scidit</span> <span class='ocrx_word' id='word_1_510' title='bbox 2123 1421 2325 1461; x_wconf 90' lang='lat' dir='ltr'>Dominus</span> 
     </span>
     <span class='ocr_line' id='line_1_69' title="bbox 1302 1491 2326 1549; baseline -0.007 -12"><span class='ocrx_word' id='word_1_511' title='bbox 1302 1509 1487 1549; x_wconf 84' lang='lat' dir='ltr'>regnum</span> <span class='ocrx_word' id='word_1_512' title='bbox 1507 1495 1634 1536; x_wconf 90' lang='lat' dir='ltr'>Israel</span> <span class='ocrx_word' id='word_1_513' title='bbox 1652 1507 1677 1535; x_wconf 88' lang='lat' dir='ltr'>a</span> <span class='ocrx_word' id='word_1_514' title='bbox 1695 1497 1736 1534; x_wconf 84' lang='lat' dir='ltr'>te</span> <span class='ocrx_word' id='word_1_515' title='bbox 1763 1494 1887 1534; x_wconf 89' lang='lat' dir='ltr'>hodie</span> <span class='ocrx_word' id='word_1_516' title='bbox 1904 1524 1914 1543; x_wconf 85' lang='lat'>‚</span> <span class='ocrx_word' id='word_1_517' title='bbox 1955 1495 1996 1533; x_wconf 91' lang='lat' dir='ltr'>et</span> <span class='ocrx_word' id='word_1_518' title='bbox 2028 1491 2198 1532; x_wconf 84' lang='lat' dir='ltr'>tradidit</span> <span class='ocrx_word' id='word_1_519' title='bbox 2216 1491 2326 1543; x_wconf 63' lang='lat' dir='ltr'>⁸illud</span> 
     </span>
     <span class='ocr_line' id='line_1_70' title="bbox 1302 1562 2325 1620; baseline -0.007 -12"><span class='ocrx_word' id='word_1_520' title='bbox 1302 1568 1497 1620; x_wconf 79' lang='lat' dir='ltr'>proximo</span> <span class='ocrx_word' id='word_1_521' title='bbox 1516 1569 1590 1606; x_wconf 84' lang='lat' dir='ltr'>tuo</span> <span class='ocrx_word' id='word_1_522' title='bbox 1611 1564 1774 1605; x_wconf 90' lang='lat' dir='ltr'>meliori</span> <span class='ocrx_word' id='word_1_523' title='bbox 1796 1567 1836 1605; x_wconf 89' lang='lat' dir='ltr'>te</span> <span class='ocrx_word' id='word_1_524' title='bbox 1858 1583 1866 1604; x_wconf 83' lang='lat'>;</span> <span class='ocrx_word' id='word_1_525' title='bbox 1884 1577 1903 1601; x_wconf 81' lang='lat'>›)</span> <span class='ocrx_word' id='word_1_526' title='bbox 1933 1565 1988 1614; x_wconf 91' lang='lat' dir='ltr'>(v.</span> <span class='ocrx_word' id='word_1_527' title='bbox 2010 1563 2047 1614; x_wconf 78' lang='lat'>9)</span> <span class='ocrx_word' id='word_1_528' title='bbox 2071 1563 2124 1604; x_wconf 76' lang='lat' dir='ltr'>Ec</span> <span class='ocrx_word' id='word_1_529' title='bbox 2143 1567 2242 1604; x_wconf 72' lang='lat' dir='ltr'>tunc</span> <span class='ocrx_word' id='word_1_530' title='bbox 2260 1562 2325 1602; x_wconf 77' lang='lat' dir='ltr'>in-</span> 
     </span>
     <span class='ocr_line' id='line_1_71' title="bbox 1303 1633 2323 1690; baseline -0.008 -11"><span class='ocrx_word' id='word_1_531' title='bbox 1303 1640 1438 1690; x_wconf 73' lang='lat' dir='ltr'>cipias</span> <span class='ocrx_word' id='word_1_532' title='bbox 1459 1648 1551 1678; x_wconf 81' lang='lat' dir='ltr'>cum</span> <span class='ocrx_word' id='word_1_533' title='bbox 1565 1636 1711 1677; x_wconf 70' lang='lat' dir='ltr'>rubore</span> <span class='ocrx_word' id='word_1_534' title='bbox 1731 1635 2008 1676; x_wconf 70' lang='lat' dir='ltr'>novissimum</span> <span class='ocrx_word' id='word_1_535' title='bbox 2027 1633 2160 1675; x_wconf 77' lang='lat' dir='ltr'>locum</span> <span class='ocrx_word' id='word_1_536' title='bbox 2174 1636 2323 1681; x_wconf 76' lang='lat' dir='ltr'>tencre,</span> 
     </span>
     <span class='ocr_line' id='line_1_72' title="bbox 1303 1701 2321 1760; baseline -0.008 -12"><span class='ocrx_word' id='word_1_537' title='bbox 1303 1719 1378 1760; x_wconf 90' lang='lat' dir='ltr'>per</span> <span class='ocrx_word' id='word_1_538' title='bbox 1398 1707 1662 1747; x_wconf 86' lang='lat' dir='ltr'>manifestam</span> <span class='ocrx_word' id='word_1_539' title='bbox 1695 1703 1969 1756; x_wconf 87' lang='lat' dir='ltr'>dejectionem</span> <span class='ocrx_word' id='word_1_540' title='bbox 1984 1735 1997 1754; x_wconf 93' lang='lat'>,</span> <span class='ocrx_word' id='word_1_541' title='bbox 2020 1702 2252 1744; x_wconf 91' lang='lat' dir='ltr'>secundum</span> <span class='ocrx_word' id='word_1_542' title='bbox 2271 1701 2321 1740; x_wconf 89' lang='lat' dir='ltr'>il-</span> 
     </span>
     <span class='ocr_line' id='line_1_73' title="bbox 1303 1771 2325 1825; baseline -0.008 -7"><span class='ocrx_word' id='word_1_543' title='bbox 1303 1778 1375 1819; x_wconf 90' lang='lat' dir='ltr'>lud</span> <span class='ocrx_word' id='word_1_544' title='bbox 1406 1777 1566 1819; x_wconf 65' lang='lat' dir='ltr'>Psalmi</span> <span class='ocrx_word' id='word_1_545' title='bbox 1584 1777 1640 1817; x_wconf 77' lang='lat'>¹⁵:</span> <span class='ocrx_word' id='word_1_546' title='bbox 1671 1790 1689 1813; x_wconf 88' lang='lat'>«</span> <span class='ocrx_word' id='word_1_547' title='bbox 1708 1775 1924 1816; x_wconf 77' lang='lat' dir='ltr'>Exaltatus</span> <span class='ocrx_word' id='word_1_548' title='bbox 1953 1777 2095 1815; x_wconf 87' lang='lat' dir='ltr'>autem</span> <span class='ocrx_word' id='word_1_549' title='bbox 2117 1771 2325 1825; x_wconf 60' lang='lat' dir='ltr'>ihumilia-</span> 
     </span>
     <span class='ocr_line' id='line_1_74' title="bbox 1303 1841 2326 1899; baseline -0.008 -10"><span class='ocrx_word' id='word_1_550' title='bbox 1303 1852 1371 1889; x_wconf 88' lang='lat' dir='ltr'>tus</span> <span class='ocrx_word' id='word_1_551' title='bbox 1407 1860 1527 1899; x_wconf 82' lang='lat' dir='ltr'>sum,</span> <span class='ocrx_word' id='word_1_552' title='bbox 1558 1850 1598 1887; x_wconf 91' lang='lat' dir='ltr'>et</span> <span class='ocrx_word' id='word_1_553' title='bbox 1629 1847 1920 1887; x_wconf 71' lang='lat' dir='ltr'>conturbatus.</span> <span class='ocrx_word' id='word_1_554' title='bbox 1945 1860 1963 1883; x_wconf 81' lang='lat'>›)</span> <span class='ocrx_word' id='word_1_555' title='bbox 1990 1845 2040 1885; x_wconf 90' lang='lat' dir='ltr'>Et</span> <span class='ocrx_word' id='word_1_556' title='bbox 2066 1844 2158 1884; x_wconf 90' lang='lat' dir='ltr'>ideo</span> <span class='ocrx_word' id='word_1_557' title='bbox 2195 1841 2326 1883; x_wconf 82' lang='lat' dir='ltr'>Eccle-</span> 
     </span>
     <span class='ocr_line' id='line_1_75' title="bbox 1304 1911 2326 1966; baseline -0.01 -6"><span class='ocrx_word' id='word_1_558' title='bbox 1304 1920 1503 1960; x_wconf 71' lang='lat' dir='ltr'>siasticus</span> <span class='ocrx_word' id='word_1_559' title='bbox 1522 1918 1576 1958; x_wconf 65' lang='grc'>16;</span> <span class='ocrx_word' id='word_1_560' title='bbox 1605 1932 1624 1955; x_wconf 74' lang='grc' dir='ltr'>(ι</span> <span class='ocrx_word' id='word_1_561' title='bbox 1646 1916 1838 1966; x_wconf 88' lang='lat' dir='ltr'>Attende,</span> <span class='ocrx_word' id='word_1_562' title='bbox 1862 1927 1916 1956; x_wconf 89' lang='lat' dir='ltr'>ne</span> <span class='ocrx_word' id='word_1_563' title='bbox 1941 1915 2135 1956; x_wconf 86' lang='lat' dir='ltr'>seductus</span> <span class='ocrx_word' id='word_1_564' title='bbox 2159 1913 2204 1952; x_wconf 90' lang='lat' dir='ltr'>in</span> <span class='ocrx_word' id='word_1_565' title='bbox 2222 1911 2326 1951; x_wconf 90' lang='lat' dir='ltr'>stul-</span> 
     </span>
     <span class='ocr_line' id='line_1_76' title="bbox 1305 1981 2323 2030; baseline -0.009 0"><span class='ocrx_word' id='word_1_566' title='bbox 1305 1991 1395 2030; x_wconf 81' lang='lat' dir='ltr'>titia</span> <span class='ocrx_word' id='word_1_567' title='bbox 1412 1988 1664 2030; x_wconf 81' lang='lat' dir='ltr'>humilieris.</span> <span class='ocrx_word' id='word_1_568' title='bbox 1687 2002 1705 2025; x_wconf 74' lang='lat' dir='ltr'>n</span> <span class='ocrx_word' id='word_1_569' title='bbox 1732 1987 1805 2027; x_wconf 90' lang='lat' dir='ltr'>Ille</span> <span class='ocrx_word' id='word_1_570' title='bbox 1824 1990 1966 2028; x_wconf 86' lang='lat' dir='ltr'>autem</span> <span class='ocrx_word' id='word_1_571' title='bbox 1987 1984 2200 2027; x_wconf 87' lang='lat' dir='ltr'>seducitur</span> <span class='ocrx_word' id='word_1_572' title='bbox 2220 1981 2323 2022; x_wconf 90' lang='lat' dir='ltr'>stul-</span> 
     </span>
     <span class='ocr_line' id='line_1_77' title="bbox 1305 2051 2324 2112; baseline -0.01 -12"><span class='ocrx_word' id='word_1_573' title='bbox 1305 2060 1408 2110; x_wconf 84' lang='lat' dir='ltr'>titia,</span> <span class='ocrx_word' id='word_1_574' title='bbox 1432 2060 1504 2112; x_wconf 87' lang='lat' dir='ltr'>qui</span> <span class='ocrx_word' id='word_1_575' title='bbox 1524 2071 1567 2099; x_wconf 92' lang='lat' dir='ltr'>se</span> <span class='ocrx_word' id='word_1_576' title='bbox 1586 2060 1752 2110; x_wconf 87' lang='lat' dir='ltr'>reputat</span> <span class='ocrx_word' id='word_1_577' title='bbox 1771 2057 1928 2110; x_wconf 83' lang='lat' dir='ltr'>aliquid</span> <span class='ocrx_word' id='word_1_578' title='bbox 1942 2066 2152 2107; x_wconf 89' lang='lat' dir='ltr'>magnum</span> <span class='ocrx_word' id='word_1_579' title='bbox 2168 2053 2195 2075; x_wconf 87' lang='lat'>¹⁷</span> <span class='ocrx_word' id='word_1_580' title='bbox 2219 2067 2228 2092; x_wconf 72' lang='grc' dir='ltr'>ε</span> <span class='ocrx_word' id='word_1_581' title='bbox 2245 2067 2264 2090; x_wconf 76' lang='grc'>(1</span> <span class='ocrx_word' id='word_1_582' title='bbox 2283 2051 2324 2092; x_wconf 91' lang='lat' dir='ltr'>Si</span> 
     </span>
     <span class='ocr_line' id='line_1_78' title="bbox 1306 2118 2323 2183; baseline -0.01 -12"><span class='ocrx_word' id='word_1_583' title='bbox 1306 2131 1402 2183; x_wconf 88' lang='lat' dir='ltr'>quis</span> <span class='ocrx_word' id='word_1_584' title='bbox 1421 2130 1634 2170; x_wconf 76' lang='lat' dir='ltr'>existimat</span> <span class='ocrx_word' id='word_1_585' title='bbox 1647 2140 1691 2168; x_wconf 91' lang='lat' dir='ltr'>se</span> <span class='ocrx_word' id='word_1_586' title='bbox 1711 2127 1871 2180; x_wconf 86' lang='lat' dir='ltr'>aliquid</span> <span class='ocrx_word' id='word_1_587' title='bbox 1891 2118 2108 2176; x_wconf 56' lang='lat' dir='ltr'>esse‚&#39;cum</span> <span class='ocrx_word' id='word_1_588' title='bbox 2129 2123 2236 2164; x_wconf 91' lang='lat' dir='ltr'>nihil</span> <span class='ocrx_word' id='word_1_589' title='bbox 2255 2121 2323 2172; x_wconf 90' lang='lat' dir='ltr'>sit,</span> 
     </span>
     <span class='ocr_line' id='line_1_79' title="bbox 1306 2192 2325 2253; baseline -0.009 -12"><span class='ocrx_word' id='word_1_590' title='bbox 1306 2201 1395 2253; x_wconf 88' lang='lat' dir='ltr'>ipse</span> <span class='ocrx_word' id='word_1_591' title='bbox 1423 2213 1467 2241; x_wconf 88' lang='lat' dir='ltr'>se</span> <span class='ocrx_word' id='word_1_592' title='bbox 1491 2199 1662 2240; x_wconf 86' lang='lat' dir='ltr'>seducit.</span> <span class='ocrx_word' id='word_1_593' title='bbox 1690 2212 1709 2235; x_wconf 82' lang='lat'>›)</span> <span class='ocrx_word' id='word_1_594' title='bbox 1734 2197 1785 2238; x_wconf 87' lang='lat' dir='ltr'>Et</span> <span class='ocrx_word' id='word_1_595' title='bbox 1803 2197 1898 2237; x_wconf 90' lang='lat' dir='ltr'>talis</span> <span class='ocrx_word' id='word_1_596' title='bbox 1916 2195 2165 2236; x_wconf 86' lang='lat' dir='ltr'>humiliatur</span> <span class='ocrx_word' id='word_1_597' title='bbox 2183 2205 2209 2233; x_wconf 91' lang='lat' dir='ltr'>a</span> <span class='ocrx_word' id='word_1_598' title='bbox 2228 2192 2325 2241; x_wconf 82' lang='lat' dir='ltr'>Deo,</span> 
     </span>
     <span class='ocr_line' id='line_1_80' title="bbox 1301 2263 2328 2322; baseline -0.009 -11"><span class='ocrx_word' id='word_1_599' title='bbox 1301 2272 1415 2322; x_wconf 66' lang='grc' dir='ltr'>,105ῖο</span> <span class='ocrx_word' id='word_1_600' title='bbox 1436 2271 1508 2311; x_wconf 90' lang='lat' dir='ltr'>Dei</span> <span class='ocrx_word' id='word_1_601' title='bbox 1525 2269 1699 2322; x_wconf 86' lang='lat' dir='ltr'>judicio,</span> <span class='ocrx_word' id='word_1_602' title='bbox 1718 2267 1950 2308; x_wconf 89' lang='lat' dir='ltr'>secundum</span> <span class='ocrx_word' id='word_1_603' title='bbox 1970 2265 2073 2305; x_wconf 88' lang='lat' dir='ltr'>illud</span> <span class='ocrx_word' id='word_1_604' title='bbox 2092 2265 2121 2289; x_wconf 80' lang='lat'>¹⁸</span> <span class='ocrx_word' id='word_1_605' title='bbox 2137 2276 2177 2304; x_wconf 78' lang='lat'>2«</span> <span class='ocrx_word' id='word_1_606' title='bbox 2193 2263 2328 2315; x_wconf 91' lang='lat' dir='ltr'>Depo-</span> 
     </span>
     <span class='ocr_line' id='line_1_81' title="bbox 1307 2332 2323 2392; baseline -0.01 -12"><span class='ocrx_word' id='word_1_607' title='bbox 1307 2340 1391 2380; x_wconf 87' lang='lat' dir='ltr'>suit</span> <span class='ocrx_word' id='word_1_608' title='bbox 1409 2341 1598 2392; x_wconf 88' lang='lat' dir='ltr'>potentes</span> <span class='ocrx_word' id='word_1_609' title='bbox 1617 2338 1667 2378; x_wconf 93' lang='lat' dir='ltr'>de</span> <span class='ocrx_word' id='word_1_610' title='bbox 1686 2337 1796 2387; x_wconf 91' lang='lat' dir='ltr'>sede,</span> <span class='ocrx_word' id='word_1_611' title='bbox 1819 2338 1861 2376; x_wconf 91' lang='lat' dir='ltr'>et</span> <span class='ocrx_word' id='word_1_612' title='bbox 1880 2334 2079 2376; x_wconf 80' lang='lat' dir='ltr'>exaltavit</span> <span class='ocrx_word' id='word_1_613' title='bbox 2104 2332 2323 2373; x_wconf 79' lang='lat' dir='ltr'>humiles.»</span> 
     </span>
     <span class='ocr_line' id='line_1_82' title="bbox 1306 2401 2329 2461; baseline -0.01 -11"><span class='ocrx_word' id='word_1_614' title='bbox 1306 2410 1363 2450; x_wconf 92' lang='lat' dir='ltr'>De</span> <span class='ocrx_word' id='word_1_615' title='bbox 1392 2409 1635 2461; x_wconf 84' lang='lat' dir='ltr'>hujusmodi</span> <span class='ocrx_word' id='word_1_616' title='bbox 1669 2407 1829 2460; x_wconf 70' lang='grc' dir='ltr'>ι10111010</span> <span class='ocrx_word' id='word_1_617' title='bbox 1868 2405 2021 2446; x_wconf 85' lang='lat' dir='ltr'>dicitur</span> <span class='ocrx_word' id='word_1_618' title='bbox 2058 2405 2085 2428; x_wconf 82' lang='lat'>¹⁹</span> <span class='ocrx_word' id='word_1_619' title='bbox 2123 2417 2132 2444; x_wconf 81' lang='lat' dir='ltr'>z</span> <span class='ocrx_word' id='word_1_620' title='bbox 2167 2417 2186 2441; x_wconf 86' lang='lat'>«</span> <span class='ocrx_word' id='word_1_621' title='bbox 2210 2401 2329 2443; x_wconf 89' lang='lat' dir='ltr'>Multi</span> 
     </span>
     <span class='ocr_line' id='line_1_83' title="bbox 1305 2471 2330 2532; baseline -0.009 -12"><span class='ocrx_word' id='word_1_622' title='bbox 1305 2479 1476 2532; x_wconf 88' lang='lat' dir='ltr'>tyranni</span> <span class='ocrx_word' id='word_1_623' title='bbox 1494 2479 1697 2519; x_wconf 88' lang='lat' dir='ltr'>sederunt</span> <span class='ocrx_word' id='word_1_624' title='bbox 1727 2478 1772 2517; x_wconf 89' lang='lat' dir='ltr'>in</span> <span class='ocrx_word' id='word_1_625' title='bbox 1793 2477 1948 2517; x_wconf 88' lang='lat' dir='ltr'>throno</span> <span class='ocrx_word' id='word_1_626' title='bbox 1962 2507 1972 2526; x_wconf 87' lang='lat'>‚</span> <span class='ocrx_word' id='word_1_627' title='bbox 1996 2477 2036 2515; x_wconf 86' lang='lat' dir='ltr'>et</span> <span class='ocrx_word' id='word_1_628' title='bbox 2059 2471 2330 2525; x_wconf 87' lang='lat' dir='ltr'>insuspicabi-</span> 
     </span>
     <span class='ocr_line' id='line_1_84' title="bbox 1306 2541 2330 2603; baseline -0.009 -13"><span class='ocrx_word' id='word_1_629' title='bbox 1306 2550 1359 2590; x_wconf 89' lang='lat' dir='ltr'>lis</span> <span class='ocrx_word' id='word_1_630' title='bbox 1375 2550 1558 2603; x_wconf 87' lang='lat' dir='ltr'>portavit</span> <span class='ocrx_word' id='word_1_631' title='bbox 1578 2549 1783 2590; x_wconf 90' lang='lat' dir='ltr'>diadema.</span> <span class='ocrx_word' id='word_1_632' title='bbox 1800 2546 1918 2588; x_wconf 89' lang='lat' dir='ltr'>Multi</span> <span class='ocrx_word' id='word_1_633' title='bbox 1937 2546 2126 2598; x_wconf 89' lang='lat' dir='ltr'>potentes</span> <span class='ocrx_word' id='word_1_634' title='bbox 2143 2541 2330 2595; x_wconf 87' lang='lat' dir='ltr'>oppressi</span> 
     </span>
     <span class='ocr_line' id='line_1_85' title="bbox 1307 2614 2331 2671; baseline -0.009 -11"><span class='ocrx_word' id='word_1_635' title='bbox 1307 2623 1406 2661; x_wconf 89' lang='lat' dir='ltr'>sunt</span> <span class='ocrx_word' id='word_1_636' title='bbox 1424 2620 1586 2670; x_wconf 81' lang='lat' dir='ltr'>valide,</span> <span class='ocrx_word' id='word_1_637' title='bbox 1616 2622 1656 2660; x_wconf 88' lang='lat' dir='ltr'>et</span> <span class='ocrx_word' id='word_1_638' title='bbox 1676 2618 1849 2671; x_wconf 86' lang='lat' dir='ltr'>gloriosi</span> <span class='ocrx_word' id='word_1_639' title='bbox 1876 2616 2020 2657; x_wconf 87' lang='lat' dir='ltr'>traditi</span> <span class='ocrx_word' id='word_1_640' title='bbox 2045 2616 2144 2655; x_wconf 87' lang='lat' dir='ltr'>sunt</span> <span class='ocrx_word' id='word_1_641' title='bbox 2169 2614 2213 2653; x_wconf 88' lang='lat' dir='ltr'>in</span> <span class='ocrx_word' id='word_1_642' title='bbox 2239 2624 2331 2652; x_wconf 87' lang='lat' dir='ltr'>ma-</span> 
     </span>
     <span class='ocr_line' id='line_1_86' title="bbox 1308 2682 2332 2731; baseline -0.009 0"><span class='ocrx_word' id='word_1_643' title='bbox 1308 2702 1390 2731; x_wconf 91' lang='lat' dir='ltr'>nus</span> <span class='ocrx_word' id='word_1_644' title='bbox 1427 2690 1672 2731; x_wconf 89' lang='lat' dir='ltr'>alterorum.</span> <span class='ocrx_word' id='word_1_645' title='bbox 1703 2704 1722 2727; x_wconf 84' lang='grc'>»</span> <span class='ocrx_word' id='word_1_646' title='bbox 1760 2689 1855 2730; x_wconf 90' lang='lat' dir='ltr'>Ideo</span> <span class='ocrx_word' id='word_1_647' title='bbox 1890 2686 2040 2727; x_wconf 88' lang='lat' dir='ltr'>dicitur</span> <span class='ocrx_word' id='word_1_648' title='bbox 2075 2685 2105 2706; x_wconf 71' lang='lat'>²0</span> <span class='ocrx_word' id='word_1_649' title='bbox 2148 2698 2156 2724; x_wconf 71' lang='grc' dir='ltr'>ε</span> <span class='ocrx_word' id='word_1_650' title='bbox 2191 2698 2210 2721; x_wconf 73' lang='grc' dir='ltr'>(ι</span> <span class='ocrx_word' id='word_1_651' title='bbox 2239 2682 2332 2724; x_wconf 90' lang='grc' dir='ltr'>Νο11</span> 
     </span>
     <span class='ocr_line' id='line_1_87' title="bbox 1308 2759 2332 2813; baseline -0.01 -10"><span class='ocrx_word' id='word_1_652' title='bbox 1308 2773 1499 2813; x_wconf 85' lang='lat' dir='ltr'>quaerere</span> <span class='ocrx_word' id='word_1_653' title='bbox 1518 2762 1570 2802; x_wconf 91' lang='lat' dir='ltr'>ab</span> <span class='ocrx_word' id='word_1_654' title='bbox 1590 2760 1763 2802; x_wconf 90' lang='lat' dir='ltr'>homine</span> <span class='ocrx_word' id='word_1_655' title='bbox 1788 2759 1988 2799; x_wconf 91' lang='lat' dir='ltr'>ducatum</span> <span class='ocrx_word' id='word_1_656' title='bbox 2000 2788 2011 2808; x_wconf 86' lang='lat'>,</span> <span class='ocrx_word' id='word_1_657' title='bbox 2032 2767 2168 2809; x_wconf 85' lang='lat' dir='ltr'>neque</span> <span class='ocrx_word' id='word_1_658' title='bbox 2187 2766 2212 2794; x_wconf 87' lang='lat' dir='ltr'>a</span> <span class='ocrx_word' id='word_1_659' title='bbox 2228 2764 2332 2804; x_wconf 85' lang='lat' dir='ltr'>rege</span> 
     </span>
     <span class='ocr_line' id='line_1_88' title="bbox 1309 2824 2329 2877; baseline -0.01 -4"><span class='ocrx_word' id='word_1_660' title='bbox 1309 2832 1549 2873; x_wconf 87' lang='lat' dir='ltr'>cathedram</span> <span class='ocrx_word' id='word_1_661' title='bbox 1568 2831 1742 2872; x_wconf 90' lang='lat' dir='ltr'>honoris</span> <span class='ocrx_word' id='word_1_662' title='bbox 1769 2843 1814 2869; x_wconf 80' lang='lat' dir='ltr'>z»</span> <span class='ocrx_word' id='word_1_663' title='bbox 1833 2827 1940 2877; x_wconf 83' lang='lat' dir='ltr'>Quia</span> <span class='ocrx_word' id='word_1_664' title='bbox 1959 2828 1985 2849; x_wconf 77' lang='lat'>²²</span> <span class='ocrx_word' id='word_1_665' title='bbox 2009 2841 2019 2867; x_wconf 74' lang='grc' dir='ltr'>ι</span> <span class='ocrx_word' id='word_1_666' title='bbox 2045 2840 2065 2865; x_wconf 87' lang='grc'>((</span> <span class='ocrx_word' id='word_1_667' title='bbox 2083 2824 2329 2874; x_wconf 86' lang='lat' dir='ltr'>Haereditas‚</span> 
     </span>
     <span class='ocr_line' id='line_1_89' title="bbox 1309 2894 2331 2955; baseline -0.01 -12"><span class='ocrx_word' id='word_1_668' title='bbox 1309 2903 1360 2943; x_wconf 91' lang='lat' dir='ltr'>ad</span> <span class='ocrx_word' id='word_1_669' title='bbox 1373 2914 1501 2955; x_wconf 83' lang='lat' dir='ltr'>quam</span> <span class='ocrx_word' id='word_1_670' title='bbox 1512 2902 1734 2943; x_wconf 82' lang='lat' dir='ltr'>festinatur</span> <span class='ocrx_word' id='word_1_671' title='bbox 1749 2899 1795 2939; x_wconf 89' lang='lat' dir='ltr'>in</span> <span class='ocrx_word' id='word_1_672' title='bbox 1808 2897 2031 2951; x_wconf 89' lang='lat' dir='ltr'>principio,</span> <span class='ocrx_word' id='word_1_673' title='bbox 2047 2896 2091 2937; x_wconf 90' lang='lat' dir='ltr'>in</span> <span class='ocrx_word' id='word_1_674' title='bbox 2099 2894 2331 2938; x_wconf 88' lang='lat' dir='ltr'>novissimo</span> 
     </span>
     <span class='ocr_line' id='line_1_90' title="bbox 1308 2970 1824 3013; baseline -0.012 0"><span class='ocrx_word' id='word_1_675' title='bbox 1308 2971 1597 3013; x_wconf 88' lang='lat' dir='ltr'>benedictione</span> <span class='ocrx_word' id='word_1_676' title='bbox 1613 2970 1783 3011; x_wconf 86' lang='lat' dir='ltr'>carebit.</span> <span class='ocrx_word' id='word_1_677' title='bbox 1804 2982 1824 3006; x_wconf 72' lang='lat'>&gt;³</span> 
     </span>
    </p>

    <p class='ocr_par' dir='ltr' id='par_1_11' title="bbox 1309 3035 2330 3167">
     <span class='ocr_line' id='line_1_91' title="bbox 1363 3035 2330 3090; baseline -0.009 -7"><span class='ocrx_word' id='word_1_678' title='bbox 1363 3046 1428 3084; x_wconf 82' lang='lat'>10.</span> <span class='ocrx_word' id='word_1_679' title='bbox 1450 3041 1532 3084; x_wconf 83' lang='lat' dir='ltr'>Sed</span> <span class='ocrx_word' id='word_1_680' title='bbox 1550 3052 1644 3083; x_wconf 81' lang='lat' dir='ltr'>cum</span> <span class='ocrx_word' id='word_1_681' title='bbox 1658 3042 1828 3083; x_wconf 77' lang='lat' dir='ltr'>vocatus</span> <span class='ocrx_word' id='word_1_682' title='bbox 1847 3039 1995 3090; x_wconf 74' lang='lat' dir='ltr'>fueris,</span> <span class='ocrx_word' id='word_1_683' title='bbox 2009 3039 2086 3079; x_wconf 89' lang='lat' dir='ltr'>etc.</span> <span class='ocrx_word' id='word_1_684' title='bbox 2106 3035 2330 3088; x_wconf 86' lang='lat' dir='ltr'>Postquam</span> 
     </span>
     <span class='ocr_line' id='line_1_92' title="bbox 1309 3106 2328 3167; baseline -0.01 -11"><span class='ocrx_word' id='word_1_685' title='bbox 1309 3113 1566 3167; x_wconf 86' lang='lat' dir='ltr'>vituperavit</span> <span class='ocrx_word' id='word_1_686' title='bbox 1584 3110 1876 3163; x_wconf 87' lang='lat' dir='ltr'>arrogantiam</span> <span class='ocrx_word' id='word_1_687' title='bbox 1894 3141 1905 3161; x_wconf 85' lang='lat'>‚</span> <span class='ocrx_word' id='word_1_688' title='bbox 1927 3109 1998 3150; x_wconf 91' lang='lat' dir='ltr'>hic</span> <span class='ocrx_word' id='word_1_689' title='bbox 2025 3107 2206 3150; x_wconf 88' lang='lat' dir='ltr'>secundo</span> <span class='ocrx_word' id='word_1_690' title='bbox 2224 3106 2328 3146; x_wconf 87' lang='lat' dir='ltr'>inci-</span> 
     </span>
    </p>
   </div>
   <div class='ocr_carea' id='block_1_10' title="bbox 1309 3236 2331 3380">
    <p class='ocr_par' dir='ltr' id='par_1_12' title="bbox 1309 3236 2331 3380">
     <span class='ocr_line' id='line_1_93' title="bbox 1310 3236 2331 3285; baseline -0.008 -8"><span class='ocrx_word' id='word_1_691' title='bbox 1310 3263 1350 3269; x_wconf 91' lang='lat'>—</span> <span class='ocrx_word' id='word_1_692' title='bbox 1366 3245 1392 3267; x_wconf 66' lang='grc'>11</span> <span class='ocrx_word' id='word_1_693' title='bbox 1408 3246 1420 3276; x_wconf 86' lang='grc'>1</span> <span class='ocrx_word' id='word_1_694' title='bbox 1435 3246 1524 3285; x_wconf 69' lang='grc' dir='ltr'>Ιίεφ,</span> <span class='ocrx_word' id='word_1_695' title='bbox 1543 3253 1600 3285; x_wconf 78' lang='lat' dir='ltr'>xv,</span> <span class='ocrx_word' id='word_1_696' title='bbox 1616 3246 1666 3276; x_wconf 79' lang='lat'>28.</span> <span class='ocrx_word' id='word_1_697' title='bbox 1685 3260 1724 3267; x_wconf 91' lang='lat'>-·</span> <span class='ocrx_word' id='word_1_698' title='bbox 1737 3243 1764 3265; x_wconf 78' lang='lat'>15</span> <span class='ocrx_word' id='word_1_699' title='bbox 1776 3242 1866 3275; x_wconf 80' lang='lat' dir='ltr'>Psal.</span> <span class='ocrx_word' id='word_1_700' title='bbox 1884 3248 2038 3281; x_wconf 77' lang='lat' dir='ltr'>Lxxxvn,</span> <span class='ocrx_word' id='word_1_701' title='bbox 2055 3241 2105 3272; x_wconf 85' lang='lat'>16.</span> <span class='ocrx_word' id='word_1_702' title='bbox 2121 3238 2201 3262; x_wconf 70' lang='grc'>-16</span> <span class='ocrx_word' id='word_1_703' title='bbox 2212 3236 2331 3277; x_wconf 75' lang='grc' dir='ltr'><em>Εεοῖί.,</em></span> 
     </span>
     <span class='ocr_line' id='line_1_94' title="bbox 1310 3283 2330 3332; baseline -0.01 -8"><span class='ocrx_word' id='word_1_704' title='bbox 1310 3300 1388 3332; x_wconf 75' lang='lat' dir='ltr'>xiii,</span> <span class='ocrx_word' id='word_1_705' title='bbox 1407 3296 1456 3324; x_wconf 78' lang='lat' dir='ltr'>tu.</span> <span class='ocrx_word' id='word_1_706' title='bbox 1469 3309 1503 3314; x_wconf 90' lang='lat'><strong>—</strong></span> <span class='ocrx_word' id='word_1_707' title='bbox 1522 3293 1546 3313; x_wconf 87' lang='lat'>1⁷</span> <span class='ocrx_word' id='word_1_708' title='bbox 1566 3290 1657 3328; x_wconf 74' lang='lat' dir='ltr'>Gal„</span> <span class='ocrx_word' id='word_1_709' title='bbox 1675 3298 1720 3331; x_wconf 84' lang='lat' dir='ltr'>VJ,</span> <span class='ocrx_word' id='word_1_710' title='bbox 1742 3292 1822 3321; x_wconf 90' lang='lat'>3.-</span> <span class='ocrx_word' id='word_1_711' title='bbox 1841 3290 1867 3310; x_wconf 75' lang='lat'>1⁸</span> <span class='ocrx_word' id='word_1_712' title='bbox 1886 3290 1982 3328; x_wconf 60' lang='lat' dir='ltr'>Sap„</span> <span class='ocrx_word' id='word_1_713' title='bbox 2001 3296 2026 3328; x_wconf 87' lang='lat'>1,</span> <span class='ocrx_word' id='word_1_714' title='bbox 2047 3288 2150 3318; x_wconf 78' lang='lat'>52.—</span> <span class='ocrx_word' id='word_1_715' title='bbox 2168 3286 2194 3306; x_wconf 62' lang='lat'>1⁹</span> <span class='ocrx_word' id='word_1_716' title='bbox 2213 3283 2330 3323; x_wconf 66' lang='lat' dir='ltr'>Eccli„</span> 
     </span>
     <span class='ocr_line' id='line_1_95' title="bbox 1309 3334 2204 3380; baseline -0.007 -9"><span class='ocrx_word' id='word_1_717' title='bbox 1309 3346 1358 3380; x_wconf 80' lang='lat' dir='ltr'>xi,</span> <span class='ocrx_word' id='word_1_718' title='bbox 1378 3341 1445 3371; x_wconf 83' lang='lat'>5-6.</span> <span class='ocrx_word' id='word_1_719' title='bbox 1466 3356 1506 3362; x_wconf 93' lang='lat'><em>-</em></span> <span class='ocrx_word' id='word_1_720' title='bbox 1524 3339 1549 3358; x_wconf 75' lang='lat'>2⁶</span> <span class='ocrx_word' id='word_1_721' title='bbox 1569 3337 1685 3378; x_wconf 67' lang='lat' dir='ltr'>Ecch„</span> <span class='ocrx_word' id='word_1_722' title='bbox 1708 3345 1769 3378; x_wconf 79' lang='lat' dir='ltr'>vn,</span> <span class='ocrx_word' id='word_1_723' title='bbox 1788 3338 1818 3369; x_wconf 87' lang='lat'>4.</span> <span class='ocrx_word' id='word_1_724' title='bbox 1839 3353 1874 3359; x_wconf 89' lang='lat'>—-</span> <span class='ocrx_word' id='word_1_725' title='bbox 1895 3336 1922 3356; x_wconf 77' lang='lat'>2¹</span> <span class='ocrx_word' id='word_1_726' title='bbox 1945 3335 2056 3374; x_wconf 67' lang='lat' dir='ltr'>Prov„</span> <span class='ocrx_word' id='word_1_727' title='bbox 2075 3341 2133 3374; x_wconf 76' lang='lat' dir='ltr'>xx,</span> <span class='ocrx_word' id='word_1_728' title='bbox 2154 3334 2204 3365; x_wconf 80' lang='lat'>21.</span> 
     </span>
    </p>
   </div>
   <div class='ocr_carea' id='block_1_11' title="bbox 1352 3401 2288 3450">
    <p class='ocr_par' dir='ltr' id='par_1_13' title="bbox 1352 3401 2288 3450">
     <span class='ocr_line' id='line_1_96' title="bbox 1352 3401 2288 3450; baseline -0.009 -9"><span class='ocrx_word' id='word_1_729' title='bbox 1352 3410 1396 3449; x_wconf 85' lang='grc' dir='ltr'>(α)</span> <span class='ocrx_word' id='word_1_730' title='bbox 1423 3409 1517 3450; x_wconf 71' lang='lat' dir='ltr'>Vuly.</span> <span class='ocrx_word' id='word_1_731' title='bbox 1541 3408 1729 3450; x_wconf 86' lang='lat' dir='ltr'>proposuit.</span> <span class='ocrx_word' id='word_1_732' title='bbox 1750 3425 1785 3430; x_wconf 95' lang='lat'>—</span> <span class='ocrx_word' id='word_1_733' title='bbox 1811 3405 1851 3447; x_wconf 85' lang='lat' dir='ltr'>(b)</span> <span class='ocrx_word' id='word_1_734' title='bbox 1873 3408 2046 3446; x_wconf 87' lang='lat' dir='ltr'>tauquam.</span> <span class='ocrx_word' id='word_1_735' title='bbox 2067 3421 2108 3427; x_wconf 96' lang='lat'>—</span> <span class='ocrx_word' id='word_1_736' title='bbox 2126 3405 2164 3444; x_wconf 81' lang='lat' dir='ltr'>(c)</span> <span class='ocrx_word' id='word_1_737' title='bbox 2187 3401 2288 3434; x_wconf 85' lang='lat' dir='ltr'>enim.</span> 
     </span>
    </p>
   </div>
  </div>
 </body>
</html>
