<?xml version="1.0" encoding="UTF-8"?>
<!DOCTYPE html PUBLIC "-//W3C//DTD XHTML 1.0 Transitional//EN"
    "http://www.w3.org/TR/xhtml1/DTD/xhtml1-transitional.dtd">
<html xmlns="http://www.w3.org/1999/xhtml" xml:lang="en" lang="en">
 <head>
  <title>
</title>
<meta http-equiv="Content-Type" content="text/html;charset=utf-8" />
  <meta name='ocr-system' content='tesseract 3.04.00' />
  <meta name='ocr-capabilities' content='ocr_page ocr_carea ocr_par ocr_line ocrx_word'/>
</head>
<body>
  <div class='ocr_page' id='page_1' title='image "./operaomniasixtiv10bonauoft/operaomniasixtiv10bonauoft_0460.png"; bbox 0 0 2634 3853; ppageno 0'>
   <div class='ocr_carea' id='block_1_1' title="bbox 278 235 1683 281">
    <p class='ocr_par' dir='ltr' id='par_1_1' title="bbox 278 235 1683 281">
     <span class='ocr_line' id='line_1_1' title="bbox 278 235 1683 281; baseline 0.001 -4"><span class='ocrx_word' id='word_1_1' title='bbox 278 239 357 277; x_wconf 76' lang='lat'>440</span> <span class='ocrx_word' id='word_1_2' title='bbox 1008 235 1292 278; x_wconf 87' lang='lat' dir='ltr'><strong>EVANGELII</strong></span> <span class='ocrx_word' id='word_1_3' title='bbox 1319 236 1506 280; x_wconf 90' lang='lat' dir='ltr'>SANCTl</span> <span class='ocrx_word' id='word_1_4' title='bbox 1535 237 1683 281; x_wconf 89' lang='lat' dir='ltr'>LUCAE</span> 
     </span>
    </p>
   </div>
   <div class='ocr_carea' id='block_1_2' title="bbox 269 324 1308 3346">
    <p class='ocr_par' dir='ltr' id='par_1_2' title="bbox 269 324 1308 3346">
     <span class='ocr_line' id='line_1_2' title="bbox 273 324 1303 377; baseline 0.001 -12"><span class='ocrx_word' id='word_1_5' title='bbox 273 324 436 365; x_wconf 89' lang='lat' dir='ltr'>duobus</span> <span class='ocrx_word' id='word_1_6' title='bbox 468 326 530 365; x_wconf 89' lang='lat' dir='ltr'>est</span> <span class='ocrx_word' id='word_1_7' title='bbox 560 325 803 377; x_wconf 88' lang='lat' dir='ltr'>composita,</span> <span class='ocrx_word' id='word_1_8' title='bbox 839 336 1012 377; x_wconf 87' lang='lat' dir='ltr'>corpore</span> <span class='ocrx_word' id='word_1_9' title='bbox 1041 324 1236 366; x_wconf 83' lang='lat' dir='ltr'>videlicet</span> <span class='ocrx_word' id='word_1_10' title='bbox 1261 328 1303 366; x_wconf 89' lang='lat' dir='ltr'>et</span> 
     </span>
     <span class='ocr_line' id='line_1_3' title="bbox 273 394 1301 446; baseline -0.001 -11"><span class='ocrx_word' id='word_1_11' title='bbox 273 394 440 444; x_wconf 86' lang='lat' dir='ltr'>anima,</span> <span class='ocrx_word' id='word_1_12' title='bbox 479 394 714 434; x_wconf 81' lang='lat' dir='ltr'>ostenditur</span> <span class='ocrx_word' id='word_1_13' title='bbox 748 394 951 434; x_wconf 84' lang='lat' dir='ltr'>Dominus</span> <span class='ocrx_word' id='word_1_14' title='bbox 989 405 1212 446; x_wconf 89' lang='lat' dir='ltr'>corporum</span> <span class='ocrx_word' id='word_1_15' title='bbox 1257 394 1301 434; x_wconf 91' lang='lat' dir='ltr'>in</span> 
     </span>
     <span class='ocr_line' id='line_1_4' title="bbox 271 464 1300 515; baseline -0.001 -9"><span class='ocrx_word' id='word_1_16' title='bbox 271 465 616 506; x_wconf 82' lang='lat' dir='ltr'>haemorrhoissae</span> <span class='ocrx_word' id='word_1_17' title='bbox 648 464 889 514; x_wconf 83' lang='lat' dir='ltr'>sanatione3</span> <span class='ocrx_word' id='word_1_18' title='bbox 924 464 969 503; x_wconf 90' lang='lat' dir='ltr'>in</span> <span class='ocrx_word' id='word_1_19' title='bbox 991 464 1187 515; x_wconf 82' lang='lat' dir='ltr'>secunda,</span> <span class='ocrx_word' id='word_1_20' title='bbox 1221 464 1300 505; x_wconf 91' lang='lat' dir='ltr'>Do-</span> 
     </span>
     <span class='ocr_line' id='line_1_5' title="bbox 271 533 1299 586; baseline -0.003 -9"><span class='ocrx_word' id='word_1_21' title='bbox 271 537 414 577; x_wconf 87' lang='lat' dir='ltr'>minus</span> <span class='ocrx_word' id='word_1_22' title='bbox 452 536 694 576; x_wconf 88' lang='lat' dir='ltr'>animarum</span> <span class='ocrx_word' id='word_1_23' title='bbox 737 534 782 573; x_wconf 91' lang='lat' dir='ltr'>in</span> <span class='ocrx_word' id='word_1_24' title='bbox 830 533 981 586; x_wconf 74' lang='lat' dir='ltr'>puellae</span> <span class='ocrx_word' id='word_1_25' title='bbox 1016 534 1299 583; x_wconf 78' lang='lat' dir='ltr'>suscitatione,</span> 
     </span>
     <span class='ocr_line' id='line_1_6' title="bbox 272 603 1299 657; baseline -0.002 -11"><span class='ocrx_word' id='word_1_26' title='bbox 272 607 330 646; x_wconf 85' lang='lat' dir='ltr'>ibi</span> <span class='ocrx_word' id='word_1_27' title='bbox 359 610 412 657; x_wconf 76' lang='lat' dir='ltr'>(v.</span> <span class='ocrx_word' id='word_1_28' title='bbox 435 605 498 657; x_wconf 75' lang='grc'>49)</span> <span class='ocrx_word' id='word_1_29' title='bbox 526 617 536 644; x_wconf 92' lang='lat'>:</span> <span class='ocrx_word' id='word_1_30' title='bbox 564 603 711 644; x_wconf 78' lang='lat' dir='ltr'>Adhuc</span> <span class='ocrx_word' id='word_1_31' title='bbox 734 603 805 646; x_wconf 87' lang='lat' dir='ltr'>illo</span> <span class='ocrx_word' id='word_1_32' title='bbox 833 604 1040 656; x_wconf 74' lang='lat' dir='ltr'>loquente,</span> <span class='ocrx_word' id='word_1_33' title='bbox 1062 606 1139 644; x_wconf 87' lang='lat' dir='ltr'>etc.</span> <span class='ocrx_word' id='word_1_34' title='bbox 1164 604 1299 645; x_wconf 90' lang='lat' dir='ltr'>Intro-</span> 
     </span>
     <span class='ocr_line' id='line_1_7' title="bbox 271 673 1299 726; baseline -0.003 -9"><span class='ocrx_word' id='word_1_35' title='bbox 271 676 440 717; x_wconf 88' lang='lat' dir='ltr'>ducitur</span> <span class='ocrx_word' id='word_1_36' title='bbox 473 677 613 714; x_wconf 88' lang='lat' dir='ltr'>autem</span> <span class='ocrx_word' id='word_1_37' title='bbox 645 673 868 726; x_wconf 80' lang='lat' dir='ltr'>explicatio</span> <span class='ocrx_word' id='word_1_38' title='bbox 907 674 1130 726; x_wconf 87' lang='lat' dir='ltr'>utriusque</span> <span class='ocrx_word' id='word_1_39' title='bbox 1171 674 1299 715; x_wconf 89' lang='lat' dir='ltr'>mira-</span> 
     </span>
     <span class='ocr_line' id='line_1_8' title="bbox 271 745 1301 797; baseline -0.002 -10"><span class='ocrx_word' id='word_1_40' title='bbox 271 748 353 788; x_wconf 87' lang='lat' dir='ltr'>culi</span> <span class='ocrx_word' id='word_1_41' title='bbox 383 746 434 786; x_wconf 88' lang='lat' dir='ltr'>ad</span> <span class='ocrx_word' id='word_1_42' title='bbox 462 745 812 786; x_wconf 77' lang='lat' dir='ltr'>manifestandam</span> <span class='ocrx_word' id='word_1_43' title='bbox 844 745 1095 797; x_wconf 89' lang='lat' dir='ltr'>dignitatem</span> <span class='ocrx_word' id='word_1_44' title='bbox 1131 745 1301 787; x_wconf 89' lang='lat' dir='ltr'>virtutis</span> 
     </span>
     <span class='ocr_line' id='line_1_9' title="bbox 271 815 1301 868; baseline -0.001 -11"><span class='ocrx_word' id='word_1_45' title='bbox 271 816 436 867; x_wconf 86' lang='lat' dir='ltr'>Christi,</span> <span class='ocrx_word' id='word_1_46' title='bbox 473 827 602 868; x_wconf 88' lang='lat' dir='ltr'>quam</span> <span class='ocrx_word' id='word_1_47' title='bbox 633 815 892 856; x_wconf 87' lang='lat' dir='ltr'>demonstrat</span> <span class='ocrx_word' id='word_1_48' title='bbox 919 815 1019 855; x_wconf 91' lang='lat' dir='ltr'>satis</span> <span class='ocrx_word' id='word_1_49' title='bbox 1048 816 1226 867; x_wconf 83' lang='lat' dir='ltr'>perfecte</span> <span class='ocrx_word' id='word_1_50' title='bbox 1256 816 1301 856; x_wconf 89' lang='lat' dir='ltr'>in</span> 
     </span>
     <span class='ocr_line' id='line_1_10' title="bbox 270 885 1299 927; baseline -0.001 -1"><span class='ocrx_word' id='word_1_51' title='bbox 270 886 473 927; x_wconf 87' lang='lat' dir='ltr'>miraculo</span> <span class='ocrx_word' id='word_1_52' title='bbox 520 886 747 926; x_wconf 84' lang='lat' dir='ltr'>curationis</span> <span class='ocrx_word' id='word_1_53' title='bbox 791 886 1147 926; x_wconf 83' lang='lat' dir='ltr'>haemorrhoissae.</span> <span class='ocrx_word' id='word_1_54' title='bbox 1193 885 1299 927; x_wconf 89' lang='lat' dir='ltr'>Nam</span> 
     </span>
     <span class='ocr_line' id='line_1_11' title="bbox 269 956 1300 1010; baseline 0.001 -14"><span class='ocrx_word' id='word_1_55' title='bbox 269 957 407 1010; x_wconf 86' lang='lat' dir='ltr'>primo</span> <span class='ocrx_word' id='word_1_56' title='bbox 426 956 740 997; x_wconf 89' lang='lat' dir='ltr'>demonstratur</span> <span class='ocrx_word' id='word_1_57' title='bbox 759 956 803 995; x_wconf 91' lang='lat' dir='ltr'>in</span> <span class='ocrx_word' id='word_1_58' title='bbox 824 958 942 1008; x_wconf 86' lang='lat' dir='ltr'>parte</span> <span class='ocrx_word' id='word_1_59' title='bbox 962 957 1042 995; x_wconf 89' lang='lat' dir='ltr'>ista</span> <span class='ocrx_word' id='word_1_60' title='bbox 1059 956 1300 1007; x_wconf 82' lang='lat' dir='ltr'>benignitas</span> 
     </span>
     <span class='ocr_line' id='line_1_12' title="bbox 270 1027 1300 1081; baseline -0.001 -13"><span class='ocrx_word' id='word_1_61' title='bbox 270 1028 508 1081; x_wconf 79' lang='lat' dir='ltr'>praesentiae</span> <span class='ocrx_word' id='word_1_62' title='bbox 528 1027 680 1069; x_wconf 80' lang='lat' dir='ltr'>Christi</span> <span class='ocrx_word' id='word_1_63' title='bbox 694 1027 1000 1076; x_wconf 86' lang='lat' dir='ltr'>desiderabilis;</span> <span class='ocrx_word' id='word_1_64' title='bbox 1023 1027 1208 1067; x_wconf 89' lang='lat' dir='ltr'>secundo</span> <span class='ocrx_word' id='word_1_65' title='bbox 1227 1038 1300 1067; x_wconf 91' lang='lat' dir='ltr'>su—</span> 
     </span>
     <span class='ocr_line' id='line_1_13' title="bbox 270 1096 1297 1150; baseline 0 -12"><span class='ocrx_word' id='word_1_66' title='bbox 270 1099 459 1139; x_wconf 89' lang='lat' dir='ltr'>blimitas</span> <span class='ocrx_word' id='word_1_67' title='bbox 491 1097 688 1150; x_wconf 73' lang='lat' dir='ltr'>potentiae</span> <span class='ocrx_word' id='word_1_68' title='bbox 716 1096 988 1147; x_wconf 79' lang='lat' dir='ltr'>admirabilis,</span> <span class='ocrx_word' id='word_1_69' title='bbox 1018 1097 1077 1136; x_wconf 89' lang='lat' dir='ltr'>ibi</span> <span class='ocrx_word' id='word_1_70' title='bbox 1106 1097 1160 1149; x_wconf 87' lang='lat' dir='ltr'>(v.</span> <span class='ocrx_word' id='word_1_71' title='bbox 1189 1097 1254 1149; x_wconf 77' lang='grc'>43)</span> <span class='ocrx_word' id='word_1_72' title='bbox 1289 1111 1297 1138; x_wconf 93' lang='lat'>:</span> 
     </span>
     <span class='ocr_line' id='line_1_14' title="bbox 269 1166 1296 1220; baseline -0.002 -11"><span class='ocrx_word' id='word_1_73' title='bbox 269 1169 324 1210; x_wconf 88' lang='lat' dir='ltr'>Et</span> <span class='ocrx_word' id='word_1_74' title='bbox 370 1168 522 1209; x_wconf 76' lang='lat' dir='ltr'>mulier</span> <span class='ocrx_word' id='word_1_75' title='bbox 565 1167 760 1220; x_wconf 76' lang='lat' dir='ltr'>quoedam</span> <span class='ocrx_word' id='word_1_76' title='bbox 801 1170 893 1209; x_wconf 80' lang='lat' dir='ltr'>erat</span> <span class='ocrx_word' id='word_1_77' title='bbox 925 1168 974 1208; x_wconf 77' lang='lat' dir='ltr'>in</span> <span class='ocrx_word' id='word_1_78' title='bbox 1005 1166 1155 1218; x_wconf 75' lang='lat' dir='ltr'>sluoeu,</span> <span class='ocrx_word' id='word_1_79' title='bbox 1190 1169 1296 1217; x_wconf 88' lang='lat' dir='ltr'>etc.;</span> 
     </span>
     <span class='ocr_line' id='line_1_15' title="bbox 269 1236 1296 1291; baseline -0.003 -12"><span class='ocrx_word' id='word_1_80' title='bbox 269 1238 391 1280; x_wconf 91' lang='lat' dir='ltr'>tertio</span> <span class='ocrx_word' id='word_1_81' title='bbox 411 1237 672 1291; x_wconf 81' lang='lat' dir='ltr'>profunditas</span> <span class='ocrx_word' id='word_1_82' title='bbox 692 1237 908 1289; x_wconf 72' lang='lat' dir='ltr'>sapientiae</span> <span class='ocrx_word' id='word_1_83' title='bbox 926 1236 1171 1287; x_wconf 86' lang='lat' dir='ltr'>infallibilis,</span> <span class='ocrx_word' id='word_1_84' title='bbox 1188 1237 1296 1277; x_wconf 51' lang='lat' dir='ltr'>ibib:</span> 
     </span>
     <span class='ocr_line' id='line_1_16' title="bbox 269 1307 1298 1360; baseline -0.004 -9"><span class='ocrx_word' id='word_1_85' title='bbox 269 1309 326 1352; x_wconf 85' lang='lat' dir='ltr'>Et</span> <span class='ocrx_word' id='word_1_86' title='bbox 349 1309 412 1351; x_wconf 83' lang='lat' dir='ltr'>ait</span> <span class='ocrx_word' id='word_1_87' title='bbox 441 1310 565 1350; x_wconf 80' lang='lat' dir='ltr'>Jesus</span> <span class='ocrx_word' id='word_1_88' title='bbox 589 1320 602 1348; x_wconf 94' lang='lat'>.·</span> <span class='ocrx_word' id='word_1_89' title='bbox 627 1308 735 1360; x_wconf 82' lang='lat' dir='ltr'>Quis</span> <span class='ocrx_word' id='word_1_90' title='bbox 754 1308 907 1359; x_wconf 83' lang='lat' dir='ltr'>estqui</span> <span class='ocrx_word' id='word_1_91' title='bbox 930 1317 992 1348; x_wconf 83' lang='lat' dir='ltr'>me</span> <span class='ocrx_word' id='word_1_92' title='bbox 1016 1307 1187 1359; x_wconf 70' lang='lat' dir='ltr'>tetiqit?</span> <span class='ocrx_word' id='word_1_93' title='bbox 1203 1308 1298 1356; x_wconf 86' lang='lat' dir='ltr'>etc.;</span> 
     </span>
     <span class='ocr_line' id='line_1_17' title="bbox 270 1377 1299 1431; baseline -0.002 -12"><span class='ocrx_word' id='word_1_94' title='bbox 270 1379 517 1431; x_wconf 89' lang='lat' dir='ltr'>Benignitas</span> <span class='ocrx_word' id='word_1_95' title='bbox 530 1381 674 1420; x_wconf 90' lang='lat' dir='ltr'>autem</span> <span class='ocrx_word' id='word_1_96' title='bbox 692 1379 930 1431; x_wconf 84' lang='lat' dir='ltr'>praesentiae</span> <span class='ocrx_word' id='word_1_97' title='bbox 951 1377 1102 1419; x_wconf 83' lang='lat' dir='ltr'>Christi</span> <span class='ocrx_word' id='word_1_98' title='bbox 1115 1377 1299 1418; x_wconf 88' lang='lat' dir='ltr'>ostendi-</span> 
     </span>
     <span class='ocr_line' id='line_1_18' title="bbox 270 1450 1302 1503; baseline -0.002 -11"><span class='ocrx_word' id='word_1_99' title='bbox 270 1455 342 1492; x_wconf 90' lang='lat' dir='ltr'>tur</span> <span class='ocrx_word' id='word_1_100' title='bbox 370 1450 657 1492; x_wconf 86' lang='lat' dir='ltr'>desiderabilis</span> <span class='ocrx_word' id='word_1_101' title='bbox 688 1463 742 1492; x_wconf 86' lang='lat' dir='ltr'>ex</span> <span class='ocrx_word' id='word_1_102' title='bbox 774 1451 894 1503; x_wconf 88' lang='lat' dir='ltr'>plebe</span> <span class='ocrx_word' id='word_1_103' title='bbox 926 1450 1178 1502; x_wconf 86' lang='lat' dir='ltr'>suscipiente</span> <span class='ocrx_word' id='word_1_104' title='bbox 1205 1462 1302 1491; x_wconf 92' lang='lat' dir='ltr'>cum</span> 
     </span>
     <span class='ocr_line' id='line_1_19' title="bbox 271 1521 1299 1575; baseline -0.002 -13"><span class='ocrx_word' id='word_1_105' title='bbox 271 1523 430 1573; x_wconf 83' lang='lat' dir='ltr'>laetitia,</span> <span class='ocrx_word' id='word_1_106' title='bbox 453 1535 507 1563; x_wconf 89' lang='lat' dir='ltr'>ex</span> <span class='ocrx_word' id='word_1_107' title='bbox 526 1522 715 1575; x_wconf 86' lang='lat' dir='ltr'>principe</span> <span class='ocrx_word' id='word_1_108' title='bbox 734 1521 995 1574; x_wconf 87' lang='lat' dir='ltr'>supplicante</span> <span class='ocrx_word' id='word_1_109' title='bbox 1014 1533 1113 1562; x_wconf 92' lang='lat' dir='ltr'>cum</span> <span class='ocrx_word' id='word_1_110' title='bbox 1132 1521 1299 1571; x_wconf 88' lang='lat' dir='ltr'>fiducia,</span> 
     </span>
     <span class='ocr_line' id='line_1_20' title="bbox 272 1590 1304 1633; baseline -0.001 0"><span class='ocrx_word' id='word_1_111' title='bbox 272 1595 314 1633; x_wconf 86' lang='lat' dir='ltr'>et</span> <span class='ocrx_word' id='word_1_112' title='bbox 337 1604 391 1633; x_wconf 88' lang='lat' dir='ltr'>ex</span> <span class='ocrx_word' id='word_1_113' title='bbox 418 1592 689 1633; x_wconf 90' lang='lat' dir='ltr'>multitudine</span> <span class='ocrx_word' id='word_1_114' title='bbox 717 1591 1024 1632; x_wconf 88' lang='lat' dir='ltr'>concomitante</span> <span class='ocrx_word' id='word_1_115' title='bbox 1051 1602 1148 1631; x_wconf 91' lang='lat' dir='ltr'>cum</span> <span class='ocrx_word' id='word_1_116' title='bbox 1172 1590 1304 1632; x_wconf 89' lang='lat' dir='ltr'>bene-</span> 
     </span>
     <span class='ocr_line' id='line_1_21' title="bbox 271 1662 1300 1715; baseline -0.003 -10"><span class='ocrx_word' id='word_1_117' title='bbox 271 1664 469 1705; x_wconf 87' lang='lat' dir='ltr'>volentia.</span> <span class='ocrx_word' id='word_1_118' title='bbox 492 1664 686 1705; x_wconf 88' lang='lat' dir='ltr'>Primum</span> <span class='ocrx_word' id='word_1_119' title='bbox 704 1662 871 1715; x_wconf 89' lang='lat' dir='ltr'>respicit</span> <span class='ocrx_word' id='word_1_120' title='bbox 886 1662 1039 1704; x_wconf 90' lang='lat' dir='ltr'>Christi</span> <span class='ocrx_word' id='word_1_121' title='bbox 1052 1662 1300 1712; x_wconf 88' lang='lat' dir='ltr'>adventum,</span> 
     </span>
     <span class='ocr_line' id='line_1_22' title="bbox 272 1731 1302 1786; baseline -0.001 -12"><span class='ocrx_word' id='word_1_122' title='bbox 272 1734 342 1774; x_wconf 92' lang='lat' dir='ltr'>cui</span> <span class='ocrx_word' id='word_1_123' title='bbox 371 1734 489 1786; x_wconf 87' lang='lat' dir='ltr'>plebs</span> <span class='ocrx_word' id='word_1_124' title='bbox 518 1733 719 1782; x_wconf 83' lang='lat' dir='ltr'>occurrit3</span> <span class='ocrx_word' id='word_1_125' title='bbox 752 1732 1000 1782; x_wconf 88' lang='lat' dir='ltr'>secundum,</span> <span class='ocrx_word' id='word_1_126' title='bbox 1034 1731 1187 1772; x_wconf 84' lang='lat' dir='ltr'>Christi</span> <span class='ocrx_word' id='word_1_127' title='bbox 1217 1734 1302 1773; x_wconf 88' lang='lat' dir='ltr'>sta-</span> 
     </span>
     <span class='ocr_line' id='line_1_23' title="bbox 271 1802 1301 1857; baseline -0.002 -12"><span class='ocrx_word' id='word_1_128' title='bbox 271 1808 381 1855; x_wconf 90' lang='lat' dir='ltr'>tum,</span> <span class='ocrx_word' id='word_1_129' title='bbox 421 1805 474 1846; x_wconf 90' lang='lat' dir='ltr'>ad</span> <span class='ocrx_word' id='word_1_130' title='bbox 517 1816 645 1857; x_wconf 89' lang='lat' dir='ltr'>quem</span> <span class='ocrx_word' id='word_1_131' title='bbox 686 1804 879 1856; x_wconf 86' lang='lat' dir='ltr'>princeps</span> <span class='ocrx_word' id='word_1_132' title='bbox 918 1802 1072 1854; x_wconf 86' lang='lat' dir='ltr'>currit3</span> <span class='ocrx_word' id='word_1_133' title='bbox 1113 1802 1301 1855; x_wconf 90' lang='lat' dir='ltr'>tertium,</span> 
     </span>
     <span class='ocr_line' id='line_1_24' title="bbox 273 1873 1305 1929; baseline -0.002 -12"><span class='ocrx_word' id='word_1_134' title='bbox 273 1876 425 1917; x_wconf 88' lang='lat' dir='ltr'>Christi</span> <span class='ocrx_word' id='word_1_135' title='bbox 444 1885 734 1929; x_wconf 86' lang='lat' dir='ltr'>progressum,</span> <span class='ocrx_word' id='word_1_136' title='bbox 751 1874 804 1915; x_wconf 91' lang='lat' dir='ltr'>ad</span> <span class='ocrx_word' id='word_1_137' title='bbox 823 1885 951 1927; x_wconf 90' lang='lat' dir='ltr'>quem</span> <span class='ocrx_word' id='word_1_138' title='bbox 965 1873 1196 1914; x_wconf 87' lang='lat' dir='ltr'>multitudo</span> <span class='ocrx_word' id='word_1_139' title='bbox 1211 1886 1305 1915; x_wconf 91' lang='lat' dir='ltr'>con-</span> 
     </span>
     <span class='ocr_line' id='line_1_25' title="bbox 273 1945 1301 1996; baseline -0.002 -9"><span class='ocrx_word' id='word_1_140' title='bbox 273 1947 417 1988; x_wconf 86' lang='lat' dir='ltr'>currit.</span> <span class='ocrx_word' id='word_1_141' title='bbox 447 1945 510 1986; x_wconf 81' lang='lat' dir='ltr'>Ex</span> <span class='ocrx_word' id='word_1_142' title='bbox 542 1956 724 1986; x_wconf 88' lang='lat' dir='ltr'>occursu</span> <span class='ocrx_word' id='word_1_143' title='bbox 753 1956 873 1996; x_wconf 86' lang='lat' dir='ltr'>ergo,</span> <span class='ocrx_word' id='word_1_144' title='bbox 902 1946 942 1984; x_wconf 90' lang='lat' dir='ltr'>et</span> <span class='ocrx_word' id='word_1_145' title='bbox 973 1955 1115 1994; x_wconf 84' lang='lat' dir='ltr'>cursu,</span> <span class='ocrx_word' id='word_1_146' title='bbox 1138 1946 1179 1985; x_wconf 88' lang='lat' dir='ltr'>et</span> <span class='ocrx_word' id='word_1_147' title='bbox 1200 1956 1301 1986; x_wconf 88' lang='lat' dir='ltr'>con-</span> 
     </span>
     <span class='ocr_line' id='line_1_26' title="bbox 273 2015 1304 2068; baseline -0.001 -9"><span class='ocrx_word' id='word_1_148' title='bbox 273 2030 403 2060; x_wconf 88' lang='lat' dir='ltr'>cursu</span> <span class='ocrx_word' id='word_1_149' title='bbox 431 2017 731 2068; x_wconf 87' lang='lat' dir='ltr'>multitudinis,</span> <span class='ocrx_word' id='word_1_150' title='bbox 754 2015 1041 2068; x_wconf 90' lang='lat' dir='ltr'>multipliciter</span> <span class='ocrx_word' id='word_1_151' title='bbox 1069 2016 1304 2058; x_wconf 86' lang='lat' dir='ltr'>ostenditur</span> 
     </span>
     <span class='ocr_line' id='line_1_27' title="bbox 272 2086 1300 2143; baseline -0.002 -13"><span class='ocrx_word' id='word_1_152' title='bbox 272 2089 496 2143; x_wconf 76' lang='lat' dir='ltr'>praesentia</span> <span class='ocrx_word' id='word_1_153' title='bbox 527 2091 567 2130; x_wconf 89' lang='lat' dir='ltr'>et</span> <span class='ocrx_word' id='word_1_154' title='bbox 589 2089 794 2130; x_wconf 86' lang='lat' dir='ltr'>adventus</span> <span class='ocrx_word' id='word_1_155' title='bbox 818 2086 971 2127; x_wconf 88' lang='lat' dir='ltr'>Christi</span> <span class='ocrx_word' id='word_1_156' title='bbox 1001 2086 1300 2128; x_wconf 87' lang='lat' dir='ltr'>desiderabilis.</span> 
     </span>
     <span class='ocr_line' id='line_1_28' title="bbox 274 2157 1303 2212; baseline -0.003 -11"><span class='ocrx_word' id='word_1_157' title='bbox 274 2161 416 2202; x_wconf 89' lang='lat' dir='ltr'>Primo</span> <span class='ocrx_word' id='word_1_158' title='bbox 440 2172 561 2212; x_wconf 88' lang='lat' dir='ltr'>ergo,</span> <span class='ocrx_word' id='word_1_159' title='bbox 581 2160 791 2212; x_wconf 85' lang='lat' dir='ltr'>quantum</span> <span class='ocrx_word' id='word_1_160' title='bbox 805 2158 855 2198; x_wconf 89' lang='lat' dir='ltr'>ad</span> <span class='ocrx_word' id='word_1_161' title='bbox 870 2157 1179 2209; x_wconf 90' lang='lat' dir='ltr'>susceptionem</span> <span class='ocrx_word' id='word_1_162' title='bbox 1205 2169 1303 2198; x_wconf 90' lang='lat' dir='ltr'>cum</span> 
     </span>
     <span class='ocr_line' id='line_1_29' title="bbox 274 2229 1306 2283; baseline -0.002 -10"><span class='ocrx_word' id='word_1_163' title='bbox 274 2233 422 2274; x_wconf 87' lang='lat' dir='ltr'>laetitia</span> <span class='ocrx_word' id='word_1_164' title='bbox 434 2233 583 2273; x_wconf 87' lang='lat' dir='ltr'>factam</span> <span class='ocrx_word' id='word_1_165' title='bbox 604 2232 654 2283; x_wconf 82' lang='grc' dir='ltr'>(α)</span> <span class='ocrx_word' id='word_1_166' title='bbox 669 2243 693 2270; x_wconf 93' lang='lat' dir='ltr'>a</span> <span class='ocrx_word' id='word_1_167' title='bbox 706 2230 841 2282; x_wconf 88' lang='lat' dir='ltr'>plebe,</span> <span class='ocrx_word' id='word_1_168' title='bbox 855 2229 1005 2269; x_wconf 90' lang='lat' dir='ltr'>dicitur</span> <span class='ocrx_word' id='word_1_169' title='bbox 1026 2243 1035 2268; x_wconf 69' lang='grc' dir='ltr'><strong>ε</strong></span> <span class='ocrx_word' id='word_1_170' title='bbox 1053 2229 1228 2271; x_wconf 75' lang='lat' dir='ltr'>Factum</span> <span class='ocrx_word' id='word_1_171' title='bbox 1246 2233 1306 2271; x_wconf 79' lang='lat' dir='ltr'>est</span> 
     </span>
     <span class='ocr_line' id='line_1_30' title="bbox 275 2299 1302 2353; baseline -0.007 -8"><span class='ocrx_word' id='word_1_172' title='bbox 275 2307 431 2353; x_wconf 81' lang='lat' dir='ltr'>autem,</span> <span class='ocrx_word' id='word_1_173' title='bbox 454 2313 548 2344; x_wconf 84' lang='lat' dir='ltr'>cum</span> <span class='ocrx_word' id='word_1_174' title='bbox 558 2301 756 2344; x_wconf 76' lang='lat' dir='ltr'>rediisset</span> <span class='ocrx_word' id='word_1_175' title='bbox 774 2300 909 2350; x_wconf 78' lang='lat' dir='ltr'>Jesus,</span> <span class='ocrx_word' id='word_1_176' title='bbox 925 2302 1041 2339; x_wconf 86' lang='lat' dir='ltr'>trans</span> <span class='ocrx_word' id='word_1_177' title='bbox 1054 2299 1209 2339; x_wconf 84' lang='lat' dir='ltr'>fretum</span> <span class='ocrx_word' id='word_1_178' title='bbox 1223 2299 1302 2339; x_wconf 84' lang='lat' dir='ltr'>sci-</span> 
     </span>
     <span class='ocr_line' id='line_1_31' title="bbox 274 2370 1305 2423; baseline -0.005 -8"><span class='ocrx_word' id='word_1_179' title='bbox 274 2375 369 2416; x_wconf 90' lang='lat' dir='ltr'>licet</span> <span class='ocrx_word' id='word_1_180' title='bbox 399 2375 445 2414; x_wconf 91' lang='lat' dir='ltr'>in</span> <span class='ocrx_word' id='word_1_181' title='bbox 470 2373 700 2422; x_wconf 87' lang='lat' dir='ltr'>Galilaeam,</span> <span class='ocrx_word' id='word_1_182' title='bbox 723 2383 820 2412; x_wconf 91' lang='lat' dir='ltr'>cum</span> <span class='ocrx_word' id='word_1_183' title='bbox 839 2370 891 2411; x_wconf 90' lang='lat' dir='ltr'>ad</span> <span class='ocrx_word' id='word_1_184' title='bbox 912 2372 1081 2423; x_wconf 87' lang='lat' dir='ltr'>tempus</span> <span class='ocrx_word' id='word_1_185' title='bbox 1105 2382 1305 2423; x_wconf 89' lang='lat' dir='ltr'>corpora-</span> 
     </span>
     <span class='ocr_line' id='line_1_32' title="bbox 273 2439 1301 2494; baseline -0.005 -8"><span class='ocrx_word' id='word_1_186' title='bbox 273 2446 357 2486; x_wconf 91' lang='lat' dir='ltr'>lem</span> <span class='ocrx_word' id='word_1_187' title='bbox 392 2445 662 2485; x_wconf 83' lang='lat' dir='ltr'>subtraxerat</span> <span class='ocrx_word' id='word_1_188' title='bbox 700 2440 968 2494; x_wconf 83' lang='lat' dir='ltr'>praesentiam</span> <span class='ocrx_word' id='word_1_189' title='bbox 1002 2439 1301 2491; x_wconf 88' lang='lat' dir='ltr'>desideratam,</span> 
     </span>
     <span class='ocr_line' id='line_1_33' title="bbox 269 2510 1301 2569; baseline -0.004 -13"><span class='ocrx_word' id='word_1_190' title='bbox 269 2518 395 2569; x_wconf 74' lang='lat' dir='ltr'>Juxta</span> <span class='ocrx_word' id='word_1_191' title='bbox 407 2515 510 2555; x_wconf 91' lang='lat' dir='ltr'>illud</span> <span class='ocrx_word' id='word_1_192' title='bbox 524 2514 637 2567; x_wconf 91' lang='lat' dir='ltr'>quod</span> <span class='ocrx_word' id='word_1_193' title='bbox 650 2513 871 2564; x_wconf 88' lang='lat' dir='ltr'>signatum</span> <span class='ocrx_word' id='word_1_194' title='bbox 885 2513 948 2551; x_wconf 89' lang='lat' dir='ltr'>est</span> <span class='ocrx_word' id='word_1_195' title='bbox 962 2511 1012 2551; x_wconf 92' lang='lat' dir='ltr'>de</span> <span class='ocrx_word' id='word_1_196' title='bbox 1029 2510 1253 2552; x_wconf 84' lang='lat' dir='ltr'>Salomone</span> <span class='ocrx_word' id='word_1_197' title='bbox 1269 2513 1277 2533; x_wconf 90' lang='lat'><strong>¹</strong></span> <span class='ocrx_word' id='word_1_198' title='bbox 1292 2524 1301 2552; x_wconf 91' lang='lat'><strong>:</strong></span> 
     </span>
     <span class='ocr_line' id='line_1_34' title="bbox 280 2581 1306 2627; baseline -0.004 0"><span class='ocrx_word' id='word_1_199' title='bbox 280 2603 299 2626; x_wconf 77' lang='grc' dir='ltr'>α</span> <span class='ocrx_word' id='word_1_200' title='bbox 332 2586 538 2627; x_wconf 86' lang='lat' dir='ltr'>Universa</span> <span class='ocrx_word' id='word_1_201' title='bbox 567 2588 679 2625; x_wconf 89' lang='lat' dir='ltr'>terra</span> <span class='ocrx_word' id='word_1_202' title='bbox 704 2582 965 2624; x_wconf 86' lang='lat' dir='ltr'>desiderabat</span> <span class='ocrx_word' id='word_1_203' title='bbox 989 2581 1155 2622; x_wconf 91' lang='lat' dir='ltr'>vultum</span> <span class='ocrx_word' id='word_1_204' title='bbox 1186 2581 1306 2623; x_wconf 89' lang='lat' dir='ltr'>Salo-</span> 
     </span>
     <span class='ocr_line' id='line_1_35' title="bbox 274 2652 1305 2707; baseline -0.004 -10"><span class='ocrx_word' id='word_1_205' title='bbox 274 2656 427 2707; x_wconf 89' lang='lat' dir='ltr'>monis,</span> <span class='ocrx_word' id='word_1_206' title='bbox 445 2658 494 2697; x_wconf 91' lang='lat' dir='ltr'>ut</span> <span class='ocrx_word' id='word_1_207' title='bbox 509 2655 674 2696; x_wconf 88' lang='lat' dir='ltr'>audiret</span> <span class='ocrx_word' id='word_1_208' title='bbox 693 2652 941 2705; x_wconf 87' lang='lat' dir='ltr'>sapientiam</span> <span class='ocrx_word' id='word_1_209' title='bbox 962 2653 1067 2704; x_wconf 87' lang='lat' dir='ltr'>ejus,</span> <span class='ocrx_word' id='word_1_210' title='bbox 1090 2664 1220 2705; x_wconf 87' lang='lat' dir='ltr'>quam</span> <span class='ocrx_word' id='word_1_211' title='bbox 1240 2653 1305 2693; x_wconf 93' lang='lat' dir='ltr'>de-</span> 
     </span>
     <span class='ocr_line' id='line_1_36' title="bbox 275 2723 1305 2776; baseline -0.003 -9"><span class='ocrx_word' id='word_1_212' title='bbox 275 2727 391 2767; x_wconf 86' lang='lat' dir='ltr'>derat</span> <span class='ocrx_word' id='word_1_213' title='bbox 418 2727 527 2767; x_wconf 90' lang='lat' dir='ltr'>Deus</span> <span class='ocrx_word' id='word_1_214' title='bbox 548 2727 593 2766; x_wconf 93' lang='lat' dir='ltr'>in</span> <span class='ocrx_word' id='word_1_215' title='bbox 614 2725 736 2766; x_wconf 88' lang='lat' dir='ltr'>corde</span> <span class='ocrx_word' id='word_1_216' title='bbox 751 2726 859 2776; x_wconf 56' lang='lat' dir='ltr'>ejus</span> <span class='ocrx_word' id='word_1_217' title='bbox 881 2738 900 2761; x_wconf 81' lang='grc'>))</span> <span class='ocrx_word' id='word_1_218' title='bbox 932 2723 1011 2764; x_wconf 91' lang='lat' dir='ltr'>Per</span> <span class='ocrx_word' id='word_1_219' title='bbox 1030 2723 1159 2763; x_wconf 91' lang='lat' dir='ltr'>istum</span> <span class='ocrx_word' id='word_1_220' title='bbox 1188 2723 1305 2764; x_wconf 89' lang='lat' dir='ltr'>Salo-</span> 
     </span>
     <span class='ocr_line' id='line_1_37' title="bbox 275 2794 1305 2848; baseline -0.002 -12"><span class='ocrx_word' id='word_1_221' title='bbox 275 2808 446 2837; x_wconf 83' lang='lat' dir='ltr'>monem</span> <span class='ocrx_word' id='word_1_222' title='bbox 484 2796 761 2848; x_wconf 79' lang='lat' dir='ltr'>intelligimus</span> <span class='ocrx_word' id='word_1_223' title='bbox 791 2794 1024 2844; x_wconf 78' lang='lat' dir='ltr'>Christum,</span> <span class='ocrx_word' id='word_1_224' title='bbox 1056 2794 1107 2834; x_wconf 90' lang='lat' dir='ltr'>de</span> <span class='ocrx_word' id='word_1_225' title='bbox 1145 2806 1230 2846; x_wconf 87' lang='lat' dir='ltr'>quo</span> <span class='ocrx_word' id='word_1_226' title='bbox 1260 2794 1305 2834; x_wconf 89' lang='lat' dir='ltr'>in</span> 
     </span>
     <span class='ocr_line' id='line_1_38' title="bbox 277 2865 1304 2919; baseline 0 -12"><span class='ocrx_word' id='word_1_227' title='bbox 277 2867 446 2909; x_wconf 80' lang='lat' dir='ltr'>Psalmo</span> <span class='ocrx_word' id='word_1_228' title='bbox 465 2870 479 2891; x_wconf 77' lang='lat'>2</span> <span class='ocrx_word' id='word_1_229' title='bbox 511 2882 520 2908; x_wconf 77' lang='grc' dir='ltr'>ε</span> <span class='ocrx_word' id='word_1_230' title='bbox 552 2882 570 2904; x_wconf 80' lang='grc' dir='ltr'>α</span> <span class='ocrx_word' id='word_1_231' title='bbox 591 2866 811 2919; x_wconf 88' lang='lat' dir='ltr'>Speciosus</span> <span class='ocrx_word' id='word_1_232' title='bbox 837 2867 972 2906; x_wconf 87' lang='lat' dir='ltr'>forma</span> <span class='ocrx_word' id='word_1_233' title='bbox 998 2877 1086 2917; x_wconf 83' lang='lat' dir='ltr'>prae</span> <span class='ocrx_word' id='word_1_234' title='bbox 1105 2865 1202 2905; x_wconf 87' lang='lat' dir='ltr'>filiis</span> <span class='ocrx_word' id='word_1_235' title='bbox 1227 2866 1304 2907; x_wconf 91' lang='lat' dir='ltr'>ho-</span> 
     </span>
     <span class='ocr_line' id='line_1_39' title="bbox 276 2936 1304 2988; baseline 0.002 -11"><span class='ocrx_word' id='word_1_236' title='bbox 276 2938 459 2988; x_wconf 89' lang='lat' dir='ltr'>minum,</span> <span class='ocrx_word' id='word_1_237' title='bbox 480 2952 498 2976; x_wconf 81' lang='lat'>›)</span> <span class='ocrx_word' id='word_1_238' title='bbox 525 2940 602 2978; x_wconf 87' lang='lat' dir='ltr'>etc.</span> <span class='ocrx_word' id='word_1_239' title='bbox 628 2937 678 2978; x_wconf 89' lang='lat' dir='ltr'>Et</span> <span class='ocrx_word' id='word_1_240' title='bbox 705 2937 797 2977; x_wconf 89' lang='lat' dir='ltr'>ideo</span> <span class='ocrx_word' id='word_1_241' title='bbox 818 2937 970 2977; x_wconf 83' lang='lat' dir='ltr'>dicitur</span> <span class='ocrx_word' id='word_1_242' title='bbox 1001 2948 1011 2976; x_wconf 72' lang='grc' dir='ltr'>ε</span> <span class='ocrx_word' id='word_1_243' title='bbox 1038 2936 1220 2988; x_wconf 69' lang='lat' dir='ltr'>Eoecepit</span> <span class='ocrx_word' id='word_1_244' title='bbox 1247 2938 1304 2979; x_wconf 84' lang='lat' dir='ltr'>il-</span> 
     </span>
     <span class='ocr_line' id='line_1_40' title="bbox 276 3007 1307 3059; baseline -0.002 -9"><span class='ocrx_word' id='word_1_245' title='bbox 276 3009 364 3050; x_wconf 84' lang='lat' dir='ltr'>lum</span> <span class='ocrx_word' id='word_1_246' title='bbox 384 3009 524 3058; x_wconf 76' lang='lat' dir='ltr'>turba,</span> <span class='ocrx_word' id='word_1_247' title='bbox 547 3009 701 3049; x_wconf 85' lang='lat' dir='ltr'>scilicet</span> <span class='ocrx_word' id='word_1_248' title='bbox 721 3019 819 3048; x_wconf 89' lang='lat' dir='ltr'>cum</span> <span class='ocrx_word' id='word_1_249' title='bbox 838 3007 982 3048; x_wconf 83' lang='lat' dir='ltr'>laetitia</span> <span class='ocrx_word' id='word_1_250' title='bbox 1001 3010 1041 3048; x_wconf 89' lang='lat' dir='ltr'>et</span> <span class='ocrx_word' id='word_1_251' title='bbox 1064 3008 1236 3059; x_wconf 76' lang='lat' dir='ltr'>gaudIo,</span> <span class='ocrx_word' id='word_1_252' title='bbox 1259 3011 1307 3049; x_wconf 88' lang='lat' dir='ltr'>ut</span> 
     </span>
     <span class='ocr_line' id='line_1_41' title="bbox 277 3080 1307 3134; baseline -0.002 -12"><span class='ocrx_word' id='word_1_253' title='bbox 277 3082 336 3122; x_wconf 91' lang='lat' dir='ltr'>sic</span> <span class='ocrx_word' id='word_1_254' title='bbox 358 3082 605 3134; x_wconf 88' lang='lat' dir='ltr'>impleretur</span> <span class='ocrx_word' id='word_1_255' title='bbox 622 3080 725 3121; x_wconf 90' lang='lat' dir='ltr'>illud</span> <span class='ocrx_word' id='word_1_256' title='bbox 745 3081 872 3122; x_wconf 75' lang='lat' dir='ltr'>Isaioe</span> <span class='ocrx_word' id='word_1_257' title='bbox 894 3081 908 3103; x_wconf 74' lang='lat'>³</span> <span class='ocrx_word' id='word_1_258' title='bbox 929 3094 939 3120; x_wconf 75' lang='grc' dir='ltr'>ι</span> <span class='ocrx_word' id='word_1_259' title='bbox 970 3080 1166 3121; x_wconf 86' lang='lat' dir='ltr'>«Addent</span> <span class='ocrx_word' id='word_1_260' title='bbox 1185 3080 1307 3121; x_wconf 90' lang='lat' dir='ltr'>mites</span> 
     </span>
     <span class='ocr_line' id='line_1_42' title="bbox 275 3151 1306 3204; baseline -0.003 -11"><span class='ocrx_word' id='word_1_261' title='bbox 275 3153 320 3193; x_wconf 90' lang='lat' dir='ltr'>in</span> <span class='ocrx_word' id='word_1_262' title='bbox 340 3152 516 3193; x_wconf 91' lang='lat' dir='ltr'>Domino</span> <span class='ocrx_word' id='word_1_263' title='bbox 533 3152 739 3201; x_wconf 83' lang='lat' dir='ltr'>laetitiam,</span> <span class='ocrx_word' id='word_1_264' title='bbox 765 3154 805 3192; x_wconf 87' lang='lat' dir='ltr'>et</span> <span class='ocrx_word' id='word_1_265' title='bbox 827 3163 1032 3204; x_wconf 87' lang='lat' dir='ltr'>pauperes</span> <span class='ocrx_word' id='word_1_266' title='bbox 1050 3151 1246 3191; x_wconf 88' lang='lat' dir='ltr'>homines</span> <span class='ocrx_word' id='word_1_267' title='bbox 1263 3151 1306 3190; x_wconf 88' lang='lat' dir='ltr'>in</span> 
     </span>
     <span class='ocr_line' id='line_1_43' title="bbox 276 3221 1303 3265; baseline -0.004 -1"><span class='ocrx_word' id='word_1_268' title='bbox 276 3226 420 3265; x_wconf 90' lang='lat' dir='ltr'>sancto</span> <span class='ocrx_word' id='word_1_269' title='bbox 449 3223 578 3263; x_wconf 88' lang='lat' dir='ltr'>lsrael</span> <span class='ocrx_word' id='word_1_270' title='bbox 601 3222 866 3263; x_wconf 84' lang='lat' dir='ltr'>exultabunt.</span> <span class='ocrx_word' id='word_1_271' title='bbox 893 3236 912 3259; x_wconf 86' lang='grc'>»</span> <span class='ocrx_word' id='word_1_272' title='bbox 951 3221 1046 3262; x_wconf 89' lang='lat' dir='ltr'>Ideo</span> <span class='ocrx_word' id='word_1_273' title='bbox 1075 3221 1268 3262; x_wconf 88' lang='lat' dir='ltr'>subditur</span> <span class='ocrx_word' id='word_1_274' title='bbox 1295 3233 1303 3260; x_wconf 94' lang='lat'><strong>:</strong></span> 
     </span>
     <span class='ocr_line' id='line_1_44' title="bbox 277 3293 1308 3346; baseline -0.004 -9"><span class='ocrx_word' id='word_1_275' title='bbox 277 3296 416 3338; x_wconf 77' lang='lat' dir='ltr'>Erant</span> <span class='ocrx_word' id='word_1_276' title='bbox 429 3296 543 3337; x_wconf 74' lang='lat' dir='ltr'>enim</span> <span class='ocrx_word' id='word_1_277' title='bbox 565 3293 612 3346; x_wconf 82' lang='lat' dir='ltr'>(b)</span> <span class='ocrx_word' id='word_1_278' title='bbox 631 3303 771 3335; x_wconf 75' lang='lat' dir='ltr'>omnes</span> <span class='ocrx_word' id='word_1_279' title='bbox 791 3295 1053 3345; x_wconf 75' lang='lat' dir='ltr'>eoepectantes</span> <span class='ocrx_word' id='word_1_280' title='bbox 1072 3303 1185 3343; x_wconf 70' lang='lat' dir='ltr'>euin,</span> <span class='ocrx_word' id='word_1_281' title='bbox 1209 3304 1308 3334; x_wconf 90' lang='lat' dir='ltr'>cum</span> 
     </span>
    </p>
   </div>
   <div class='ocr_carea' id='block_1_3' title="bbox 279 3375 1310 3558">
    <p class='ocr_par' dir='ltr' id='par_1_3' title="bbox 279 3375 1310 3558">
     <span class='ocr_line' id='line_1_45' title="bbox 319 3375 1306 3417; baseline -0.001 -10"><span class='ocrx_word' id='word_1_282' title='bbox 319 3378 327 3395; x_wconf 92' lang='lat'><strong>¹</strong></span> <span class='ocrx_word' id='word_1_283' title='bbox 353 3378 394 3408; x_wconf 93' lang='lat' dir='ltr'>lll</span> <span class='ocrx_word' id='word_1_284' title='bbox 417 3377 507 3417; x_wconf 65' lang='grc' dir='ltr'>Κεφ,</span> <span class='ocrx_word' id='word_1_285' title='bbox 528 3384 564 3416; x_wconf 79' lang='lat' dir='ltr'>x,</span> <span class='ocrx_word' id='word_1_286' title='bbox 582 3376 633 3408; x_wconf 72' lang='lat'>24.</span> <span class='ocrx_word' id='word_1_287' title='bbox 655 3392 695 3398; x_wconf 94' lang='lat'><strong>—</strong></span> <span class='ocrx_word' id='word_1_288' title='bbox 714 3376 727 3397; x_wconf 77' lang='lat'><strong>²</strong></span> <span class='ocrx_word' id='word_1_289' title='bbox 746 3375 836 3407; x_wconf 82' lang='lat' dir='ltr'>Psal.</span> <span class='ocrx_word' id='word_1_290' title='bbox 857 3383 951 3416; x_wconf 75' lang='lat' dir='ltr'>xmv,</span> <span class='ocrx_word' id='word_1_291' title='bbox 971 3377 1002 3406; x_wconf 89' lang='lat'>3.</span> <span class='ocrx_word' id='word_1_292' title='bbox 1023 3392 1062 3399; x_wconf 92' lang='lat'>—</span> <span class='ocrx_word' id='word_1_293' title='bbox 1083 3375 1095 3396; x_wconf 76' lang='grc'><strong>3</strong></span> <span class='ocrx_word' id='word_1_294' title='bbox 1111 3375 1187 3415; x_wconf 85' lang='lat' dir='ltr'>Isa.,</span> <span class='ocrx_word' id='word_1_295' title='bbox 1209 3383 1306 3413; x_wconf 78' lang='lat' dir='ltr'>xxix,</span> 
     </span>
     <span class='ocr_line' id='line_1_46' title="bbox 281 3422 1305 3463; baseline -0.002 -8"><span class='ocrx_word' id='word_1_296' title='bbox 281 3426 329 3456; x_wconf 85' lang='lat'>19.</span> <span class='ocrx_word' id='word_1_297' title='bbox 356 3441 396 3446; x_wconf 97' lang='lat'><strong>—</strong></span> <span class='ocrx_word' id='word_1_298' title='bbox 421 3425 434 3446; x_wconf 72' lang='lat'>⁸</span> <span class='ocrx_word' id='word_1_299' title='bbox 462 3424 593 3463; x_wconf 59' lang='lat' dir='ltr'>Tho-en„</span> <span class='ocrx_word' id='word_1_300' title='bbox 615 3431 674 3461; x_wconf 85' lang='lat'>111,</span> <span class='ocrx_word' id='word_1_301' title='bbox 703 3425 760 3462; x_wconf 77' lang='lat'>26,</span> <span class='ocrx_word' id='word_1_302' title='bbox 780 3424 832 3453; x_wconf 74' lang='lat'>27.</span> <span class='ocrx_word' id='word_1_303' title='bbox 853 3440 892 3445; x_wconf 83' lang='lat'><em>-</em></span> <span class='ocrx_word' id='word_1_304' title='bbox 918 3424 931 3445; x_wconf 59' lang='grc' dir='ltr'><em>ὃ</em></span> <span class='ocrx_word' id='word_1_305' title='bbox 951 3422 1046 3462; x_wconf 66' lang='lat' dir='ltr'>Gen„</span> <span class='ocrx_word' id='word_1_306' title='bbox 1073 3430 1174 3462; x_wconf 74' lang='lat' dir='ltr'>xmx,</span> <span class='ocrx_word' id='word_1_307' title='bbox 1198 3426 1246 3454; x_wconf 81' lang='lat'>10.</span> <span class='ocrx_word' id='word_1_308' title='bbox 1270 3439 1305 3443; x_wconf 92' lang='lat'><strong>—</strong></span> 
     </span>
     <span class='ocr_line' id='line_1_47' title="bbox 279 3467 1306 3509; baseline -0.002 -9"><span class='ocrx_word' id='word_1_309' title='bbox 279 3470 292 3490; x_wconf 69' lang='grc' dir='ltr'>θ</span> <span class='ocrx_word' id='word_1_310' title='bbox 312 3469 401 3501; x_wconf 77' lang='lat' dir='ltr'>Psal.</span> <span class='ocrx_word' id='word_1_311' title='bbox 421 3477 516 3507; x_wconf 75' lang='lat' dir='ltr'>XXVI,</span> <span class='ocrx_word' id='word_1_312' title='bbox 538 3471 587 3501; x_wconf 79' lang='lat'>14.</span> <span class='ocrx_word' id='word_1_313' title='bbox 608 3486 648 3492; x_wconf 92' lang='lat'>—</span> <span class='ocrx_word' id='word_1_314' title='bbox 672 3468 683 3488; x_wconf 87' lang='lat'>7</span> <span class='ocrx_word' id='word_1_315' title='bbox 709 3469 735 3499; x_wconf 92' lang='lat' dir='ltr'>ll</span> <span class='ocrx_word' id='word_1_316' title='bbox 758 3469 848 3509; x_wconf 60' lang='grc' dir='ltr'>Κεφ,</span> <span class='ocrx_word' id='word_1_317' title='bbox 869 3476 928 3507; x_wconf 61' lang='grc' dir='ltr'>νυ,</span> <span class='ocrx_word' id='word_1_318' title='bbox 949 3469 979 3499; x_wconf 86' lang='grc'>9.</span> <span class='ocrx_word' id='word_1_319' title='bbox 996 3484 1036 3490; x_wconf 92' lang='lat'>——</span> <span class='ocrx_word' id='word_1_320' title='bbox 1056 3467 1069 3488; x_wconf 81' lang='lat'>⁸</span> <span class='ocrx_word' id='word_1_321' title='bbox 1088 3467 1205 3506; x_wconf 77' lang='lat' dir='ltr'>Ecclz&#39;.‚</span> <span class='ocrx_word' id='word_1_322' title='bbox 1228 3475 1306 3506; x_wconf 69' lang='lat' dir='ltr'>XLV,</span> 
     </span>
     <span class='ocr_line' id='line_1_48' title="bbox 281 3514 1310 3558; baseline -0.002 -11"><span class='ocrx_word' id='word_1_323' title='bbox 281 3518 331 3548; x_wconf 80' lang='lat'>30.</span> <span class='ocrx_word' id='word_1_324' title='bbox 354 3535 389 3539; x_wconf 75' lang='lat'>—</span> <span class='ocrx_word' id='word_1_325' title='bbox 413 3518 424 3535; x_wconf 82' lang='lat'><strong>⁹</strong></span> <span class='ocrx_word' id='word_1_326' title='bbox 445 3518 456 3548; x_wconf 95' lang='lat'>1</span> <span class='ocrx_word' id='word_1_327' title='bbox 479 3517 570 3558; x_wconf 66' lang='lat' dir='ltr'>neq„</span> <span class='ocrx_word' id='word_1_328' title='bbox 591 3524 628 3556; x_wconf 90' lang='lat'>11,</span> <span class='ocrx_word' id='word_1_329' title='bbox 649 3517 678 3548; x_wconf 85' lang='lat'>8.</span> <span class='ocrx_word' id='word_1_330' title='bbox 700 3532 739 3539; x_wconf 94' lang='lat'><strong>—</strong></span> <span class='ocrx_word' id='word_1_331' title='bbox 760 3516 786 3539; x_wconf 71' lang='lat'>¹⁰</span> <span class='ocrx_word' id='word_1_332' title='bbox 804 3514 923 3554; x_wconf 80' lang='lat' dir='ltr'>Ecclz‘.,</span> <span class='ocrx_word' id='word_1_333' title='bbox 943 3522 1053 3553; x_wconf 77' lang='lat' dir='ltr'>xxxii,</span> <span class='ocrx_word' id='word_1_334' title='bbox 1076 3516 1105 3545; x_wconf 85' lang='lat'>1.</span> <span class='ocrx_word' id='word_1_335' title='bbox 1125 3532 1166 3537; x_wconf 98' lang='lat'><strong>—</strong></span> <span class='ocrx_word' id='word_1_336' title='bbox 1187 3516 1205 3535; x_wconf 88' lang='lat'>¹¹</span> <span class='ocrx_word' id='word_1_337' title='bbox 1229 3515 1310 3554; x_wconf 80' lang='lat' dir='ltr'>Isa.‚</span> 
     </span>
    </p>
   </div>
   <div class='ocr_carea' id='block_1_4' title="bbox 1374 327 2538 3337">
    <p class='ocr_par' dir='ltr' id='par_1_4' title="bbox 1375 327 2409 799">
     <span class='ocr_line' id='line_1_49' title="bbox 1378 327 2407 381; baseline 0.003 -14"><span class='ocrx_word' id='word_1_338' title='bbox 1378 327 1583 369; x_wconf 89' lang='lat' dir='ltr'>desiderio</span> <span class='ocrx_word' id='word_1_339' title='bbox 1609 327 1778 378; x_wconf 88' lang='lat' dir='ltr'>scilicet,</span> <span class='ocrx_word' id='word_1_340' title='bbox 1800 328 1902 380; x_wconf 86' lang='lat' dir='ltr'>quia</span> <span class='ocrx_word' id='word_1_341' title='bbox 1922 328 1935 349; x_wconf 76' lang='lat'>¹’</span> <span class='ocrx_word' id='word_1_342' title='bbox 1963 343 1983 367; x_wconf 79' lang='grc' dir='ltr'>α</span> <span class='ocrx_word' id='word_1_343' title='bbox 2007 329 2169 370; x_wconf 89' lang='lat' dir='ltr'>bonum</span> <span class='ocrx_word' id='word_1_344' title='bbox 2188 330 2250 370; x_wconf 91' lang='lat' dir='ltr'>est</span> <span class='ocrx_word' id='word_1_345' title='bbox 2276 337 2407 381; x_wconf 87' lang='lat' dir='ltr'>praes-</span> 
     </span>
     <span class='ocr_line' id='line_1_50' title="bbox 1376 397 2408 440; baseline 0.003 -4"><span class='ocrx_word' id='word_1_346' title='bbox 1376 397 1500 437; x_wconf 87' lang='lat' dir='ltr'>tolari</span> <span class='ocrx_word' id='word_1_347' title='bbox 1532 409 1632 438; x_wconf 88' lang='lat' dir='ltr'>cum</span> <span class='ocrx_word' id='word_1_348' title='bbox 1658 398 1823 438; x_wconf 91' lang='lat' dir='ltr'>silentio</span> <span class='ocrx_word' id='word_1_349' title='bbox 1849 397 2042 440; x_wconf 89' lang='lat' dir='ltr'>Salutare</span> <span class='ocrx_word' id='word_1_350' title='bbox 2070 400 2157 440; x_wconf 89' lang='lat' dir='ltr'>Dei.</span> <span class='ocrx_word' id='word_1_351' title='bbox 2178 399 2318 440; x_wconf 90' lang='lat' dir='ltr'>Bonus</span> <span class='ocrx_word' id='word_1_352' title='bbox 2347 400 2408 439; x_wconf 91' lang='lat' dir='ltr'>est</span> 
     </span>
     <span class='ocr_line' id='line_1_51' title="bbox 1377 467 2408 522; baseline 0.003 -15"><span class='ocrx_word' id='word_1_353' title='bbox 1377 467 1580 509; x_wconf 89' lang='lat' dir='ltr'>Dominus</span> <span class='ocrx_word' id='word_1_354' title='bbox 1607 468 1874 520; x_wconf 83' lang='lat' dir='ltr'>sperantibus</span> <span class='ocrx_word' id='word_1_355' title='bbox 1902 468 1946 508; x_wconf 89' lang='lat' dir='ltr'>in</span> <span class='ocrx_word' id='word_1_356' title='bbox 1973 481 2086 520; x_wconf 88' lang='lat' dir='ltr'>eum,</span> <span class='ocrx_word' id='word_1_357' title='bbox 2107 471 2260 511; x_wconf 84' lang='lat' dir='ltr'>animae</span> <span class='ocrx_word' id='word_1_358' title='bbox 2287 480 2408 522; x_wconf 81' lang='lat' dir='ltr'>quae-</span> 
     </span>
     <span class='ocr_line' id='line_1_52' title="bbox 1375 538 2408 591; baseline 0.002 -13"><span class='ocrx_word' id='word_1_359' title='bbox 1375 538 1484 578; x_wconf 88' lang='lat' dir='ltr'>renti</span> <span class='ocrx_word' id='word_1_360' title='bbox 1496 538 1631 580; x_wconf 87' lang='lat' dir='ltr'>illum.</span> <span class='ocrx_word' id='word_1_361' title='bbox 1645 553 1664 576; x_wconf 86' lang='lat'>»</span> <span class='ocrx_word' id='word_1_362' title='bbox 1680 542 1692 563; x_wconf 58' lang='grc' dir='ltr'>ὅ</span> <span class='ocrx_word' id='word_1_363' title='bbox 1707 553 1725 577; x_wconf 72' lang='grc' dir='ltr'>(ι</span> <span class='ocrx_word' id='word_1_364' title='bbox 1743 538 1834 591; x_wconf 86' lang='lat' dir='ltr'>Ipse</span> <span class='ocrx_word' id='word_1_365' title='bbox 1847 538 1962 578; x_wconf 89' lang='lat' dir='ltr'>enim</span> <span class='ocrx_word' id='word_1_366' title='bbox 1973 538 2052 578; x_wconf 89' lang='lat' dir='ltr'>erit</span> <span class='ocrx_word' id='word_1_367' title='bbox 2064 539 2295 590; x_wconf 80' lang='lat' dir='ltr'>expectatio</span> <span class='ocrx_word' id='word_1_368' title='bbox 2307 551 2408 591; x_wconf 89' lang='lat' dir='ltr'>gen-</span> 
     </span>
     <span class='ocr_line' id='line_1_53' title="bbox 1375 607 2409 660; baseline 0.003 -14"><span class='ocrx_word' id='word_1_369' title='bbox 1375 607 1498 648; x_wconf 90' lang='lat' dir='ltr'>tium.</span> <span class='ocrx_word' id='word_1_370' title='bbox 1513 621 1532 645; x_wconf 74' lang='grc'>))</span> <span class='ocrx_word' id='word_1_371' title='bbox 1548 613 1561 633; x_wconf 77' lang='lat'>⁶</span> <span class='ocrx_word' id='word_1_372' title='bbox 1582 608 1796 660; x_wconf 83' lang='lat' dir='ltr'>«Expecta</span> <span class='ocrx_word' id='word_1_373' title='bbox 1814 607 2056 657; x_wconf 89' lang='lat' dir='ltr'>Dominum,</span> <span class='ocrx_word' id='word_1_374' title='bbox 2069 608 2247 648; x_wconf 88' lang='lat' dir='ltr'>viriliter</span> <span class='ocrx_word' id='word_1_375' title='bbox 2256 621 2350 660; x_wconf 86' lang='lat' dir='ltr'>age,</span> <span class='ocrx_word' id='word_1_376' title='bbox 2368 612 2409 649; x_wconf 88' lang='lat' dir='ltr'>et</span> 
     </span>
     <span class='ocr_line' id='line_1_54' title="bbox 1376 677 2402 729; baseline -0.001 -12"><span class='ocrx_word' id='word_1_377' title='bbox 1376 678 1632 718; x_wconf 89' lang='lat' dir='ltr'>confortetur</span> <span class='ocrx_word' id='word_1_378' title='bbox 1650 689 1721 718; x_wconf 91' lang='lat' dir='ltr'>cor</span> <span class='ocrx_word' id='word_1_379' title='bbox 1734 679 1874 727; x_wconf 88' lang='lat' dir='ltr'>tuum,</span> <span class='ocrx_word' id='word_1_380' title='bbox 1890 678 1931 717; x_wconf 91' lang='lat' dir='ltr'>et</span> <span class='ocrx_word' id='word_1_381' title='bbox 1951 677 2110 717; x_wconf 86' lang='lat' dir='ltr'>sustine</span> <span class='ocrx_word' id='word_1_382' title='bbox 2128 677 2367 729; x_wconf 87' lang='lat' dir='ltr'>Dominum,</span> <span class='ocrx_word' id='word_1_383' title='bbox 2383 693 2402 716; x_wconf 73' lang='lat' dir='ltr'>n</span> 
     </span>
     <span class='ocr_line' id='line_1_55' title="bbox 1375 746 1878 799; baseline -0.002 -12"><span class='ocrx_word' id='word_1_384' title='bbox 1375 747 1474 788; x_wconf 90' lang='lat' dir='ltr'>dicit</span> <span class='ocrx_word' id='word_1_385' title='bbox 1497 746 1878 799; x_wconf 81' lang='lat' dir='ltr'>psalmographus.</span> 
     </span>
    </p>

    <p class='ocr_par' dir='ltr' id='par_1_5' title="bbox 1374 816 2538 3337">
     <span class='ocr_line' id='line_1_56' title="bbox 1429 816 2408 870; baseline 0 -12"><span class='ocrx_word' id='word_1_386' title='bbox 1429 817 1638 868; x_wconf 86' lang='lat' dir='ltr'>Secundo,</span> <span class='ocrx_word' id='word_1_387' title='bbox 1650 819 1859 870; x_wconf 88' lang='lat' dir='ltr'>quantum</span> <span class='ocrx_word' id='word_1_388' title='bbox 1875 816 1927 856; x_wconf 90' lang='lat' dir='ltr'>ad</span> <span class='ocrx_word' id='word_1_389' title='bbox 1939 816 2288 868; x_wconf 86' lang='lat' dir='ltr'>supplicationem</span> <span class='ocrx_word' id='word_1_390' title='bbox 2310 829 2408 858; x_wconf 89' lang='lat' dir='ltr'>cum</span> 
     </span>
     <span class='ocr_line' id='line_1_57' title="bbox 1375 885 2405 939; baseline -0.001 -11"><span class='ocrx_word' id='word_1_391' title='bbox 1375 887 1530 928; x_wconf 87' lang='lat' dir='ltr'>fiducia</span> <span class='ocrx_word' id='word_1_392' title='bbox 1554 888 1707 927; x_wconf 89' lang='lat' dir='ltr'>factam</span> <span class='ocrx_word' id='word_1_393' title='bbox 1737 899 1761 926; x_wconf 91' lang='lat' dir='ltr'>a</span> <span class='ocrx_word' id='word_1_394' title='bbox 1789 885 1992 939; x_wconf 88' lang='lat' dir='ltr'>principe,</span> <span class='ocrx_word' id='word_1_395' title='bbox 2015 885 2210 926; x_wconf 88' lang='lat' dir='ltr'>subditur</span> <span class='ocrx_word' id='word_1_396' title='bbox 2231 886 2285 938; x_wconf 91' lang='lat' dir='ltr'>(v.</span> <span class='ocrx_word' id='word_1_397' title='bbox 2308 889 2372 937; x_wconf 74' lang='lat'>41)</span> <span class='ocrx_word' id='word_1_398' title='bbox 2394 899 2405 927; x_wconf 92' lang='lat'><strong>:</strong></span> 
     </span>
     <span class='ocr_line' id='line_1_58' title="bbox 1375 957 2409 1007; baseline -0.002 -8"><span class='ocrx_word' id='word_1_399' title='bbox 1375 958 1430 1000; x_wconf 80' lang='lat' dir='ltr'>Et</span> <span class='ocrx_word' id='word_1_400' title='bbox 1457 968 1543 1000; x_wconf 83' lang='lat' dir='ltr'>ecce</span> <span class='ocrx_word' id='word_1_401' title='bbox 1569 958 1685 999; x_wconf 75' lang='lat' dir='ltr'>venit</span> <span class='ocrx_word' id='word_1_402' title='bbox 1710 958 1794 1006; x_wconf 82' lang='lat' dir='ltr'>vir,</span> <span class='ocrx_word' id='word_1_403' title='bbox 1821 957 1891 998; x_wconf 83' lang='lat' dir='ltr'>cui</span> <span class='ocrx_word' id='word_1_404' title='bbox 1918 965 2067 998; x_wconf 79' lang='lat' dir='ltr'>nomen</span> <span class='ocrx_word' id='word_1_405' title='bbox 2093 957 2260 998; x_wconf 80' lang='lat' dir='ltr'>Jairus.</span> <span class='ocrx_word' id='word_1_406' title='bbox 2282 957 2409 1007; x_wconf 78' lang='lat' dir='ltr'>Cujus</span> 
     </span>
     <span class='ocr_line' id='line_1_59' title="bbox 1374 1026 2408 1080; baseline -0.001 -11"><span class='ocrx_word' id='word_1_407' title='bbox 1374 1040 1532 1068; x_wconf 90' lang='lat' dir='ltr'>nomen</span> <span class='ocrx_word' id='word_1_408' title='bbox 1563 1027 1779 1080; x_wconf 83' lang='lat' dir='ltr'>exprimit,</span> <span class='ocrx_word' id='word_1_409' title='bbox 1811 1026 1912 1079; x_wconf 88' lang='lat' dir='ltr'>quia</span> <span class='ocrx_word' id='word_1_410' title='bbox 1948 1038 2128 1078; x_wconf 89' lang='lat' dir='ltr'>persona</span> <span class='ocrx_word' id='word_1_411' title='bbox 2166 1029 2255 1067; x_wconf 87' lang='lat' dir='ltr'>erat</span> <span class='ocrx_word' id='word_1_412' title='bbox 2292 1029 2408 1068; x_wconf 90' lang='lat' dir='ltr'>nota-</span> 
     </span>
     <span class='ocr_line' id='line_1_60' title="bbox 1375 1097 2404 1149; baseline -0.002 -11"><span class='ocrx_word' id='word_1_413' title='bbox 1375 1097 1469 1138; x_wconf 88' lang='lat' dir='ltr'>bilis</span> <span class='ocrx_word' id='word_1_414' title='bbox 1489 1098 1542 1138; x_wconf 91' lang='lat' dir='ltr'>ob</span> <span class='ocrx_word' id='word_1_415' title='bbox 1570 1097 1870 1149; x_wconf 89' lang='lat' dir='ltr'>principatum,</span> <span class='ocrx_word' id='word_1_416' title='bbox 1888 1098 2014 1149; x_wconf 86' lang='lat' dir='ltr'>juxta</span> <span class='ocrx_word' id='word_1_417' title='bbox 2040 1097 2154 1149; x_wconf 87' lang='lat' dir='ltr'>quod</span> <span class='ocrx_word' id='word_1_418' title='bbox 2178 1097 2330 1137; x_wconf 88' lang='lat' dir='ltr'>dicitur</span> <span class='ocrx_word' id='word_1_419' title='bbox 2356 1098 2369 1119; x_wconf 85' lang='lat'>⁷</span> <span class='ocrx_word' id='word_1_420' title='bbox 2396 1110 2404 1135; x_wconf 93' lang='lat'>:</span> 
     </span>
     <span class='ocr_line' id='line_1_61' title="bbox 1381 1160 2425 1220; baseline 0.001 -12"><span class='ocrx_word' id='word_1_421' title='bbox 1381 1184 1401 1208; x_wconf 74' lang='grc' dir='ltr'>α</span> <span class='ocrx_word' id='word_1_422' title='bbox 1429 1168 1523 1210; x_wconf 88' lang='lat' dir='ltr'>Feci</span> <span class='ocrx_word' id='word_1_423' title='bbox 1567 1169 1642 1209; x_wconf 90' lang='lat' dir='ltr'>tibi</span> <span class='ocrx_word' id='word_1_424' title='bbox 1684 1180 1842 1210; x_wconf 90' lang='lat' dir='ltr'>nomen</span> <span class='ocrx_word' id='word_1_425' title='bbox 1879 1169 2064 1220; x_wconf 83' lang='lat' dir='ltr'>grande,</span> <span class='ocrx_word' id='word_1_426' title='bbox 2090 1170 2215 1220; x_wconf 74' lang='lat' dir='ltr'>Juxta</span> <span class='ocrx_word' id='word_1_427' title='bbox 2252 1160 2425 1209; x_wconf 86' lang='lat' dir='ltr'>nomen¹</span> 
     </span>
     <span class='ocr_line' id='line_1_62' title="bbox 1377 1238 2410 1292; baseline -0.002 -12"><span class='ocrx_word' id='word_1_428' title='bbox 1377 1251 1635 1291; x_wconf 88' lang='lat' dir='ltr'>magnorum</span> <span class='ocrx_word' id='word_1_429' title='bbox 1647 1239 1830 1292; x_wconf 87' lang='lat' dir='ltr'>quisunt</span> <span class='ocrx_word' id='word_1_430' title='bbox 1845 1239 1890 1278; x_wconf 91' lang='lat' dir='ltr'>in</span> <span class='ocrx_word' id='word_1_431' title='bbox 1900 1240 2013 1279; x_wconf 86' lang='lat' dir='ltr'>terra</span> <span class='ocrx_word' id='word_1_432' title='bbox 2023 1253 2032 1288; x_wconf 89' lang='grc'>;</span> <span class='ocrx_word' id='word_1_433' title='bbox 2044 1253 2063 1276; x_wconf 89' lang='lat'>))</span> <span class='ocrx_word' id='word_1_434' title='bbox 2083 1238 2151 1280; x_wconf 88' lang='lat' dir='ltr'>vel</span> <span class='ocrx_word' id='word_1_435' title='bbox 2166 1238 2295 1279; x_wconf 91' lang='lat' dir='ltr'>etiam</span> <span class='ocrx_word' id='word_1_436' title='bbox 2309 1238 2410 1291; x_wconf 87' lang='lat' dir='ltr'>quia</span> 
     </span>
     <span class='ocr_line' id='line_1_63' title="bbox 1376 1309 2538 1362; baseline 0.001 -12"><span class='ocrx_word' id='word_1_437' title='bbox 1376 1321 1533 1351; x_wconf 87' lang='lat' dir='ltr'>nomen</span> <span class='ocrx_word' id='word_1_438' title='bbox 1546 1309 1823 1362; x_wconf 89' lang='lat' dir='ltr'>respondebat</span> <span class='ocrx_word' id='word_1_439' title='bbox 1836 1309 1974 1349; x_wconf 86' lang='lat' dir='ltr'>officio</span> <span class='ocrx_word' id='word_1_440' title='bbox 1984 1310 2025 1349; x_wconf 87' lang='lat' dir='ltr'>et</span> <span class='ocrx_word' id='word_1_441' title='bbox 2038 1309 2250 1360; x_wconf 87' lang='lat' dir='ltr'>dignitati.</span> <span class='ocrx_word' id='word_1_442' title='bbox 2264 1310 2411 1351; x_wconf 77' lang='lat' dir='ltr'>Jairus</span> <span class='ocrx_word' id='word_1_443' title='bbox 2430 1331 2538 1359; x_wconf 58' lang='lat' dir='ltr'>,ah-us,</span> 
     </span>
     <span class='ocr_line' id='line_1_64' title="bbox 1377 1380 2412 1433; baseline -0.001 -11"><span class='ocrx_word' id='word_1_444' title='bbox 1377 1381 1492 1422; x_wconf 90' lang='lat' dir='ltr'>enim</span> <span class='ocrx_word' id='word_1_445' title='bbox 1521 1380 1788 1422; x_wconf 87' lang='lat' dir='ltr'>illuminatus</span> <span class='ocrx_word' id='word_1_446' title='bbox 1807 1380 2123 1433; x_wconf 88' lang='lat' dir='ltr'>interpretatur,</span> <span class='ocrx_word' id='word_1_447' title='bbox 2149 1382 2190 1421; x_wconf 89' lang='lat' dir='ltr'>et</span> <span class='ocrx_word' id='word_1_448' title='bbox 2219 1381 2314 1421; x_wconf 91' lang='lat' dir='ltr'>talis</span> <span class='ocrx_word' id='word_1_449' title='bbox 2345 1382 2412 1421; x_wconf 91' lang='lat' dir='ltr'>de-</span> 
     </span>
     <span class='ocr_line' id='line_1_65' title="bbox 1377 1451 2409 1505; baseline -0.001 -13"><span class='ocrx_word' id='word_1_450' title='bbox 1377 1452 1448 1493; x_wconf 89' lang='lat' dir='ltr'>bet</span> <span class='ocrx_word' id='word_1_451' title='bbox 1467 1452 1512 1492; x_wconf 89' lang='lat' dir='ltr'>in</span> <span class='ocrx_word' id='word_1_452' title='bbox 1531 1452 1651 1505; x_wconf 89' lang='lat' dir='ltr'>plebe</span> <span class='ocrx_word' id='word_1_453' title='bbox 1671 1451 1838 1492; x_wconf 90' lang='lat' dir='ltr'>Domini</span> <span class='ocrx_word' id='word_1_454' title='bbox 1863 1451 2114 1504; x_wconf 88' lang='lat' dir='ltr'>principari;</span> <span class='ocrx_word' id='word_1_455' title='bbox 2136 1451 2248 1492; x_wconf 90' lang='lat' dir='ltr'>unde</span> <span class='ocrx_word' id='word_1_456' title='bbox 2267 1451 2409 1492; x_wconf 90' lang='lat' dir='ltr'>subdi-</span> 
     </span>
     <span class='ocr_line' id='line_1_66' title="bbox 1378 1522 2413 1575; baseline 0 -13"><span class='ocrx_word' id='word_1_457' title='bbox 1378 1524 1450 1563; x_wconf 88' lang='lat' dir='ltr'>tur</span> <span class='ocrx_word' id='word_1_458' title='bbox 1470 1534 1480 1561; x_wconf 85' lang='lat'>:</span> <span class='ocrx_word' id='word_1_459' title='bbox 1503 1524 1562 1565; x_wconf 86' lang='lat' dir='ltr'>Et</span> <span class='ocrx_word' id='word_1_460' title='bbox 1584 1524 1674 1575; x_wconf 82' lang='lat' dir='ltr'>ipse</span> <span class='ocrx_word' id='word_1_461' title='bbox 1691 1524 1890 1575; x_wconf 75' lang='lat' dir='ltr'>princeps</span> <span class='ocrx_word' id='word_1_462' title='bbox 1908 1532 2134 1575; x_wconf 72' lang='lat' dir='ltr'>synayoqae</span> <span class='ocrx_word' id='word_1_463' title='bbox 2156 1526 2264 1565; x_wconf 80' lang='lat' dir='ltr'>erat.</span> <span class='ocrx_word' id='word_1_464' title='bbox 2286 1522 2299 1543; x_wconf 81' lang='lat'>⁸</span> <span class='ocrx_word' id='word_1_465' title='bbox 2326 1537 2346 1561; x_wconf 78' lang='lat' dir='ltr'>c&lt;</span> <span class='ocrx_word' id='word_1_466' title='bbox 2363 1522 2413 1562; x_wconf 64' lang='lat' dir='ltr'>let</span> 
     </span>
     <span class='ocr_line' id='line_1_67' title="bbox 1379 1592 2412 1645; baseline 0 -13"><span class='ocrx_word' id='word_1_467' title='bbox 1379 1593 1526 1634; x_wconf 90' lang='lat' dir='ltr'>statuit</span> <span class='ocrx_word' id='word_1_468' title='bbox 1567 1593 1627 1633; x_wconf 91' lang='lat' dir='ltr'>illi</span> <span class='ocrx_word' id='word_1_469' title='bbox 1665 1594 1964 1633; x_wconf 89' lang='lat' dir='ltr'>testamentum</span> <span class='ocrx_word' id='word_1_470' title='bbox 2001 1592 2138 1644; x_wconf 88' lang='lat' dir='ltr'>pacis,</span> <span class='ocrx_word' id='word_1_471' title='bbox 2178 1593 2412 1645; x_wconf 89' lang='lat' dir='ltr'>principem</span> 
     </span>
     <span class='ocr_line' id='line_1_68' title="bbox 1378 1661 2414 1714; baseline -0.001 -10"><span class='ocrx_word' id='word_1_472' title='bbox 1378 1666 1622 1704; x_wconf 86' lang='lat' dir='ltr'>sanctorum</span> <span class='ocrx_word' id='word_1_473' title='bbox 1654 1665 1695 1704; x_wconf 91' lang='lat' dir='ltr'>et</span> <span class='ocrx_word' id='word_1_474' title='bbox 1724 1663 1864 1714; x_wconf 87' lang='lat' dir='ltr'>gentis</span> <span class='ocrx_word' id='word_1_475' title='bbox 1887 1673 1990 1711; x_wconf 83' lang='lat' dir='ltr'>suae,</span> <span class='ocrx_word' id='word_1_476' title='bbox 2011 1676 2030 1700; x_wconf 75' lang='lat'>›)</span> <span class='ocrx_word' id='word_1_477' title='bbox 2064 1664 2141 1702; x_wconf 87' lang='lat' dir='ltr'>etc.</span> <span class='ocrx_word' id='word_1_478' title='bbox 2165 1661 2244 1702; x_wconf 92' lang='lat' dir='ltr'>Hic</span> <span class='ocrx_word' id='word_1_479' title='bbox 2269 1665 2414 1703; x_wconf 91' lang='lat' dir='ltr'>autem</span> 
     </span>
     <span class='ocr_line' id='line_1_69' title="bbox 1378 1732 2414 1786; baseline -0.001 -12"><span class='ocrx_word' id='word_1_480' title='bbox 1378 1734 1587 1786; x_wconf 85' lang='lat' dir='ltr'>princeps,</span> <span class='ocrx_word' id='word_1_481' title='bbox 1614 1733 1711 1774; x_wconf 88' lang='lat' dir='ltr'>licet</span> <span class='ocrx_word' id='word_1_482' title='bbox 1731 1735 1839 1774; x_wconf 87' lang='lat' dir='ltr'>esset</span> <span class='ocrx_word' id='word_1_483' title='bbox 1867 1732 2076 1773; x_wconf 87' lang='lat' dir='ltr'>exaltatus</span> <span class='ocrx_word' id='word_1_484' title='bbox 2105 1732 2150 1772; x_wconf 92' lang='lat' dir='ltr'>in</span> <span class='ocrx_word' id='word_1_485' title='bbox 2183 1732 2335 1784; x_wconf 87' lang='lat' dir='ltr'>gloria,</span> <span class='ocrx_word' id='word_1_486' title='bbox 2357 1733 2414 1774; x_wconf 87' lang='lat' dir='ltr'>ita</span> 
     </span>
     <span class='ocr_line' id='line_1_70' title="bbox 1378 1801 2416 1856; baseline 0 -12"><span class='ocrx_word' id='word_1_487' title='bbox 1378 1806 1427 1845; x_wconf 88' lang='lat' dir='ltr'>ut</span> <span class='ocrx_word' id='word_1_488' title='bbox 1457 1804 1495 1844; x_wconf 92' lang='lat' dir='ltr'>ei</span> <span class='ocrx_word' id='word_1_489' title='bbox 1524 1806 1663 1856; x_wconf 89' lang='lat' dir='ltr'>posset</span> <span class='ocrx_word' id='word_1_490' title='bbox 1694 1804 1932 1856; x_wconf 88' lang='lat' dir='ltr'>competere</span> <span class='ocrx_word' id='word_1_491' title='bbox 1957 1802 2064 1843; x_wconf 88' lang='lat' dir='ltr'>illud</span> <span class='ocrx_word' id='word_1_492' title='bbox 2083 1802 2096 1823; x_wconf 80' lang='lat'>⁹</span> <span class='ocrx_word' id='word_1_493' title='bbox 2121 1817 2129 1844; x_wconf 89' lang='lat'>:</span> <span class='ocrx_word' id='word_1_494' title='bbox 2159 1817 2178 1841; x_wconf 89' lang='lat'>«</span> <span class='ocrx_word' id='word_1_495' title='bbox 2202 1801 2255 1843; x_wconf 88' lang='lat' dir='ltr'>Ut</span> <span class='ocrx_word' id='word_1_496' title='bbox 2275 1803 2416 1844; x_wconf 86' lang='lat' dir='ltr'>sedeat</span> 
     </span>
     <span class='ocr_line' id='line_1_71' title="bbox 1379 1873 2408 1927; baseline -0.002 -12"><span class='ocrx_word' id='word_1_497' title='bbox 1379 1886 1477 1916; x_wconf 88' lang='lat' dir='ltr'>cum</span> <span class='ocrx_word' id='word_1_498' title='bbox 1496 1874 1773 1927; x_wconf 87' lang='lat' dir='ltr'>principibus,</span> <span class='ocrx_word' id='word_1_499' title='bbox 1797 1876 1837 1914; x_wconf 89' lang='lat' dir='ltr'>et</span> <span class='ocrx_word' id='word_1_500' title='bbox 1856 1873 2011 1915; x_wconf 89' lang='lat' dir='ltr'>solium</span> <span class='ocrx_word' id='word_1_501' title='bbox 2027 1873 2178 1925; x_wconf 81' lang='lat' dir='ltr'>gloriae</span> <span class='ocrx_word' id='word_1_502' title='bbox 2200 1876 2365 1925; x_wconf 85' lang='lat' dir='ltr'>teneat3</span> <span class='ocrx_word' id='word_1_503' title='bbox 2389 1889 2408 1913; x_wconf 71' lang='lat' dir='ltr'>n</span> 
     </span>
     <span class='ocr_line' id='line_1_72' title="bbox 1378 1945 2412 1998; baseline -0.001 -11"><span class='ocrx_word' id='word_1_504' title='bbox 1378 1958 1466 1987; x_wconf 91' lang='lat' dir='ltr'>non</span> <span class='ocrx_word' id='word_1_505' title='bbox 1489 1949 1633 1987; x_wconf 89' lang='lat' dir='ltr'>tamen</span> <span class='ocrx_word' id='word_1_506' title='bbox 1662 1947 1760 1987; x_wconf 91' lang='lat' dir='ltr'>inde</span> <span class='ocrx_word' id='word_1_507' title='bbox 1790 1948 1853 1986; x_wconf 90' lang='lat' dir='ltr'>est</span> <span class='ocrx_word' id='word_1_508' title='bbox 1882 1945 2017 1986; x_wconf 88' lang='lat' dir='ltr'>elatus</span> <span class='ocrx_word' id='word_1_509' title='bbox 2048 1957 2124 1998; x_wconf 87' lang='lat' dir='ltr'>per</span> <span class='ocrx_word' id='word_1_510' title='bbox 2154 1946 2412 1998; x_wconf 86' lang='lat' dir='ltr'>superbiam,</span> 
     </span>
     <span class='ocr_line' id='line_1_73' title="bbox 1378 2016 2416 2069; baseline -0.002 -11"><span class='ocrx_word' id='word_1_511' title='bbox 1378 2018 1451 2058; x_wconf 88' lang='lat' dir='ltr'>sed</span> <span class='ocrx_word' id='word_1_512' title='bbox 1479 2017 1733 2058; x_wconf 88' lang='lat' dir='ltr'>humiliatus</span> <span class='ocrx_word' id='word_1_513' title='bbox 1766 2028 1841 2069; x_wconf 90' lang='lat' dir='ltr'>per</span> <span class='ocrx_word' id='word_1_514' title='bbox 1869 2016 2167 2065; x_wconf 84' lang='lat' dir='ltr'>reverentiam,</span> <span class='ocrx_word' id='word_1_515' title='bbox 2199 2017 2416 2058; x_wconf 86' lang='lat' dir='ltr'>attendens</span> 
     </span>
     <span class='ocr_line' id='line_1_74' title="bbox 1377 2087 2418 2139; baseline -0.001 -10"><span class='ocrx_word' id='word_1_516' title='bbox 1377 2089 1482 2130; x_wconf 91' lang='lat' dir='ltr'>illud</span> <span class='ocrx_word' id='word_1_517' title='bbox 1501 2089 1530 2114; x_wconf 85' lang='lat'>¹⁰</span> <span class='ocrx_word' id='word_1_518' title='bbox 1554 2103 1561 2128; x_wconf 93' lang='lat'><strong>:</strong></span> <span class='ocrx_word' id='word_1_519' title='bbox 1593 2088 1850 2129; x_wconf 85' lang='lat' dir='ltr'>«Rectorem</span> <span class='ocrx_word' id='word_1_520' title='bbox 1876 2089 1917 2127; x_wconf 89' lang='lat' dir='ltr'>te</span> <span class='ocrx_word' id='word_1_521' title='bbox 1936 2088 2200 2139; x_wconf 85' lang='lat' dir='ltr'>posuerunt?</span> <span class='ocrx_word' id='word_1_522' title='bbox 2229 2087 2316 2128; x_wconf 90' lang='lat' dir='ltr'>noli</span> <span class='ocrx_word' id='word_1_523' title='bbox 2347 2100 2418 2128; x_wconf 84' lang='lat' dir='ltr'>ex-</span> 
     </span>
     <span class='ocr_line' id='line_1_75' title="bbox 1377 2156 2418 2209; baseline -0.001 -9"><span class='ocrx_word' id='word_1_524' title='bbox 1377 2159 1520 2200; x_wconf 76' lang='lat' dir='ltr'>tolli.»</span> <span class='ocrx_word' id='word_1_525' title='bbox 1558 2159 1655 2200; x_wconf 87' lang='lat' dir='ltr'>Ideo</span> <span class='ocrx_word' id='word_1_526' title='bbox 1690 2157 1881 2198; x_wconf 83' lang='lat' dir='ltr'>subditur</span> <span class='ocrx_word' id='word_1_527' title='bbox 1905 2158 1989 2199; x_wconf 84' lang='lat' dir='ltr'>:Et</span> <span class='ocrx_word' id='word_1_528' title='bbox 2017 2156 2171 2199; x_wconf 84' lang='lat' dir='ltr'>ceciclit</span> <span class='ocrx_word' id='word_1_529' title='bbox 2202 2157 2260 2198; x_wconf 83' lang='lat' dir='ltr'>acl</span> <span class='ocrx_word' id='word_1_530' title='bbox 2286 2157 2418 2209; x_wconf 75' lang='lat' dir='ltr'>pedes</span> 
     </span>
     <span class='ocr_line' id='line_1_76' title="bbox 1378 2227 2414 2281; baseline -0.005 -9"><span class='ocrx_word' id='word_1_531' title='bbox 1378 2232 1491 2281; x_wconf 80' lang='lat' dir='ltr'>Jesu,</span> <span class='ocrx_word' id='word_1_532' title='bbox 1511 2229 1645 2270; x_wconf 90' lang='lat' dir='ltr'>sciens</span> <span class='ocrx_word' id='word_1_533' title='bbox 1668 2228 1872 2280; x_wconf 90' lang='lat' dir='ltr'>scriptum</span> <span class='ocrx_word' id='word_1_534' title='bbox 1898 2239 1988 2267; x_wconf 91' lang='lat' dir='ltr'>esse</span> <span class='ocrx_word' id='word_1_535' title='bbox 2008 2228 2033 2249; x_wconf 84' lang='lat'>1¹</span> <span class='ocrx_word' id='word_1_536' title='bbox 2058 2241 2067 2266; x_wconf 80' lang='lat' dir='ltr'><em>z</em></span> <span class='ocrx_word' id='word_1_537' title='bbox 2099 2227 2240 2267; x_wconf 87' lang='lat' dir='ltr'>«Mihi</span> <span class='ocrx_word' id='word_1_538' title='bbox 2264 2239 2414 2267; x_wconf 88' lang='lat' dir='ltr'>curva-</span> 
     </span>
     <span class='ocr_line' id='line_1_77' title="bbox 1378 2297 2409 2350; baseline -0.006 -9"><span class='ocrx_word' id='word_1_539' title='bbox 1378 2301 1493 2341; x_wconf 89' lang='lat' dir='ltr'>bitur</span> <span class='ocrx_word' id='word_1_540' title='bbox 1512 2311 1638 2340; x_wconf 90' lang='lat' dir='ltr'>omne</span> <span class='ocrx_word' id='word_1_541' title='bbox 1660 2310 1791 2350; x_wconf 89' lang='lat' dir='ltr'>genu,</span> <span class='ocrx_word' id='word_1_542' title='bbox 1813 2300 1853 2338; x_wconf 91' lang='lat' dir='ltr'>et</span> <span class='ocrx_word' id='word_1_543' title='bbox 1867 2297 2029 2350; x_wconf 75' lang='lat' dir='ltr'>Jurabit</span> <span class='ocrx_word' id='word_1_544' title='bbox 2045 2297 2183 2337; x_wconf 88' lang='lat' dir='ltr'>omnis</span> <span class='ocrx_word' id='word_1_545' title='bbox 2202 2297 2367 2349; x_wconf 84' lang='lat' dir='ltr'>lingua.</span> <span class='ocrx_word' id='word_1_546' title='bbox 2390 2312 2409 2335; x_wconf 78' lang='lat'>›&gt;</span> 
     </span>
     <span class='ocr_line' id='line_1_78' title="bbox 1378 2367 2413 2420; baseline -0.003 -9"><span class='ocrx_word' id='word_1_547' title='bbox 1378 2370 1429 2411; x_wconf 90' lang='lat' dir='ltr'>Et</span> <span class='ocrx_word' id='word_1_548' title='bbox 1448 2370 1492 2410; x_wconf 93' lang='lat' dir='ltr'>in</span> <span class='ocrx_word' id='word_1_549' title='bbox 1512 2370 1680 2411; x_wconf 79' lang='lat' dir='ltr'>Psalmo</span> <span class='ocrx_word' id='word_1_550' title='bbox 1702 2369 1731 2390; x_wconf 76' lang='lat'>¹²</span> <span class='ocrx_word' id='word_1_551' title='bbox 1752 2380 1796 2408; x_wconf 71' lang='lat' dir='ltr'>:a</span> <span class='ocrx_word' id='word_1_552' title='bbox 1818 2367 1980 2418; x_wconf 85' lang='lat' dir='ltr'>Venite,</span> <span class='ocrx_word' id='word_1_553' title='bbox 2002 2368 2242 2417; x_wconf 80' lang='lat' dir='ltr'>adoremUS,</span> <span class='ocrx_word' id='word_1_554' title='bbox 2256 2370 2297 2408; x_wconf 91' lang='lat' dir='ltr'>et</span> <span class='ocrx_word' id='word_1_555' title='bbox 2317 2379 2413 2420; x_wconf 89' lang='lat' dir='ltr'>pro-</span> 
     </span>
     <span class='ocr_line' id='line_1_79' title="bbox 1378 2438 2415 2492; baseline -0.004 -10"><span class='ocrx_word' id='word_1_556' title='bbox 1378 2442 1584 2492; x_wconf 82' lang='lat' dir='ltr'>cidamuS,</span> <span class='ocrx_word' id='word_1_557' title='bbox 1614 2443 1655 2481; x_wconf 88' lang='lat' dir='ltr'>et</span> <span class='ocrx_word' id='word_1_558' title='bbox 1686 2439 1901 2492; x_wconf 89' lang='lat' dir='ltr'>ploremus</span> <span class='ocrx_word' id='word_1_559' title='bbox 1934 2440 2030 2478; x_wconf 90' lang='lat' dir='ltr'>ante</span> <span class='ocrx_word' id='word_1_560' title='bbox 2059 2438 2304 2488; x_wconf 90' lang='lat' dir='ltr'>Dominum,</span> <span class='ocrx_word' id='word_1_561' title='bbox 2342 2439 2415 2491; x_wconf 89' lang='lat' dir='ltr'>qui</span> 
     </span>
     <span class='ocr_line' id='line_1_80' title="bbox 1377 2509 2417 2563; baseline -0.004 -8"><span class='ocrx_word' id='word_1_562' title='bbox 1377 2514 1474 2555; x_wconf 88' lang='lat' dir='ltr'>fecit</span> <span class='ocrx_word' id='word_1_563' title='bbox 1492 2524 1584 2563; x_wconf 88' lang='lat' dir='ltr'>nos,</span> <span class='ocrx_word' id='word_1_564' title='bbox 1604 2526 1623 2550; x_wconf 87' lang='lat'>»</span> <span class='ocrx_word' id='word_1_565' title='bbox 1643 2514 1721 2552; x_wconf 87' lang='lat' dir='ltr'>etc.</span> <span class='ocrx_word' id='word_1_566' title='bbox 1739 2511 1835 2551; x_wconf 91' lang='lat' dir='ltr'>Ideo</span> <span class='ocrx_word' id='word_1_567' title='bbox 1852 2511 1999 2550; x_wconf 90' lang='lat' dir='ltr'>autem</span> <span class='ocrx_word' id='word_1_568' title='bbox 2015 2509 2185 2560; x_wconf 79' lang='lat' dir='ltr'>cecidit,</span> <span class='ocrx_word' id='word_1_569' title='bbox 2201 2512 2249 2550; x_wconf 92' lang='lat' dir='ltr'>ut</span> <span class='ocrx_word' id='word_1_570' title='bbox 2264 2509 2417 2551; x_wconf 85' lang='lat' dir='ltr'>Christi</span> 
     </span>
     <span class='ocr_line' id='line_1_81' title="bbox 1378 2580 2414 2637; baseline -0.007 -11"><span class='ocrx_word' id='word_1_571' title='bbox 1378 2584 1644 2637; x_wconf 85' lang='lat' dir='ltr'>majestatem</span> <span class='ocrx_word' id='word_1_572' title='bbox 1689 2594 1765 2622; x_wconf 87' lang='lat' dir='ltr'>sua</span> <span class='ocrx_word' id='word_1_573' title='bbox 1809 2581 2040 2621; x_wconf 88' lang='lat' dir='ltr'>honoraret</span> <span class='ocrx_word' id='word_1_574' title='bbox 2075 2580 2315 2622; x_wconf 86' lang='lat' dir='ltr'>reverentia</span> <span class='ocrx_word' id='word_1_575' title='bbox 2342 2581 2370 2603; x_wconf 82' lang='lat'>1³</span> <span class='ocrx_word' id='word_1_576' title='bbox 2405 2594 2414 2620; x_wconf 89' lang='lat'>:</span> 
     </span>
     <span class='ocr_line' id='line_1_82' title="bbox 1384 2651 2416 2704; baseline -0.006 -8"><span class='ocrx_word' id='word_1_577' title='bbox 1384 2671 1403 2695; x_wconf 75' lang='grc' dir='ltr'>(ι</span> <span class='ocrx_word' id='word_1_578' title='bbox 1424 2654 1633 2704; x_wconf 84' lang='lat' dir='ltr'>Quoniam</span> <span class='ocrx_word' id='word_1_579' title='bbox 1654 2664 1816 2703; x_wconf 85' lang='lat' dir='ltr'>magna</span> <span class='ocrx_word' id='word_1_580' title='bbox 1834 2651 2020 2704; x_wconf 89' lang='lat' dir='ltr'>potentia</span> <span class='ocrx_word' id='word_1_581' title='bbox 2040 2651 2112 2691; x_wconf 91' lang='lat' dir='ltr'>Dei</span> <span class='ocrx_word' id='word_1_582' title='bbox 2135 2651 2280 2702; x_wconf 89' lang='lat' dir='ltr'>solius,</span> <span class='ocrx_word' id='word_1_583' title='bbox 2304 2653 2344 2690; x_wconf 91' lang='lat' dir='ltr'>et</span> <span class='ocrx_word' id='word_1_584' title='bbox 2363 2651 2416 2691; x_wconf 89' lang='lat' dir='ltr'>ah</span> 
     </span>
     <span class='ocr_line' id='line_1_83' title="bbox 1377 2721 2417 2773; baseline -0.004 -7"><span class='ocrx_word' id='word_1_585' title='bbox 1377 2724 1613 2766; x_wconf 88' lang='lat' dir='ltr'>humilibus</span> <span class='ocrx_word' id='word_1_586' title='bbox 1633 2723 1890 2770; x_wconf 85' lang='lat' dir='ltr'>honoratur3</span> <span class='ocrx_word' id='word_1_587' title='bbox 1912 2734 1932 2758; x_wconf 85' lang='grc'>))</span> <span class='ocrx_word' id='word_1_588' title='bbox 1961 2723 2003 2761; x_wconf 89' lang='lat' dir='ltr'>et</span> <span class='ocrx_word' id='word_1_589' title='bbox 2022 2723 2069 2761; x_wconf 88' lang='lat' dir='ltr'>ut</span> <span class='ocrx_word' id='word_1_590' title='bbox 2101 2721 2230 2761; x_wconf 89' lang='lat' dir='ltr'>etiam</span> <span class='ocrx_word' id='word_1_591' title='bbox 2266 2721 2417 2773; x_wconf 91' lang='lat' dir='ltr'>implo-</span> 
     </span>
     <span class='ocr_line' id='line_1_84' title="bbox 1377 2791 2411 2848; baseline -0.006 -11"><span class='ocrx_word' id='word_1_592' title='bbox 1377 2799 1490 2837; x_wconf 85' lang='lat' dir='ltr'>raret</span> <span class='ocrx_word' id='word_1_593' title='bbox 1510 2795 1709 2848; x_wconf 87' lang='lat' dir='ltr'>pietatem</span> <span class='ocrx_word' id='word_1_594' title='bbox 1728 2804 1828 2833; x_wconf 93' lang='lat' dir='ltr'>cum</span> <span class='ocrx_word' id='word_1_595' title='bbox 1847 2791 2017 2833; x_wconf 85' lang='lat' dir='ltr'>fiducia.</span> <span class='ocrx_word' id='word_1_596' title='bbox 2039 2791 2157 2832; x_wconf 89' lang='lat' dir='ltr'>Unde</span> <span class='ocrx_word' id='word_1_597' title='bbox 2181 2793 2222 2832; x_wconf 91' lang='lat' dir='ltr'>et</span> <span class='ocrx_word' id='word_1_598' title='bbox 2243 2791 2383 2832; x_wconf 88' lang='lat' dir='ltr'>subdit</span> <span class='ocrx_word' id='word_1_599' title='bbox 2402 2805 2411 2831; x_wconf 75' lang='grc' dir='ltr'>ε</span> 
     </span>
     <span class='ocr_line' id='line_1_85' title="bbox 1377 2862 2409 2918; baseline -0.008 -9"><span class='ocrx_word' id='word_1_600' title='bbox 1377 2868 1547 2918; x_wconf 67' lang='lat' dir='ltr'>Royans</span> <span class='ocrx_word' id='word_1_601' title='bbox 1580 2875 1693 2914; x_wconf 80' lang='lat' dir='ltr'>eum,</span> <span class='ocrx_word' id='word_1_602' title='bbox 1727 2867 1774 2905; x_wconf 84' lang='lat' dir='ltr'>ut</span> <span class='ocrx_word' id='word_1_603' title='bbox 1806 2864 1991 2905; x_wconf 74' lang='lat' dir='ltr'>intraret</span> <span class='ocrx_word' id='word_1_604' title='bbox 2024 2864 2072 2904; x_wconf 78' lang='lat' dir='ltr'>in</span> <span class='ocrx_word' id='word_1_605' title='bbox 2104 2862 2275 2903; x_wconf 84' lang='lat' dir='ltr'>domum</span> <span class='ocrx_word' id='word_1_606' title='bbox 2308 2862 2409 2912; x_wconf 70' lang='lat' dir='ltr'>ejus.</span> 
     </span>
     <span class='ocr_line' id='line_1_86' title="bbox 1379 2931 2415 2984; baseline -0.008 -6"><span class='ocrx_word' id='word_1_607' title='bbox 1379 2937 1466 2978; x_wconf 90' lang='lat' dir='ltr'>Hoc</span> <span class='ocrx_word' id='word_1_608' title='bbox 1493 2935 1669 2976; x_wconf 86' lang='lat' dir='ltr'>faciebat</span> <span class='ocrx_word' id='word_1_609' title='bbox 1688 2945 1786 2974; x_wconf 90' lang='lat' dir='ltr'>cum</span> <span class='ocrx_word' id='word_1_610' title='bbox 1813 2932 2024 2983; x_wconf 88' lang='lat' dir='ltr'>instantia,</span> <span class='ocrx_word' id='word_1_611' title='bbox 2046 2935 2095 2972; x_wconf 92' lang='lat' dir='ltr'>ut</span> <span class='ocrx_word' id='word_1_612' title='bbox 2121 2933 2259 2984; x_wconf 87' lang='lat' dir='ltr'>posset</span> <span class='ocrx_word' id='word_1_613' title='bbox 2278 2931 2415 2971; x_wconf 90' lang='lat' dir='ltr'>dicere</span> 
     </span>
     <span class='ocr_line' id='line_1_87' title="bbox 1377 3001 2417 3054; baseline -0.008 -6"><span class='ocrx_word' id='word_1_614' title='bbox 1377 3008 1483 3048; x_wconf 88' lang='lat' dir='ltr'>illud</span> <span class='ocrx_word' id='word_1_615' title='bbox 1503 3007 1531 3029; x_wconf 49' lang='grc' dir='ltr'>μ’</span> <span class='ocrx_word' id='word_1_616' title='bbox 1556 3019 1565 3044; x_wconf 87' lang='lat'>:</span> <span class='ocrx_word' id='word_1_617' title='bbox 1592 3020 1611 3044; x_wconf 74' lang='grc' dir='ltr'>(ι</span> <span class='ocrx_word' id='word_1_618' title='bbox 1631 3004 1764 3046; x_wconf 92' lang='lat' dir='ltr'>Tenui</span> <span class='ocrx_word' id='word_1_619' title='bbox 1786 3015 1909 3054; x_wconf 89' lang='lat' dir='ltr'>eum,</span> <span class='ocrx_word' id='word_1_620' title='bbox 1935 3015 2013 3043; x_wconf 90' lang='lat' dir='ltr'>nec</span> <span class='ocrx_word' id='word_1_621' title='bbox 2039 3001 2263 3051; x_wconf 87' lang='lat' dir='ltr'>dimittam,</span> <span class='ocrx_word' id='word_1_622' title='bbox 2285 3001 2417 3041; x_wconf 90' lang='lat' dir='ltr'>donec</span> 
     </span>
     <span class='ocr_line' id='line_1_88' title="bbox 1378 3070 2413 3119; baseline -0.011 0"><span class='ocrx_word' id='word_1_623' title='bbox 1378 3078 1646 3119; x_wconf 87' lang='lat' dir='ltr'>introducam</span> <span class='ocrx_word' id='word_1_624' title='bbox 1667 3075 1789 3115; x_wconf 89' lang='lat' dir='ltr'>illum</span> <span class='ocrx_word' id='word_1_625' title='bbox 1809 3074 1854 3113; x_wconf 89' lang='lat' dir='ltr'>in</span> <span class='ocrx_word' id='word_1_626' title='bbox 1873 3073 2049 3113; x_wconf 91' lang='lat' dir='ltr'>domum</span> <span class='ocrx_word' id='word_1_627' title='bbox 2078 3070 2225 3110; x_wconf 87' lang='lat' dir='ltr'>matris</span> <span class='ocrx_word' id='word_1_628' title='bbox 2245 3082 2367 3110; x_wconf 82' lang='lat' dir='ltr'>meae.</span> <span class='ocrx_word' id='word_1_629' title='bbox 2393 3085 2413 3108; x_wconf 90' lang='lat'>»</span> 
     </span>
     <span class='ocr_line' id='line_1_89' title="bbox 1379 3140 2417 3194; baseline -0.01 -5"><span class='ocrx_word' id='word_1_630' title='bbox 1379 3149 1443 3189; x_wconf 90' lang='lat' dir='ltr'>Ad</span> <span class='ocrx_word' id='word_1_631' title='bbox 1463 3149 1588 3188; x_wconf 91' lang='lat' dir='ltr'>istam</span> <span class='ocrx_word' id='word_1_632' title='bbox 1610 3148 1754 3187; x_wconf 88' lang='lat' dir='ltr'>autem</span> <span class='ocrx_word' id='word_1_633' title='bbox 1773 3143 2019 3184; x_wconf 87' lang='lat' dir='ltr'>instantiam</span> <span class='ocrx_word' id='word_1_634' title='bbox 2039 3141 2295 3194; x_wconf 89' lang='lat' dir='ltr'>propellebat</span> <span class='ocrx_word' id='word_1_635' title='bbox 2313 3140 2417 3181; x_wconf 92' lang='lat' dir='ltr'>indi-</span> 
     </span>
     <span class='ocr_line' id='line_1_90' title="bbox 1381 3211 2413 3271; baseline -0.01 -11"><span class='ocrx_word' id='word_1_636' title='bbox 1381 3218 1547 3271; x_wconf 88' lang='lat' dir='ltr'>gentia;</span> <span class='ocrx_word' id='word_1_637' title='bbox 1582 3227 1712 3269; x_wconf 88' lang='lat' dir='ltr'>quam</span> <span class='ocrx_word' id='word_1_638' title='bbox 1747 3212 1960 3266; x_wconf 85' lang='lat' dir='ltr'>exprimit,</span> <span class='ocrx_word' id='word_1_639' title='bbox 1981 3223 2081 3252; x_wconf 91' lang='lat' dir='ltr'>cum</span> <span class='ocrx_word' id='word_1_640' title='bbox 2113 3211 2210 3251; x_wconf 89' lang='lat' dir='ltr'>dicit</span> <span class='ocrx_word' id='word_1_641' title='bbox 2235 3212 2289 3262; x_wconf 86' lang='lat' dir='ltr'>(v.</span> <span class='ocrx_word' id='word_1_642' title='bbox 2308 3211 2371 3261; x_wconf 72' lang='lat'>42)</span> <span class='ocrx_word' id='word_1_643' title='bbox 2404 3223 2413 3250; x_wconf 75' lang='grc' dir='ltr'>ε</span> 
     </span>
     <span class='ocr_line' id='line_1_91' title="bbox 1383 3281 2416 3337; baseline -0.012 -5"><span class='ocrx_word' id='word_1_644' title='bbox 1383 3290 1492 3337; x_wconf 76' lang='lat' dir='ltr'>Quia</span> <span class='ocrx_word' id='word_1_645' title='bbox 1516 3287 1643 3329; x_wconf 76' lang='lat' dir='ltr'>unica</span> <span class='ocrx_word' id='word_1_646' title='bbox 1671 3285 1767 3337; x_wconf 73' lang='lat' dir='ltr'>filia</span> <span class='ocrx_word' id='word_1_647' title='bbox 1791 3285 1879 3326; x_wconf 79' lang='lat' dir='ltr'>erat</span> <span class='ocrx_word' id='word_1_648' title='bbox 1902 3283 1956 3333; x_wconf 81' lang='lat' dir='ltr'>ei,</span> <span class='ocrx_word' id='word_1_649' title='bbox 1976 3284 2016 3322; x_wconf 89' lang='lat' dir='ltr'>et</span> <span class='ocrx_word' id='word_1_650' title='bbox 2034 3282 2091 3322; x_wconf 89' lang='lat' dir='ltr'>ita</span> <span class='ocrx_word' id='word_1_651' title='bbox 2104 3281 2289 3322; x_wconf 85' lang='lat' dir='ltr'>multum</span> <span class='ocrx_word' id='word_1_652' title='bbox 2303 3293 2416 3321; x_wconf 89' lang='lat' dir='ltr'>ama-</span> 
     </span>
    </p>
   </div>
   <div class='ocr_carea' id='block_1_5' title="bbox 1381 3411 2414 3550">
    <p class='ocr_par' dir='ltr' id='par_1_6' title="bbox 1381 3411 2414 3550">
     <span class='ocr_line' id='line_1_92' title="bbox 1381 3411 2414 3458; baseline -0.009 -9"><span class='ocrx_word' id='word_1_653' title='bbox 1381 3426 1459 3458; x_wconf 78' lang='lat' dir='ltr'>xLV,</span> <span class='ocrx_word' id='word_1_654' title='bbox 1480 3419 1532 3449; x_wconf 62' lang='lat'>2⁷2.</span> <span class='ocrx_word' id='word_1_655' title='bbox 1553 3434 1594 3440; x_wconf 97' lang='lat'>—</span> <span class='ocrx_word' id='word_1_656' title='bbox 1622 3416 1647 3437; x_wconf 85' lang='lat'>1²</span> <span class='ocrx_word' id='word_1_657' title='bbox 1676 3414 1762 3446; x_wconf 77' lang='lat' dir='ltr'>Psal.</span> <span class='ocrx_word' id='word_1_658' title='bbox 1793 3420 1885 3452; x_wconf 73' lang='lat' dir='ltr'>xcw,</span> <span class='ocrx_word' id='word_1_659' title='bbox 1910 3414 1941 3443; x_wconf 83' lang='lat' dir='ltr'>G.</span> <span class='ocrx_word' id='word_1_660' title='bbox 1969 3428 2009 3434; x_wconf 94' lang='lat'><strong>—</strong></span> <span class='ocrx_word' id='word_1_661' title='bbox 2032 3412 2057 3433; x_wconf 81' lang='lat'>1⁸</span> <span class='ocrx_word' id='word_1_662' title='bbox 2076 3411 2196 3450; x_wconf 83' lang='lat' dir='ltr'>Eccli.,</span> <span class='ocrx_word' id='word_1_663' title='bbox 2218 3418 2274 3450; x_wconf 84' lang='lat'>111,</span> <span class='ocrx_word' id='word_1_664' title='bbox 2301 3411 2353 3441; x_wconf 80' lang='lat'>21.</span> <span class='ocrx_word' id='word_1_665' title='bbox 2374 3427 2414 3432; x_wconf 96' lang='lat'><strong>—</strong></span> 
     </span>
     <span class='ocr_line' id='line_1_93' title="bbox 1381 3455 2412 3502; baseline -0.01 -5"><span class='ocrx_word' id='word_1_666' title='bbox 1381 3467 1408 3488; x_wconf 61' lang='grc' dir='ltr'>Μ</span> <span class='ocrx_word' id='word_1_667' title='bbox 1426 3466 1536 3502; x_wconf 77' lang='grc' dir='ltr'>Οιιηί,,</span> <span class='ocrx_word' id='word_1_668' title='bbox 1557 3471 1617 3502; x_wconf 80' lang='lat'>111,</span> <span class='ocrx_word' id='word_1_669' title='bbox 1637 3464 1666 3493; x_wconf 76' lang='lat'>4.</span> <span class='ocrx_word' id='word_1_670' title='bbox 1687 3480 1722 3484; x_wconf 92' lang='lat'><em>-</em></span> <span class='ocrx_word' id='word_1_671' title='bbox 1745 3461 1790 3500; x_wconf 85' lang='grc' dir='ltr'>(α)</span> <span class='ocrx_word' id='word_1_672' title='bbox 1809 3460 1890 3491; x_wconf 81' lang='lat' dir='ltr'>Caet.</span> <span class='ocrx_word' id='word_1_673' title='bbox 1911 3459 1992 3490; x_wconf 83' lang='lat' dir='ltr'>edit.</span> <span class='ocrx_word' id='word_1_674' title='bbox 2016 3458 2270 3500; x_wconf 85' lang='lat' dir='ltr'>susceptionem</span> <span class='ocrx_word' id='word_1_675' title='bbox 2288 3455 2412 3489; x_wconf 72' lang='lat' dir='ltr'>laetitiae</span> 
     </span>
     <span class='ocr_line' id='line_1_94' title="bbox 1381 3509 1855 3550; baseline -0.008 -6"><span class='ocrx_word' id='word_1_676' title='bbox 1381 3513 1559 3546; x_wconf 82' lang='lat' dir='ltr'>factum.-</span> <span class='ocrx_word' id='word_1_677' title='bbox 1573 3509 1620 3550; x_wconf 67' lang='lat' dir='ltr'>(b)</span> <span class='ocrx_word' id='word_1_678' title='bbox 1635 3510 1715 3540; x_wconf 81' lang='lat' dir='ltr'>Item</span> <span class='ocrx_word' id='word_1_679' title='bbox 1731 3509 1855 3541; x_wconf 82' lang='lat' dir='ltr'>autem.</span> 
     </span>
    </p>
   </div>
  </div>
 </body>
</html>
