<?xml version="1.0" encoding="UTF-8"?>
<!DOCTYPE html PUBLIC "-//W3C//DTD XHTML 1.0 Transitional//EN"
    "http://www.w3.org/TR/xhtml1/DTD/xhtml1-transitional.dtd">
<html xmlns="http://www.w3.org/1999/xhtml" xml:lang="en" lang="en">
 <head>
  <title>
</title>
<meta http-equiv="Content-Type" content="text/html;charset=utf-8" />
  <meta name='ocr-system' content='tesseract 3.04.00' />
  <meta name='ocr-capabilities' content='ocr_page ocr_carea ocr_par ocr_line ocrx_word'/>
</head>
<body>
  <div class='ocr_page' id='page_1' title='image "./operaomniasixtiv10bonauoft_0572.png"; bbox 0 0 2634 3853; ppageno 0'>
   <div class='ocr_carea' id='block_1_1' title="bbox 245 3370 342 3403">
    <p class='ocr_par' dir='ltr' id='par_1_1' title="bbox 245 3370 342 3403">
     <span class='ocr_line' id='line_1_1' title="bbox 245 3370 342 3403; baseline -0.01 -7"><span class='ocrx_word' id='word_1_1' title='bbox 245 3370 342 3403; x_wconf 76' lang='lat' dir='ltr'>Hypo·</span> 
     </span>
    </p>
   </div>
   <div class='ocr_carea' id='block_1_2' title="bbox 342 278 418 316">
    <p class='ocr_par' dir='ltr' id='par_1_2' title="bbox 342 278 418 316">
     <span class='ocr_line' id='line_1_2' title="bbox 342 278 418 316; baseline 0.013 -1"><span class='ocrx_word' id='word_1_2' title='bbox 342 278 418 316; x_wconf 80' lang='lat'>550</span> 
     </span>
    </p>
   </div>
   <div class='ocr_carea' id='block_1_3' title="bbox 340 361 1395 3404">
    <p class='ocr_par' dir='ltr' id='par_1_3' title="bbox 340 361 1395 3404">
     <span class='ocr_line' id='line_1_3' title="bbox 341 361 1370 416; baseline -0.001 -12"><span class='ocrx_word' id='word_1_3' title='bbox 341 364 452 416; x_wconf 90' lang='lat' dir='ltr'>quod</span> <span class='ocrx_word' id='word_1_4' title='bbox 484 363 626 404; x_wconf 81' lang='lat' dir='ltr'>subdit</span> <span class='ocrx_word' id='word_1_5' title='bbox 660 376 670 404; x_wconf 93' lang='lat'>:</span> <span class='ocrx_word' id='word_1_6' title='bbox 714 364 845 415; x_wconf 72' lang='lat' dir='ltr'>Coepit</span> <span class='ocrx_word' id='word_1_7' title='bbox 881 363 1016 405; x_wconf 75' lang='lat' dir='ltr'>dicere</span> <span class='ocrx_word' id='word_1_8' title='bbox 1046 362 1104 404; x_wconf 76' lang='lat' dir='ltr'>act</span> <span class='ocrx_word' id='word_1_9' title='bbox 1135 361 1370 414; x_wconf 71' lang='lat' dir='ltr'>discipulos</span> 
     </span>
     <span class='ocr_line' id='line_1_4' title="bbox 340 432 1370 487; baseline -0.004 -11"><span class='ocrx_word' id='word_1_10' title='bbox 340 445 438 476; x_wconf 78' lang='lat' dir='ltr'>suos</span> <span class='ocrx_word' id='word_1_11' title='bbox 458 449 473 475; x_wconf 92' lang='lat'>.·</span> <span class='ocrx_word' id='word_1_12' title='bbox 495 435 540 474; x_wconf 91' lang='lat' dir='ltr'>in</span> <span class='ocrx_word' id='word_1_13' title='bbox 557 438 712 487; x_wconf 89' lang='lat' dir='ltr'>aperto,</span> <span class='ocrx_word' id='word_1_14' title='bbox 734 435 834 486; x_wconf 87' lang='lat' dir='ltr'>quia</span> <span class='ocrx_word' id='word_1_15' title='bbox 852 434 1007 474; x_wconf 84' lang='lat' dir='ltr'>veritas</span> <span class='ocrx_word' id='word_1_16' title='bbox 1033 445 1120 473; x_wconf 91' lang='lat' dir='ltr'>non</span> <span class='ocrx_word' id='word_1_17' title='bbox 1139 432 1293 485; x_wconf 86' lang='lat' dir='ltr'>quaerit</span> <span class='ocrx_word' id='word_1_18' title='bbox 1310 432 1370 472; x_wconf 89' lang='lat' dir='ltr'>la-</span> 
     </span>
     <span class='ocr_line' id='line_1_5' title="bbox 340 503 1372 557; baseline -0.002 -12"><span class='ocrx_word' id='word_1_19' title='bbox 340 505 494 557; x_wconf 86' lang='lat' dir='ltr'>tebras,</span> <span class='ocrx_word' id='word_1_20' title='bbox 511 504 741 546; x_wconf 84' lang='lat' dir='ltr'>secundum</span> <span class='ocrx_word' id='word_1_21' title='bbox 756 504 858 544; x_wconf 86' lang='lat' dir='ltr'>illud</span> <span class='ocrx_word' id='word_1_22' title='bbox 878 505 1062 545; x_wconf 75' lang='lat' dir='ltr'>Joanm&#39;s</span> <span class='ocrx_word' id='word_1_23' title='bbox 1078 504 1089 525; x_wconf 89' lang='lat'><strong>¹</strong></span> <span class='ocrx_word' id='word_1_24' title='bbox 1114 516 1122 542; x_wconf 91' lang='lat'>:</span> <span class='ocrx_word' id='word_1_25' title='bbox 1148 518 1168 541; x_wconf 75' lang='grc' dir='ltr'>α</span> <span class='ocrx_word' id='word_1_26' title='bbox 1192 503 1283 554; x_wconf 79' lang='lat' dir='ltr'>Ego</span> <span class='ocrx_word' id='word_1_27' title='bbox 1304 515 1372 555; x_wconf 89' lang='lat' dir='ltr'>pa—</span> 
     </span>
     <span class='ocr_line' id='line_1_6' title="bbox 341 574 1371 626; baseline -0.001 -11"><span class='ocrx_word' id='word_1_28' title='bbox 341 575 425 616; x_wconf 88' lang='lat' dir='ltr'>lam</span> <span class='ocrx_word' id='word_1_29' title='bbox 445 576 609 615; x_wconf 86' lang='lat' dir='ltr'>locutus</span> <span class='ocrx_word' id='word_1_30' title='bbox 632 586 727 614; x_wconf 88' lang='lat' dir='ltr'>sum</span> <span class='ocrx_word' id='word_1_31' title='bbox 756 574 931 624; x_wconf 88' lang='lat' dir='ltr'>mundo,</span> <span class='ocrx_word' id='word_1_32' title='bbox 952 586 1033 626; x_wconf 88' lang='lat' dir='ltr'>ego</span> <span class='ocrx_word' id='word_1_33' title='bbox 1060 586 1226 626; x_wconf 89' lang='lat' dir='ltr'>semper</span> <span class='ocrx_word' id='word_1_34' title='bbox 1249 574 1371 615; x_wconf 88' lang='lat' dir='ltr'>docui</span> 
     </span>
     <span class='ocr_line' id='line_1_7' title="bbox 343 644 1372 699; baseline -0.001 -13"><span class='ocrx_word' id='word_1_35' title='bbox 343 646 385 686; x_wconf 91' lang='lat' dir='ltr'>in</span> <span class='ocrx_word' id='word_1_36' title='bbox 413 656 639 699; x_wconf 86' lang='lat' dir='ltr'>synagoga</span> <span class='ocrx_word' id='word_1_37' title='bbox 669 648 710 685; x_wconf 90' lang='lat' dir='ltr'>et</span> <span class='ocrx_word' id='word_1_38' title='bbox 742 645 788 684; x_wconf 86' lang='lat' dir='ltr'>in</span> <span class='ocrx_word' id='word_1_39' title='bbox 818 646 987 698; x_wconf 84' lang='lat' dir='ltr'>templo,</span> <span class='ocrx_word' id='word_1_40' title='bbox 1009 659 1028 683; x_wconf 73' lang='lat' dir='ltr'>n</span> <span class='ocrx_word' id='word_1_41' title='bbox 1065 648 1141 686; x_wconf 88' lang='lat' dir='ltr'>etc.</span> <span class='ocrx_word' id='word_1_42' title='bbox 1166 645 1216 686; x_wconf 89' lang='lat' dir='ltr'>Et</span> <span class='ocrx_word' id='word_1_43' title='bbox 1244 644 1372 685; x_wconf 78' lang='lat' dir='ltr'>talem</span> 
     </span>
     <span class='ocr_line' id='line_1_8' title="bbox 342 714 1373 769; baseline 0 -13"><span class='ocrx_word' id='word_1_44' title='bbox 342 716 511 757; x_wconf 80' lang='lat' dir='ltr'>decebat</span> <span class='ocrx_word' id='word_1_45' title='bbox 557 727 666 756; x_wconf 88' lang='lat' dir='ltr'>essse</span> <span class='ocrx_word' id='word_1_46' title='bbox 708 714 942 755; x_wconf 75' lang='lat' dir='ltr'>doctrinam</span> <span class='ocrx_word' id='word_1_47' title='bbox 979 716 1029 755; x_wconf 82' lang='lat' dir='ltr'>ad</span> <span class='ocrx_word' id='word_1_48' title='bbox 1074 716 1373 769; x_wconf 82' lang='lat' dir='ltr'>confutandam</span> 
     </span>
     <span class='ocr_line' id='line_1_9' title="bbox 344 785 1374 839; baseline 0.001 -13"><span class='ocrx_word' id='word_1_49' title='bbox 344 786 654 828; x_wconf 81' lang='lat' dir='ltr'>Pharisaeoruni</span> <span class='ocrx_word' id='word_1_50' title='bbox 676 785 896 837; x_wconf 85' lang='lat' dir='ltr'>malitiam,</span> <span class='ocrx_word' id='word_1_51' title='bbox 915 798 1012 839; x_wconf 58' lang='lat' dir='ltr'>quae</span> <span class='ocrx_word' id='word_1_52' title='bbox 1034 797 1200 839; x_wconf 83' lang='lat' dir='ltr'>semper</span> <span class='ocrx_word' id='word_1_53' title='bbox 1220 787 1374 839; x_wconf 82' lang='lat' dir='ltr'>quaerit</span> 
     </span>
     <span class='ocr_line' id='line_1_10' title="bbox 342 856 1373 909; baseline 0 -13"><span class='ocrx_word' id='word_1_54' title='bbox 342 856 569 907; x_wconf 87' lang='lat' dir='ltr'>latebram;</span> <span class='ocrx_word' id='word_1_55' title='bbox 604 857 706 909; x_wconf 83' lang='lat' dir='ltr'>quia</span> <span class='ocrx_word' id='word_1_56' title='bbox 740 857 949 897; x_wconf 86' lang='lat' dir='ltr'>contraria</span> <span class='ocrx_word' id='word_1_57' title='bbox 977 857 1198 897; x_wconf 80' lang='lat' dir='ltr'>contrariis</span> <span class='ocrx_word' id='word_1_58' title='bbox 1226 869 1373 897; x_wconf 86' lang='lat' dir='ltr'>curan-</span> 
     </span>
     <span class='ocr_line' id='line_1_11' title="bbox 342 927 1373 980; baseline -0.001 -12"><span class='ocrx_word' id='word_1_59' title='bbox 342 931 428 976; x_wconf 86' lang='lat' dir='ltr'>tur,</span> <span class='ocrx_word' id='word_1_60' title='bbox 448 930 489 968; x_wconf 89' lang='lat' dir='ltr'>et</span> <span class='ocrx_word' id='word_1_61' title='bbox 516 928 688 968; x_wconf 78' lang='lat' dir='ltr'>tenebra</span> <span class='ocrx_word' id='word_1_62' title='bbox 717 939 792 980; x_wconf 90' lang='lat' dir='ltr'>per</span> <span class='ocrx_word' id='word_1_63' title='bbox 815 927 964 968; x_wconf 88' lang='lat' dir='ltr'>lumen</span> <span class='ocrx_word' id='word_1_64' title='bbox 996 928 1235 980; x_wconf 81' lang='lat' dir='ltr'>expellitur.</span> <span class='ocrx_word' id='word_1_65' title='bbox 1265 928 1373 970; x_wconf 87' lang='lat' dir='ltr'>Pro-</span> 
     </span>
     <span class='ocr_line' id='line_1_12' title="bbox 342 998 1375 1052; baseline 0.003 -13"><span class='ocrx_word' id='word_1_66' title='bbox 342 1001 435 1052; x_wconf 84' lang='lat' dir='ltr'>pter</span> <span class='ocrx_word' id='word_1_67' title='bbox 467 999 579 1052; x_wconf 84' lang='lat' dir='ltr'>quod</span> <span class='ocrx_word' id='word_1_68' title='bbox 612 999 778 1039; x_wconf 78' lang='lat' dir='ltr'>additur</span> <span class='ocrx_word' id='word_1_69' title='bbox 811 1014 819 1039; x_wconf 92' lang='lat'>:</span> <span class='ocrx_word' id='word_1_70' title='bbox 862 998 1080 1041; x_wconf 74' lang='lat' dir='ltr'>Attendite</span> <span class='ocrx_word' id='word_1_71' title='bbox 1121 1010 1148 1040; x_wconf 83' lang='lat' dir='ltr'>a</span> <span class='ocrx_word' id='word_1_72' title='bbox 1174 1000 1375 1051; x_wconf 76' lang='lat' dir='ltr'>termento</span> 
     </span>
     <span class='ocr_line' id='line_1_13' title="bbox 343 1069 1373 1122; baseline -0.002 -11"><span class='ocrx_word' id='word_1_73' title='bbox 343 1070 669 1121; x_wconf 75' lang='lat' dir='ltr'>Plzarz‘saeorwn,</span> <span class='ocrx_word' id='word_1_74' title='bbox 697 1069 809 1122; x_wconf 78' lang='lat' dir='ltr'>quod</span> <span class='ocrx_word' id='word_1_75' title='bbox 840 1073 900 1111; x_wconf 75' lang='lat' dir='ltr'>esc</span> <span class='ocrx_word' id='word_1_76' title='bbox 933 1070 1189 1122; x_wconf 73' lang='lat' dir='ltr'>hypocrisis,</span> <span class='ocrx_word' id='word_1_77' title='bbox 1223 1070 1265 1110; x_wconf 88' lang='lat' dir='ltr'>id</span> <span class='ocrx_word' id='word_1_78' title='bbox 1297 1072 1373 1120; x_wconf 83' lang='lat' dir='ltr'>est,</span> 
     </span>
     <span class='ocr_line' id='line_1_14' title="bbox 342 1141 1373 1194; baseline 0 -12"><span class='ocrx_word' id='word_1_79' title='bbox 342 1144 485 1182; x_wconf 89' lang='lat' dir='ltr'>cavete</span> <span class='ocrx_word' id='word_1_80' title='bbox 517 1153 571 1181; x_wconf 90' lang='lat' dir='ltr'>ne</span> <span class='ocrx_word' id='word_1_81' title='bbox 604 1141 696 1182; x_wconf 87' lang='lat' dir='ltr'>sitis</span> <span class='ocrx_word' id='word_1_82' title='bbox 724 1141 976 1194; x_wconf 71' lang='lat' dir='ltr'>hypocritae,</span> <span class='ocrx_word' id='word_1_83' title='bbox 1004 1141 1112 1181; x_wconf 89' lang='lat' dir='ltr'>sicut</span> <span class='ocrx_word' id='word_1_84' title='bbox 1135 1141 1336 1182; x_wconf 57' lang='lat' dir='ltr'>Pharisaei</span> <span class='ocrx_word' id='word_1_85' title='bbox 1364 1156 1373 1182; x_wconf 73' lang='grc' dir='ltr'>ε</span> 
     </span>
     <span class='ocr_line' id='line_1_15' title="bbox 343 1212 1376 1265; baseline -0.002 -12"><span class='ocrx_word' id='word_1_86' title='bbox 343 1224 529 1265; x_wconf 83' lang='lat' dir='ltr'>quorum</span> <span class='ocrx_word' id='word_1_87' title='bbox 553 1213 640 1253; x_wconf 84' lang='lat' dir='ltr'>vita</span> <span class='ocrx_word' id='word_1_88' title='bbox 672 1216 712 1253; x_wconf 90' lang='lat' dir='ltr'>et</span> <span class='ocrx_word' id='word_1_89' title='bbox 742 1212 947 1264; x_wconf 85' lang='lat' dir='ltr'>doctrina,</span> <span class='ocrx_word' id='word_1_90' title='bbox 971 1214 1143 1265; x_wconf 86' lang='lat' dir='ltr'>propter</span> <span class='ocrx_word' id='word_1_91' title='bbox 1170 1212 1376 1252; x_wconf 88' lang='lat' dir='ltr'>malitiam</span> 
     </span>
     <span class='ocr_line' id='line_1_16' title="bbox 343 1283 1378 1336; baseline 0 -13"><span class='ocrx_word' id='word_1_92' title='bbox 343 1286 385 1324; x_wconf 88' lang='lat' dir='ltr'>et</span> <span class='ocrx_word' id='word_1_93' title='bbox 412 1284 640 1335; x_wconf 83' lang='lat' dir='ltr'>fallaciam,</span> <span class='ocrx_word' id='word_1_94' title='bbox 667 1285 921 1335; x_wconf 77' lang='lat' dir='ltr'>fermentum</span> <span class='ocrx_word' id='word_1_95' title='bbox 952 1284 1124 1335; x_wconf 85' lang='lat' dir='ltr'>dicitur,</span> <span class='ocrx_word' id='word_1_96' title='bbox 1153 1283 1254 1336; x_wconf 85' lang='lat' dir='ltr'>quia</span> <span class='ocrx_word' id='word_1_97' title='bbox 1284 1295 1378 1323; x_wconf 85' lang='lat' dir='ltr'>cor-</span> 
     </span>
     <span class='ocr_line' id='line_1_17' title="bbox 344 1354 1379 1409; baseline -0.001 -14"><span class='ocrx_word' id='word_1_98' title='bbox 344 1355 506 1408; x_wconf 88' lang='lat' dir='ltr'>rumpit</span> <span class='ocrx_word' id='word_1_99' title='bbox 530 1355 921 1409; x_wconf 73' lang='lat' dir='ltr'>imperceptibiliter</span> <span class='ocrx_word' id='word_1_100' title='bbox 940 1359 954 1380; x_wconf 82' lang='lat'><strong>²</strong></span> <span class='ocrx_word' id='word_1_101' title='bbox 979 1367 989 1394; x_wconf 76' lang='lat' dir='ltr'>t</span> <span class='ocrx_word' id='word_1_102' title='bbox 1023 1370 1042 1394; x_wconf 74' lang='grc' dir='ltr'>(ι</span> <span class='ocrx_word' id='word_1_103' title='bbox 1074 1354 1241 1404; x_wconf 80' lang='lat' dir='ltr'>Quievit</span> <span class='ocrx_word' id='word_1_104' title='bbox 1271 1367 1379 1407; x_wconf 87' lang='lat' dir='ltr'>pau-</span> 
     </span>
     <span class='ocr_line' id='line_1_18' title="bbox 344 1425 1381 1476; baseline -0.001 -10"><span class='ocrx_word' id='word_1_105' title='bbox 344 1426 482 1466; x_wconf 89' lang='lat' dir='ltr'>lulum</span> <span class='ocrx_word' id='word_1_106' title='bbox 500 1427 647 1468; x_wconf 88' lang='lat' dir='ltr'>civitas</span> <span class='ocrx_word' id='word_1_107' title='bbox 667 1439 691 1467; x_wconf 90' lang='lat' dir='ltr'>a</span> <span class='ocrx_word' id='word_1_108' title='bbox 709 1426 1000 1467; x_wconf 84' lang='lat' dir='ltr'>commistione</span> <span class='ocrx_word' id='word_1_109' title='bbox 1020 1425 1228 1476; x_wconf 82' lang='lat' dir='ltr'>fermenti,</span> <span class='ocrx_word' id='word_1_110' title='bbox 1249 1425 1381 1466; x_wconf 85' lang='lat' dir='ltr'>donec</span> 
     </span>
     <span class='ocr_line' id='line_1_19' title="bbox 345 1496 1380 1549; baseline -0.002 -11"><span class='ocrx_word' id='word_1_111' title='bbox 345 1498 669 1539; x_wconf 78' lang='lat' dir='ltr'>fermentaretur</span> <span class='ocrx_word' id='word_1_112' title='bbox 710 1500 862 1538; x_wconf 88' lang='lat' dir='ltr'>totum.</span> <span class='ocrx_word' id='word_1_113' title='bbox 899 1512 917 1535; x_wconf 74' lang='lat' dir='ltr'>i&gt;</span> <span class='ocrx_word' id='word_1_114' title='bbox 972 1497 1211 1549; x_wconf 81' lang='lat' dir='ltr'>Corrumpit</span> <span class='ocrx_word' id='word_1_115' title='bbox 1251 1496 1380 1537; x_wconf 89' lang='lat' dir='ltr'>etiam</span> 
     </span>
     <span class='ocr_line' id='line_1_20' title="bbox 346 1567 1382 1619; baseline -0.002 -10"><span class='ocrx_word' id='word_1_116' title='bbox 346 1569 657 1619; x_wconf 76' lang='lat' dir='ltr'>universaliter,</span> <span class='ocrx_word' id='word_1_117' title='bbox 675 1569 782 1609; x_wconf 87' lang='lat' dir='ltr'>sicut</span> <span class='ocrx_word' id='word_1_118' title='bbox 803 1568 955 1608; x_wconf 81' lang='lat' dir='ltr'>dicitur</span> <span class='ocrx_word' id='word_1_119' title='bbox 971 1567 985 1588; x_wconf 78' lang='lat'>³</span> <span class='ocrx_word' id='word_1_120' title='bbox 1004 1580 1014 1607; x_wconf 73' lang='grc' dir='ltr'>ε</span> <span class='ocrx_word' id='word_1_121' title='bbox 1039 1567 1284 1608; x_wconf 78' lang='lat' dir='ltr'>«Modicum</span> <span class='ocrx_word' id='word_1_122' title='bbox 1303 1568 1382 1607; x_wconf 74' lang='lat' dir='ltr'>fer»</span> 
     </span>
     <span class='ocr_line' id='line_1_21' title="bbox 348 1639 1382 1691; baseline 0.001 -11"><span class='ocrx_word' id='word_1_123' title='bbox 348 1644 541 1681; x_wconf 89' lang='lat' dir='ltr'>mentum</span> <span class='ocrx_word' id='word_1_124' title='bbox 570 1643 699 1680; x_wconf 86' lang='lat' dir='ltr'>totam</span> <span class='ocrx_word' id='word_1_125' title='bbox 737 1651 920 1679; x_wconf 79' lang='lat' dir='ltr'>massam</span> <span class='ocrx_word' id='word_1_126' title='bbox 957 1639 1248 1691; x_wconf 81' lang='lat' dir='ltr'>corrumpit.»</span> <span class='ocrx_word' id='word_1_127' title='bbox 1284 1639 1382 1681; x_wconf 90' lang='lat' dir='ltr'>Ideo</span> 
     </span>
     <span class='ocr_line' id='line_1_22' title="bbox 349 1710 1379 1763; baseline 0 -13"><span class='ocrx_word' id='word_1_128' title='bbox 349 1711 542 1751; x_wconf 76' lang='lat' dir='ltr'>subditur</span> <span class='ocrx_word' id='word_1_129' title='bbox 563 1711 576 1732; x_wconf 77' lang='lat'><strong>⁴</strong></span> <span class='ocrx_word' id='word_1_130' title='bbox 600 1723 608 1749; x_wconf 95' lang='lat'><strong>:</strong></span> <span class='ocrx_word' id='word_1_131' title='bbox 637 1725 656 1749; x_wconf 74' lang='lat' dir='ltr'>c&lt;</span> <span class='ocrx_word' id='word_1_132' title='bbox 681 1710 926 1763; x_wconf 78' lang='lat' dir='ltr'>Expurgate</span> <span class='ocrx_word' id='word_1_133' title='bbox 954 1712 1078 1751; x_wconf 87' lang='lat' dir='ltr'>vetus</span> <span class='ocrx_word' id='word_1_134' title='bbox 1106 1710 1379 1761; x_wconf 85' lang='lat' dir='ltr'>fermentum,</span> 
     </span>
     <span class='ocr_line' id='line_1_23' title="bbox 349 1780 1384 1833; baseline 0 -11"><span class='ocrx_word' id='word_1_135' title='bbox 349 1785 397 1823; x_wconf 88' lang='lat' dir='ltr'>ut</span> <span class='ocrx_word' id='word_1_136' title='bbox 428 1783 516 1822; x_wconf 91' lang='lat' dir='ltr'>sitis</span> <span class='ocrx_word' id='word_1_137' title='bbox 550 1793 662 1822; x_wconf 86' lang='lat' dir='ltr'>nova</span> <span class='ocrx_word' id='word_1_138' title='bbox 693 1781 948 1833; x_wconf 83' lang='lat' dir='ltr'>conspersio.</span> <span class='ocrx_word' id='word_1_139' title='bbox 981 1794 1001 1818; x_wconf 83' lang='lat'>»</span> <span class='ocrx_word' id='word_1_140' title='bbox 1034 1780 1121 1821; x_wconf 89' lang='lat' dir='ltr'>Hoc</span> <span class='ocrx_word' id='word_1_141' title='bbox 1149 1783 1292 1822; x_wconf 85' lang='lat' dir='ltr'>autem</span> <span class='ocrx_word' id='word_1_142' title='bbox 1322 1784 1384 1822; x_wconf 83' lang='lat' dir='ltr'>est</span> 
     </span>
     <span class='ocr_line' id='line_1_24' title="bbox 349 1851 1381 1905; baseline -0.002 -11"><span class='ocrx_word' id='word_1_143' title='bbox 349 1856 472 1895; x_wconf 81' lang='lat' dir='ltr'>vetus</span> <span class='ocrx_word' id='word_1_144' title='bbox 491 1854 762 1902; x_wconf 82' lang='lat' dir='ltr'>fermentum,</span> <span class='ocrx_word' id='word_1_145' title='bbox 786 1852 900 1905; x_wconf 84' lang='lat' dir='ltr'>quod</span> <span class='ocrx_word' id='word_1_146' title='bbox 926 1851 1113 1892; x_wconf 82' lang='lat' dir='ltr'>consistit</span> <span class='ocrx_word' id='word_1_147' title='bbox 1134 1852 1177 1891; x_wconf 90' lang='lat' dir='ltr'>in</span> <span class='ocrx_word' id='word_1_148' title='bbox 1204 1852 1381 1893; x_wconf 82' lang='lat' dir='ltr'>fraudu-</span> 
     </span>
     <span class='ocr_line' id='line_1_25' title="bbox 349 1922 1381 1976; baseline -0.003 -10"><span class='ocrx_word' id='word_1_149' title='bbox 349 1926 479 1966; x_wconf 89' lang='lat' dir='ltr'>lentia</span> <span class='ocrx_word' id='word_1_150' title='bbox 512 1925 792 1976; x_wconf 66' lang='lat' dir='ltr'>(loct1¹inae‚et</span> <span class='ocrx_word' id='word_1_151' title='bbox 823 1924 983 1964; x_wconf 85' lang='lat' dir='ltr'>malitia</span> <span class='ocrx_word' id='word_1_152' title='bbox 1009 1923 1122 1964; x_wconf 83' lang='lat' dir='ltr'>vitae.</span> <span class='ocrx_word' id='word_1_153' title='bbox 1154 1922 1273 1964; x_wconf 88' lang='lat' dir='ltr'>Unde</span> <span class='ocrx_word' id='word_1_154' title='bbox 1304 1924 1381 1963; x_wconf 88' lang='lat' dir='ltr'>ibi-</span> 
     </span>
     <span class='ocr_line' id='line_1_26' title="bbox 351 1998 1385 2051; baseline 0 -12"><span class='ocrx_word' id='word_1_155' title='bbox 351 2001 445 2041; x_wconf 85' lang='lat' dir='ltr'>dem</span> <span class='ocrx_word' id='word_1_156' title='bbox 467 2000 662 2040; x_wconf 82' lang='lat' dir='ltr'>subditur</span> <span class='ocrx_word' id='word_1_157' title='bbox 682 2000 694 2022; x_wconf 81' lang='lat'><strong>⁵</strong></span> <span class='ocrx_word' id='word_1_158' title='bbox 723 2014 731 2040; x_wconf 89' lang='lat'>:</span> <span class='ocrx_word' id='word_1_159' title='bbox 761 1999 942 2051; x_wconf 82' lang='lat' dir='ltr'>«Neque</span> <span class='ocrx_word' id='word_1_160' title='bbox 967 1998 1012 2038; x_wconf 89' lang='lat' dir='ltr'>in</span> <span class='ocrx_word' id='word_1_161' title='bbox 1037 1999 1244 2039; x_wconf 81' lang='lat' dir='ltr'>fermento</span> <span class='ocrx_word' id='word_1_162' title='bbox 1264 1999 1385 2039; x_wconf 88' lang='lat' dir='ltr'>mali-</span> 
     </span>
     <span class='ocr_line' id='line_1_27' title="bbox 351 2070 1385 2124; baseline -0.002 -12"><span class='ocrx_word' id='word_1_163' title='bbox 351 2072 421 2112; x_wconf 85' lang='lat' dir='ltr'>tiae</span> <span class='ocrx_word' id='word_1_164' title='bbox 442 2075 482 2112; x_wconf 88' lang='lat' dir='ltr'>et</span> <span class='ocrx_word' id='word_1_165' title='bbox 502 2071 718 2124; x_wconf 79' lang='lat' dir='ltr'>nequitiae,</span> <span class='ocrx_word' id='word_1_166' title='bbox 738 2070 810 2111; x_wconf 85' lang='lat' dir='ltr'>sed</span> <span class='ocrx_word' id='word_1_167' title='bbox 828 2070 872 2109; x_wconf 92' lang='lat' dir='ltr'>in</span> <span class='ocrx_word' id='word_1_168' title='bbox 893 2070 1052 2123; x_wconf 74' lang='lat' dir='ltr'>azymis</span> <span class='ocrx_word' id='word_1_169' title='bbox 1073 2070 1324 2110; x_wconf 76' lang='lat' dir='ltr'>sinceritatis</span> <span class='ocrx_word' id='word_1_170' title='bbox 1343 2072 1385 2111; x_wconf 89' lang='lat' dir='ltr'>et</span> 
     </span>
     <span class='ocr_line' id='line_1_28' title="bbox 352 2141 1385 2183; baseline -0.001 0"><span class='ocrx_word' id='word_1_171' title='bbox 352 2143 555 2183; x_wconf 87' lang='lat' dir='ltr'>veritatis.</span> <span class='ocrx_word' id='word_1_172' title='bbox 581 2157 600 2180; x_wconf 91' lang='lat'>»</span> <span class='ocrx_word' id='word_1_173' title='bbox 621 2142 685 2183; x_wconf 83' lang='lat' dir='ltr'>Ab</span> <span class='ocrx_word' id='word_1_174' title='bbox 711 2142 792 2182; x_wconf 90' lang='lat' dir='ltr'>hoc</span> <span class='ocrx_word' id='word_1_175' title='bbox 818 2142 1023 2181; x_wconf 86' lang='lat' dir='ltr'>fermento</span> <span class='ocrx_word' id='word_1_176' title='bbox 1047 2143 1214 2181; x_wconf 85' lang='lat' dir='ltr'>revocat</span> <span class='ocrx_word' id='word_1_177' title='bbox 1233 2141 1278 2181; x_wconf 88' lang='lat' dir='ltr'>in</span> <span class='ocrx_word' id='word_1_178' title='bbox 1304 2141 1385 2182; x_wconf 84' lang='lat' dir='ltr'>hoc</span> 
     </span>
     <span class='ocr_line' id='line_1_29' title="bbox 352 2211 1387 2264; baseline 0 -10"><span class='ocrx_word' id='word_1_179' title='bbox 352 2213 464 2263; x_wconf 89' lang='lat' dir='ltr'>loco;</span> <span class='ocrx_word' id='word_1_180' title='bbox 494 2217 534 2254; x_wconf 91' lang='lat' dir='ltr'>et</span> <span class='ocrx_word' id='word_1_181' title='bbox 564 2213 616 2254; x_wconf 86' lang='lat' dir='ltr'>de</span> <span class='ocrx_word' id='word_1_182' title='bbox 647 2214 727 2253; x_wconf 91' lang='lat' dir='ltr'>hoc</span> <span class='ocrx_word' id='word_1_183' title='bbox 753 2213 795 2252; x_wconf 91' lang='lat' dir='ltr'>in</span> <span class='ocrx_word' id='word_1_184' title='bbox 827 2213 971 2264; x_wconf 81' lang='lat' dir='ltr'>figura</span> <span class='ocrx_word' id='word_1_185' title='bbox 1000 2212 1153 2252; x_wconf 87' lang='lat' dir='ltr'>dicitur</span> <span class='ocrx_word' id='word_1_186' title='bbox 1172 2213 1216 2252; x_wconf 72' lang='lat'>⁶:</span> <span class='ocrx_word' id='word_1_187' title='bbox 1248 2227 1266 2250; x_wconf 84' lang='lat'>(‹</span> <span class='ocrx_word' id='word_1_188' title='bbox 1293 2211 1387 2253; x_wconf 89' lang='lat' dir='ltr'>Non</span> 
     </span>
     <span class='ocr_line' id='line_1_30' title="bbox 354 2283 1387 2337; baseline -0.001 -12"><span class='ocrx_word' id='word_1_189' title='bbox 354 2285 571 2337; x_wconf 78' lang='lat' dir='ltr'>apparebit</span> <span class='ocrx_word' id='word_1_190' title='bbox 607 2285 909 2325; x_wconf 81' lang='lat' dir='ltr'>fermentatum</span> <span class='ocrx_word' id='word_1_191' title='bbox 957 2283 1002 2324; x_wconf 89' lang='lat' dir='ltr'>in</span> <span class='ocrx_word' id='word_1_192' title='bbox 1051 2284 1251 2324; x_wconf 89' lang='lat' dir='ltr'>omnibus</span> <span class='ocrx_word' id='word_1_193' title='bbox 1301 2287 1387 2324; x_wconf 80' lang='lat' dir='ltr'>ter-</span> 
     </span>
     <span class='ocr_line' id='line_1_31' title="bbox 355 2355 1387 2409; baseline -0.001 -12"><span class='ocrx_word' id='word_1_194' title='bbox 355 2357 481 2398; x_wconf 89' lang='lat' dir='ltr'>minis</span> <span class='ocrx_word' id='word_1_195' title='bbox 510 2357 608 2398; x_wconf 81' lang='lat' dir='ltr'>tuis.</span> <span class='ocrx_word' id='word_1_196' title='bbox 633 2371 651 2394; x_wconf 85' lang='lat'>›)</span> <span class='ocrx_word' id='word_1_197' title='bbox 685 2356 791 2406; x_wconf 78' lang='lat' dir='ltr'>Quia</span> <span class='ocrx_word' id='word_1_198' title='bbox 816 2356 909 2396; x_wconf 71' lang='lat' dir='ltr'>hcec</span> <span class='ocrx_word' id='word_1_199' title='bbox 939 2355 1153 2396; x_wconf 78' lang='lat' dir='ltr'>simulatio</span> <span class='ocrx_word' id='word_1_200' title='bbox 1178 2360 1218 2396; x_wconf 88' lang='lat' dir='ltr'>ct</span> <span class='ocrx_word' id='word_1_201' title='bbox 1249 2356 1387 2409; x_wconf 82' lang='lat' dir='ltr'>hypo-</span> 
     </span>
     <span class='ocr_line' id='line_1_32' title="bbox 354 2426 1389 2479; baseline -0.003 -10"><span class='ocrx_word' id='word_1_202' title='bbox 354 2429 474 2469; x_wconf 90' lang='lat' dir='ltr'>crisis</span> <span class='ocrx_word' id='word_1_203' title='bbox 493 2428 616 2469; x_wconf 87' lang='lat' dir='ltr'>debet</span> <span class='ocrx_word' id='word_1_204' title='bbox 633 2427 827 2479; x_wconf 88' lang='lat' dir='ltr'>elongari</span> <span class='ocrx_word' id='word_1_205' title='bbox 848 2440 872 2467; x_wconf 91' lang='lat' dir='ltr'>a</span> <span class='ocrx_word' id='word_1_206' title='bbox 891 2426 1053 2467; x_wconf 87' lang='lat' dir='ltr'>cunctis</span> <span class='ocrx_word' id='word_1_207' title='bbox 1075 2427 1275 2479; x_wconf 89' lang='lat' dir='ltr'>operibus</span> <span class='ocrx_word' id='word_1_208' title='bbox 1294 2438 1389 2467; x_wconf 90' lang='lat' dir='ltr'>nos-</span> 
     </span>
     <span class='ocr_line' id='line_1_33' title="bbox 356 2497 1390 2550; baseline 0 -11"><span class='ocrx_word' id='word_1_209' title='bbox 356 2500 444 2550; x_wconf 85' lang='lat' dir='ltr'>tris,</span> <span class='ocrx_word' id='word_1_210' title='bbox 466 2502 506 2540; x_wconf 89' lang='lat' dir='ltr'>et</span> <span class='ocrx_word' id='word_1_211' title='bbox 529 2500 713 2539; x_wconf 77' lang='lat' dir='ltr'>maxime</span> <span class='ocrx_word' id='word_1_212' title='bbox 731 2511 753 2539; x_wconf 87' lang='lat' dir='ltr'>a</span> <span class='ocrx_word' id='word_1_213' title='bbox 772 2498 994 2539; x_wconf 83' lang='lat' dir='ltr'>devotione</span> <span class='ocrx_word' id='word_1_214' title='bbox 1014 2497 1239 2550; x_wconf 85' lang='lat' dir='ltr'>spirituali,</span> <span class='ocrx_word' id='word_1_215' title='bbox 1255 2497 1300 2537; x_wconf 88' lang='lat' dir='ltr'>in</span> <span class='ocrx_word' id='word_1_216' title='bbox 1319 2499 1390 2539; x_wconf 84' lang='lat' dir='ltr'>Le-</span> 
     </span>
     <span class='ocr_line' id='line_1_34' title="bbox 357 2569 1389 2622; baseline -0.003 -9"><span class='ocrx_word' id='word_1_217' title='bbox 357 2573 486 2613; x_wconf 75' lang='lat' dir='ltr'>vitico</span> <span class='ocrx_word' id='word_1_218' title='bbox 514 2571 627 2611; x_wconf 88' lang='lat' dir='ltr'>enim</span> <span class='ocrx_word' id='word_1_219' title='bbox 659 2571 811 2611; x_wconf 89' lang='lat' dir='ltr'>dicitur</span> <span class='ocrx_word' id='word_1_220' title='bbox 830 2570 843 2592; x_wconf 80' lang='lat'><strong>⁷</strong></span> <span class='ocrx_word' id='word_1_221' title='bbox 866 2584 873 2610; x_wconf 93' lang='lat'>:</span> <span class='ocrx_word' id='word_1_222' title='bbox 903 2569 1086 2610; x_wconf 87' lang='lat' dir='ltr'>«Omnis</span> <span class='ocrx_word' id='word_1_223' title='bbox 1113 2569 1267 2609; x_wconf 83' lang='lat' dir='ltr'>oblatio</span> <span class='ocrx_word' id='word_1_224' title='bbox 1293 2581 1389 2622; x_wconf 71' lang='lat' dir='ltr'>quae</span> 
     </span>
     <span class='ocr_line' id='line_1_35' title="bbox 356 2641 1389 2694; baseline -0.003 -10"><span class='ocrx_word' id='word_1_225' title='bbox 356 2643 533 2684; x_wconf 78' lang='lat' dir='ltr'>offertur</span> <span class='ocrx_word' id='word_1_226' title='bbox 552 2642 744 2692; x_wconf 83' lang='lat' dir='ltr'>Domino,</span> <span class='ocrx_word' id='word_1_227' title='bbox 768 2642 928 2694; x_wconf 79' lang='lat' dir='ltr'>absque</span> <span class='ocrx_word' id='word_1_228' title='bbox 948 2641 1153 2681; x_wconf 85' lang='lat' dir='ltr'>fermento</span> <span class='ocrx_word' id='word_1_229' title='bbox 1172 2641 1262 2691; x_wconf 78' lang='lat' dir='ltr'>fiet3</span> <span class='ocrx_word' id='word_1_230' title='bbox 1292 2654 1310 2677; x_wconf 74' lang='lat' dir='ltr'>n</span> <span class='ocrx_word' id='word_1_231' title='bbox 1337 2641 1389 2681; x_wconf 88' lang='lat' dir='ltr'>ab</span> 
     </span>
     <span class='ocr_line' id='line_1_36' title="bbox 357 2712 1385 2766; baseline -0.003 -11"><span class='ocrx_word' id='word_1_232' title='bbox 357 2715 581 2755; x_wconf 81' lang='lat' dir='ltr'>afflictione</span> <span class='ocrx_word' id='word_1_233' title='bbox 612 2713 833 2766; x_wconf 86' lang='lat' dir='ltr'>corporali,</span> <span class='ocrx_word' id='word_1_234' title='bbox 855 2716 904 2753; x_wconf 91' lang='lat' dir='ltr'>ut</span> <span class='ocrx_word' id='word_1_235' title='bbox 927 2713 971 2753; x_wconf 89' lang='lat' dir='ltr'>in</span> <span class='ocrx_word' id='word_1_236' title='bbox 999 2712 1319 2754; x_wconf 73' lang='lat' dir='ltr'>Deuteronomio</span> <span class='ocrx_word' id='word_1_237' title='bbox 1340 2714 1353 2734; x_wconf 66' lang='grc' dir='ltr'>Β</span> <span class='ocrx_word' id='word_1_238' title='bbox 1377 2726 1385 2752; x_wconf 79' lang='lat' dir='ltr'><em>z</em></span> 
     </span>
     <span class='ocr_line' id='line_1_37' title="bbox 363 2784 1390 2838; baseline 0.001 -15"><span class='ocrx_word' id='word_1_239' title='bbox 363 2802 382 2823; x_wconf 89' lang='lat'>«</span> <span class='ocrx_word' id='word_1_240' title='bbox 405 2786 572 2838; x_wconf 84' lang='lat' dir='ltr'>Septem</span> <span class='ocrx_word' id='word_1_241' title='bbox 602 2785 749 2825; x_wconf 89' lang='lat' dir='ltr'>diebus</span> <span class='ocrx_word' id='word_1_242' title='bbox 775 2784 967 2824; x_wconf 84' lang='lat' dir='ltr'>comedes</span> <span class='ocrx_word' id='word_1_243' title='bbox 992 2784 1153 2836; x_wconf 82' lang='lat' dir='ltr'>absque</span> <span class='ocrx_word' id='word_1_244' title='bbox 1182 2784 1390 2824; x_wconf 85' lang='lat' dir='ltr'>fermento</span> 
     </span>
     <span class='ocr_line' id='line_1_38' title="bbox 359 2854 1390 2908; baseline -0.003 -11"><span class='ocrx_word' id='word_1_245' title='bbox 359 2856 596 2897; x_wconf 83' lang='lat' dir='ltr'>afflictionis</span> <span class='ocrx_word' id='word_1_246' title='bbox 627 2867 802 2907; x_wconf 82' lang='lat' dir='ltr'>panem3</span> <span class='ocrx_word' id='word_1_247' title='bbox 826 2869 845 2893; x_wconf 86' lang='lat'>»</span> <span class='ocrx_word' id='word_1_248' title='bbox 877 2868 902 2895; x_wconf 92' lang='lat' dir='ltr'>a</span> <span class='ocrx_word' id='word_1_249' title='bbox 928 2854 1225 2908; x_wconf 62' lang='lat' dir='ltr'>praedicatione</span> <span class='ocrx_word' id='word_1_250' title='bbox 1257 2855 1390 2895; x_wconf 85' lang='lat' dir='ltr'>divini</span> 
     </span>
     <span class='ocr_line' id='line_1_39' title="bbox 360 2925 1391 2978; baseline -0.001 -12"><span class='ocrx_word' id='word_1_251' title='bbox 360 2926 479 2967; x_wconf 86' lang='lat' dir='ltr'>verbi</span> <span class='ocrx_word' id='word_1_252' title='bbox 505 2930 518 2951; x_wconf 82' lang='lat'>⁹</span> <span class='ocrx_word' id='word_1_253' title='bbox 546 2941 554 2966; x_wconf 81' lang='lat'>2</span> <span class='ocrx_word' id='word_1_254' title='bbox 593 2941 610 2964; x_wconf 74' lang='grc' dir='ltr'>α</span> <span class='ocrx_word' id='word_1_255' title='bbox 636 2925 729 2967; x_wconf 92' lang='lat' dir='ltr'>Non</span> <span class='ocrx_word' id='word_1_256' title='bbox 759 2925 1000 2966; x_wconf 85' lang='lat' dir='ltr'>immolabis</span> <span class='ocrx_word' id='word_1_257' title='bbox 1029 2937 1155 2978; x_wconf 86' lang='lat' dir='ltr'>super</span> <span class='ocrx_word' id='word_1_258' title='bbox 1183 2926 1391 2965; x_wconf 85' lang='lat' dir='ltr'>fermento</span> 
     </span>
     <span class='ocr_line' id='line_1_40' title="bbox 360 2995 1392 3049; baseline 0 -12"><span class='ocrx_word' id='word_1_259' title='bbox 360 2997 617 3048; x_wconf 84' lang='lat' dir='ltr'>sanguinem</span> <span class='ocrx_word' id='word_1_260' title='bbox 639 2997 825 3037; x_wconf 66' lang='lat' dir='ltr'>victimas</span> <span class='ocrx_word' id='word_1_261' title='bbox 848 3008 968 3037; x_wconf 82' lang='lat' dir='ltr'>meae.</span> <span class='ocrx_word' id='word_1_262' title='bbox 995 3010 1012 3034; x_wconf 70' lang='grc' dir='ltr'>υ</span> <span class='ocrx_word' id='word_1_263' title='bbox 1038 2996 1154 3036; x_wconf 81' lang='lat' dir='ltr'>Unde</span> <span class='ocrx_word' id='word_1_264' title='bbox 1176 2995 1392 3049; x_wconf 82' lang='lat' dir='ltr'>Scriptura</span> 
     </span>
     <span class='ocr_line' id='line_1_41' title="bbox 360 3067 1392 3120; baseline -0.001 -11"><span class='ocrx_word' id='word_1_265' title='bbox 360 3068 480 3109; x_wconf 86' lang='lat' dir='ltr'>docet</span> <span class='ocrx_word' id='word_1_266' title='bbox 511 3068 590 3107; x_wconf 88' lang='lat' dir='ltr'>hoc</span> <span class='ocrx_word' id='word_1_267' title='bbox 622 3067 776 3107; x_wconf 86' lang='lat' dir='ltr'>vitium</span> <span class='ocrx_word' id='word_1_268' title='bbox 811 3080 898 3108; x_wconf 91' lang='lat' dir='ltr'>esse</span> <span class='ocrx_word' id='word_1_269' title='bbox 929 3067 1167 3117; x_wconf 87' lang='lat' dir='ltr'>vitandum,</span> <span class='ocrx_word' id='word_1_270' title='bbox 1188 3070 1392 3120; x_wconf 86' lang='lat' dir='ltr'>tanquam</span> 
     </span>
     <span class='ocr_line' id='line_1_42' title="bbox 359 3137 1390 3190; baseline -0.002 -11"><span class='ocrx_word' id='word_1_271' title='bbox 359 3138 546 3179; x_wconf 80' lang='lat' dir='ltr'>maxime</span> <span class='ocrx_word' id='word_1_272' title='bbox 575 3139 883 3190; x_wconf 85' lang='lat' dir='ltr'>corruptivum.</span> <span class='ocrx_word' id='word_1_273' title='bbox 905 3137 1020 3178; x_wconf 87' lang='lat' dir='ltr'>Licet</span> <span class='ocrx_word' id='word_1_274' title='bbox 1051 3141 1193 3178; x_wconf 75' lang='lat' dir='ltr'>autem</span> <span class='ocrx_word' id='word_1_275' title='bbox 1221 3138 1273 3178; x_wconf 88' lang='lat' dir='ltr'>sit</span> <span class='ocrx_word' id='word_1_276' title='bbox 1300 3150 1390 3178; x_wconf 89' lang='lat' dir='ltr'>ma-</span> 
     </span>
     <span class='ocr_line' id='line_1_43' title="bbox 359 3209 1393 3262; baseline -0.001 -12"><span class='ocrx_word' id='word_1_277' title='bbox 359 3210 476 3251; x_wconf 80' lang='lat' dir='ltr'>xime</span> <span class='ocrx_word' id='word_1_278' title='bbox 510 3210 819 3261; x_wconf 74' lang='lat' dir='ltr'>corruptivum,</span> <span class='ocrx_word' id='word_1_279' title='bbox 850 3221 936 3250; x_wconf 89' lang='lat' dir='ltr'>non</span> <span class='ocrx_word' id='word_1_280' title='bbox 961 3215 1103 3249; x_wconf 85' lang='lat' dir='ltr'>tamen</span> <span class='ocrx_word' id='word_1_281' title='bbox 1128 3212 1189 3249; x_wconf 87' lang='lat' dir='ltr'>est</span> <span class='ocrx_word' id='word_1_282' title='bbox 1218 3209 1393 3262; x_wconf 89' lang='lat' dir='ltr'>capitale</span> 
     </span>
     <span class='ocr_line' id='line_1_44' title="bbox 361 3280 1395 3334; baseline -0.001 -12"><span class='ocrx_word' id='word_1_283' title='bbox 361 3283 595 3334; x_wconf 89' lang='lat' dir='ltr'>peccatum,</span> <span class='ocrx_word' id='word_1_284' title='bbox 617 3280 717 3333; x_wconf 84' lang='lat' dir='ltr'>quia</span> <span class='ocrx_word' id='word_1_285' title='bbox 743 3282 835 3332; x_wconf 76' lang='lat' dir='ltr'>eJus</span> <span class='ocrx_word' id='word_1_286' title='bbox 861 3281 1074 3333; x_wconf 87' lang='lat' dir='ltr'>corruptio</span> <span class='ocrx_word' id='word_1_287' title='bbox 1099 3280 1268 3321; x_wconf 84' lang='lat' dir='ltr'>aliunde</span> <span class='ocrx_word' id='word_1_288' title='bbox 1294 3293 1395 3321; x_wconf 87' lang='lat' dir='ltr'>cau-</span> 
     </span>
     <span class='ocr_line' id='line_1_45' title="bbox 362 3351 1393 3404; baseline -0.001 -11"><span class='ocrx_word' id='word_1_289' title='bbox 362 3355 478 3393; x_wconf 86' lang='lat' dir='ltr'>satur</span> <span class='ocrx_word' id='word_1_290' title='bbox 510 3365 519 3391; x_wconf 90' lang='lat'>:</span> <span class='ocrx_word' id='word_1_291' title='bbox 554 3364 654 3393; x_wconf 90' lang='lat' dir='ltr'>nam</span> <span class='ocrx_word' id='word_1_292' title='bbox 691 3351 926 3404; x_wconf 85' lang='lat' dir='ltr'>hypocrisis</span> <span class='ocrx_word' id='word_1_293' title='bbox 962 3351 1176 3402; x_wconf 78' lang='lat' dir='ltr'>originem</span> <span class='ocrx_word' id='word_1_294' title='bbox 1209 3352 1338 3392; x_wconf 86' lang='lat' dir='ltr'>trahit</span> <span class='ocrx_word' id='word_1_295' title='bbox 1370 3365 1393 3392; x_wconf 91' lang='lat' dir='ltr'>a</span> 
     </span>
    </p>
   </div>
   <div class='ocr_carea' id='block_1_4' title="bbox 364 3483 1394 3619">
    <p class='ocr_par' dir='ltr' id='par_1_4' title="bbox 364 3483 1394 3619">
     <span class='ocr_line' id='line_1_46' title="bbox 405 3483 1393 3524; baseline -0.001 -9"><span class='ocrx_word' id='word_1_296' title='bbox 405 3486 415 3506; x_wconf 83' lang='lat'><strong>¹</strong></span> <span class='ocrx_word' id='word_1_297' title='bbox 435 3485 543 3522; x_wconf 62' lang='lat' dir='ltr'>Joan„</span> <span class='ocrx_word' id='word_1_298' title='bbox 564 3491 674 3523; x_wconf 78' lang='lat' dir='ltr'>xv111,</span> <span class='ocrx_word' id='word_1_299' title='bbox 699 3483 750 3514; x_wconf 75' lang='lat'>20.</span> <span class='ocrx_word' id='word_1_300' title='bbox 774 3499 814 3505; x_wconf 93' lang='lat'>—</span> <span class='ocrx_word' id='word_1_301' title='bbox 833 3483 846 3503; x_wconf 75' lang='lat'><strong>²</strong></span> <span class='ocrx_word' id='word_1_302' title='bbox 872 3483 959 3522; x_wconf 62' lang='lat' dir='ltr'>Oce„</span> <span class='ocrx_word' id='word_1_303' title='bbox 980 3490 1047 3523; x_wconf 83' lang='lat' dir='ltr'>vn,</span> <span class='ocrx_word' id='word_1_304' title='bbox 1067 3485 1084 3514; x_wconf 76' lang='lat'>4</span> <span class='ocrx_word' id='word_1_305' title='bbox 1120 3501 1157 3506; x_wconf 87' lang='lat'>—-</span> <span class='ocrx_word' id='word_1_306' title='bbox 1181 3483 1194 3504; x_wconf 80' lang='grc'>3</span> <span class='ocrx_word' id='word_1_307' title='bbox 1217 3484 1224 3515; x_wconf 90' lang='grc' dir='ltr'>Ι</span> <span class='ocrx_word' id='word_1_308' title='bbox 1248 3484 1338 3524; x_wconf 56' lang='lat' dir='ltr'>Com,</span> <span class='ocrx_word' id='word_1_309' title='bbox 1361 3492 1393 3523; x_wconf 89' lang='lat' dir='ltr'>v,</span> 
     </span>
     <span class='ocr_line' id='line_1_47' title="bbox 364 3530 1320 3572; baseline 0 -10"><span class='ocrx_word' id='word_1_310' title='bbox 364 3534 394 3564; x_wconf 79' lang='lat' dir='ltr'>o.</span> <span class='ocrx_word' id='word_1_311' title='bbox 415 3549 455 3555; x_wconf 96' lang='lat'>—</span> <span class='ocrx_word' id='word_1_312' title='bbox 482 3532 491 3549; x_wconf 67' lang='lat'><strong>⁴</strong></span> <span class='ocrx_word' id='word_1_313' title='bbox 517 3531 614 3571; x_wconf 78' lang='lat' dir='ltr'>ibid,</span> <span class='ocrx_word' id='word_1_314' title='bbox 634 3533 665 3562; x_wconf 83' lang='lat'>7.</span> <span class='ocrx_word' id='word_1_315' title='bbox 692 3548 730 3552; x_wconf 89' lang='lat'>—</span> <span class='ocrx_word' id='word_1_316' title='bbox 756 3531 766 3549; x_wconf 86' lang='lat'><strong>⁵</strong></span> <span class='ocrx_word' id='word_1_317' title='bbox 788 3530 883 3570; x_wconf 70' lang='lat' dir='ltr'>ibid.5</span> <span class='ocrx_word' id='word_1_318' title='bbox 911 3532 939 3561; x_wconf 91' lang='lat'>8.</span> <span class='ocrx_word' id='word_1_319' title='bbox 963 3548 1003 3554; x_wconf 85' lang='lat'>-—</span> <span class='ocrx_word' id='word_1_320' title='bbox 1028 3531 1039 3548; x_wconf 72' lang='lat'><strong>⁶</strong></span> <span class='ocrx_word' id='word_1_321' title='bbox 1059 3530 1172 3568; x_wconf 67' lang='lat' dir='ltr'>Deut„</span> <span class='ocrx_word' id='word_1_322' title='bbox 1198 3539 1276 3572; x_wconf 68' lang='lat' dir='ltr'>xm,</span> <span class='ocrx_word' id='word_1_323' title='bbox 1304 3532 1320 3562; x_wconf 82' lang='lat'><strong>3</strong></span> 
     </span>
     <span class='ocr_line' id='line_1_48' title="bbox 366 3577 1394 3619; baseline -0.002 -10"><span class='ocrx_word' id='word_1_324' title='bbox 366 3581 375 3598; x_wconf 74' lang='lat'><em>⁷</em></span> <span class='ocrx_word' id='word_1_325' title='bbox 395 3580 512 3619; x_wconf 53' lang='lat' dir='ltr'>Levit„</span> <span class='ocrx_word' id='word_1_326' title='bbox 539 3586 580 3617; x_wconf 83' lang='lat'>11,</span> <span class='ocrx_word' id='word_1_327' title='bbox 607 3581 652 3610; x_wconf 84' lang='lat'>11.</span> <span class='ocrx_word' id='word_1_328' title='bbox 671 3595 710 3601; x_wconf 88' lang='lat'>——</span> <span class='ocrx_word' id='word_1_329' title='bbox 732 3578 743 3597; x_wconf 83' lang='lat'>⁸</span> <span class='ocrx_word' id='word_1_330' title='bbox 774 3577 882 3617; x_wconf 62' lang='lat' dir='ltr'>Dent„</span> <span class='ocrx_word' id='word_1_331' title='bbox 907 3584 984 3618; x_wconf 71' lang='lat' dir='ltr'>xvi,</span> <span class='ocrx_word' id='word_1_332' title='bbox 1006 3578 1034 3607; x_wconf 76' lang='lat'>3.</span> <span class='ocrx_word' id='word_1_333' title='bbox 1057 3595 1096 3600; x_wconf 96' lang='lat'>—</span> <span class='ocrx_word' id='word_1_334' title='bbox 1116 3578 1127 3596; x_wconf 74' lang='lat'>⁹</span> <span class='ocrx_word' id='word_1_335' title='bbox 1148 3577 1394 3619; x_wconf 69' lang='lat' dir='ltr'>Exod.,:&lt;-1»J,</span> 
     </span>
    </p>
   </div>
   <div class='ocr_carea' id='block_1_5' title="bbox 1071 272 1751 315">
    <p class='ocr_par' dir='ltr' id='par_1_5' title="bbox 1071 272 1751 315">
     <span class='ocr_line' id='line_1_49' title="bbox 1071 272 1751 315; baseline 0.001 -1"><span class='ocrx_word' id='word_1_336' title='bbox 1071 272 1353 315; x_wconf 80' lang='lat' dir='ltr'><strong>EVANGELII</strong></span> <span class='ocrx_word' id='word_1_337' title='bbox 1385 273 1573 315; x_wconf 80' lang='lat' dir='ltr'>SANCTI</span> <span class='ocrx_word' id='word_1_338' title='bbox 1602 274 1751 315; x_wconf 88' lang='lat' dir='ltr'>LUCAE</span> 
     </span>
    </p>
   </div>
   <div class='ocr_carea' id='block_1_6' title="bbox 1446 363 2498 3398">
    <p class='ocr_par' dir='ltr' id='par_1_6' title="bbox 1446 363 2486 1324">
     <span class='ocr_line' id='line_1_50' title="bbox 1446 363 2472 419; baseline 0.006 -15"><span class='ocrx_word' id='word_1_339' title='bbox 1446 374 1558 404; x_wconf 89' lang='lat' dir='ltr'>vana</span> <span class='ocrx_word' id='word_1_340' title='bbox 1578 363 1730 414; x_wconf 86' lang='lat' dir='ltr'>gloria,</span> <span class='ocrx_word' id='word_1_341' title='bbox 1751 366 1792 405; x_wconf 91' lang='lat' dir='ltr'>et</span> <span class='ocrx_word' id='word_1_342' title='bbox 1809 364 1902 405; x_wconf 81' lang='lat' dir='ltr'>haec</span> <span class='ocrx_word' id='word_1_343' title='bbox 1921 377 1947 406; x_wconf 85' lang='lat' dir='ltr'>a</span> <span class='ocrx_word' id='word_1_344' title='bbox 1971 368 2182 419; x_wconf 87' lang='lat' dir='ltr'>superbia.</span> <span class='ocrx_word' id='word_1_345' title='bbox 2203 368 2254 409; x_wconf 87' lang='lat' dir='ltr'>Et</span> <span class='ocrx_word' id='word_1_346' title='bbox 2272 368 2364 409; x_wconf 89' lang='lat' dir='ltr'>ideo</span> <span class='ocrx_word' id='word_1_347' title='bbox 2383 380 2472 410; x_wconf 87' lang='lat' dir='ltr'>me-</span> 
     </span>
     <span class='ocr_line' id='line_1_51' title="bbox 1446 434 2469 490; baseline 0.007 -17"><span class='ocrx_word' id='word_1_348' title='bbox 1446 434 1527 474; x_wconf 89' lang='lat' dir='ltr'>rito</span> <span class='ocrx_word' id='word_1_349' title='bbox 1547 437 1815 486; x_wconf 87' lang='lat' dir='ltr'>comparatur</span> <span class='ocrx_word' id='word_1_350' title='bbox 1839 435 2074 488; x_wconf 89' lang='lat' dir='ltr'>hypocrisis</span> <span class='ocrx_word' id='word_1_351' title='bbox 2094 438 2299 479; x_wconf 89' lang='lat' dir='ltr'>fermento</span> <span class='ocrx_word' id='word_1_352' title='bbox 2322 452 2330 479; x_wconf 75' lang='grc' dir='ltr'><em>τ</em></span> <span class='ocrx_word' id='word_1_353' title='bbox 2354 450 2469 490; x_wconf 86' lang='lat' dir='ltr'>nam,</span> 
     </span>
     <span class='ocr_line' id='line_1_52' title="bbox 1447 504 2476 557; baseline 0.006 -13"><span class='ocrx_word' id='word_1_354' title='bbox 1447 504 1554 544; x_wconf 90' lang='lat' dir='ltr'>sicut</span> <span class='ocrx_word' id='word_1_355' title='bbox 1591 505 1847 546; x_wconf 84' lang='lat' dir='ltr'>fermentum</span> <span class='ocrx_word' id='word_1_356' title='bbox 1874 506 2008 557; x_wconf 80' lang='lat' dir='ltr'>inflat,</span> <span class='ocrx_word' id='word_1_357' title='bbox 2032 509 2073 547; x_wconf 89' lang='lat' dir='ltr'>et</span> <span class='ocrx_word' id='word_1_358' title='bbox 2102 507 2288 551; x_wconf 88' lang='lat' dir='ltr'>inflando</span> <span class='ocrx_word' id='word_1_359' title='bbox 2315 521 2476 552; x_wconf 85' lang='lat' dir='ltr'>vanum</span> 
     </span>
     <span class='ocr_line' id='line_1_53' title="bbox 1446 575 2477 629; baseline 0.007 -15"><span class='ocrx_word' id='word_1_360' title='bbox 1446 575 1558 625; x_wconf 86' lang='lat' dir='ltr'>facit,</span> <span class='ocrx_word' id='word_1_361' title='bbox 1581 578 1621 615; x_wconf 90' lang='lat' dir='ltr'>et</span> <span class='ocrx_word' id='word_1_362' title='bbox 1641 576 1698 616; x_wconf 89' lang='lat' dir='ltr'>sic</span> <span class='ocrx_word' id='word_1_363' title='bbox 1718 576 1970 629; x_wconf 83' lang='lat' dir='ltr'>cor1·umpit;</span> <span class='ocrx_word' id='word_1_364' title='bbox 2000 577 2057 617; x_wconf 87' lang='lat' dir='ltr'>sic</span> <span class='ocrx_word' id='word_1_365' title='bbox 2077 579 2274 629; x_wconf 83' lang='lat' dir='ltr'>superbia</span> <span class='ocrx_word' id='word_1_366' title='bbox 2291 579 2477 621; x_wconf 78' lang='lat' dir='ltr'>inflando</span> 
     </span>
     <span class='ocr_line' id='line_1_54' title="bbox 1447 645 2478 700; baseline 0.007 -15"><span class='ocrx_word' id='word_1_367' title='bbox 1447 645 1678 687; x_wconf 87' lang='lat' dir='ltr'>introducit</span> <span class='ocrx_word' id='word_1_368' title='bbox 1697 648 1925 687; x_wconf 88' lang='lat' dir='ltr'>vanitatem</span> <span class='ocrx_word' id='word_1_369' title='bbox 1954 648 2116 700; x_wconf 84' lang='lat' dir='ltr'>gloriae,</span> <span class='ocrx_word' id='word_1_370' title='bbox 2139 651 2180 689; x_wconf 90' lang='lat' dir='ltr'>et</span> <span class='ocrx_word' id='word_1_371' title='bbox 2198 650 2290 691; x_wconf 86' lang='lat' dir='ltr'>haec</span> <span class='ocrx_word' id='word_1_372' title='bbox 2314 651 2478 692; x_wconf 87' lang='lat' dir='ltr'>vanitas</span> 
     </span>
     <span class='ocr_line' id='line_1_55' title="bbox 1448 716 2478 773; baseline 0.008 -18"><span class='ocrx_word' id='word_1_373' title='bbox 1448 716 1674 757; x_wconf 87' lang='lat' dir='ltr'>introducit</span> <span class='ocrx_word' id='word_1_374' title='bbox 1714 717 1938 770; x_wconf 85' lang='lat' dir='ltr'>salsitatem</span> <span class='ocrx_word' id='word_1_375' title='bbox 1971 723 2326 773; x_wconf 87' lang='lat' dir='ltr'>corrumpentem.</span> <span class='ocrx_word' id='word_1_376' title='bbox 2362 722 2478 764; x_wconf 89' lang='lat' dir='ltr'>Unde</span> 
     </span>
     <span class='ocr_line' id='line_1_56' title="bbox 1448 786 2480 843; baseline 0.006 -17"><span class='ocrx_word' id='word_1_377' title='bbox 1448 786 1529 827; x_wconf 93' lang='lat' dir='ltr'>hoc</span> <span class='ocrx_word' id='word_1_378' title='bbox 1549 788 1806 828; x_wconf 81' lang='lat' dir='ltr'>fermentum</span> <span class='ocrx_word' id='word_1_379' title='bbox 1821 793 1994 831; x_wconf 84' lang='lat' dir='ltr'>cavetur</span> <span class='ocrx_word' id='word_1_380' title='bbox 2010 803 2082 843; x_wconf 90' lang='lat' dir='ltr'>per</span> <span class='ocrx_word' id='word_1_381' title='bbox 2100 791 2324 831; x_wconf 87' lang='lat' dir='ltr'>veritatem</span> <span class='ocrx_word' id='word_1_382' title='bbox 2343 792 2480 833; x_wconf 80' lang='lat' dir='ltr'>humi-</span> 
     </span>
     <span class='ocr_line' id='line_1_57' title="bbox 1447 857 2478 914; baseline 0.005 -16"><span class='ocrx_word' id='word_1_383' title='bbox 1447 857 1631 898; x_wconf 89' lang='lat' dir='ltr'>liationis</span> <span class='ocrx_word' id='word_1_384' title='bbox 1660 859 1934 909; x_wconf 81' lang='lat' dir='ltr'>voluntariae,</span> <span class='ocrx_word' id='word_1_385' title='bbox 1974 860 2239 912; x_wconf 85' lang='lat' dir='ltr'>gloriationis</span> <span class='ocrx_word' id='word_1_386' title='bbox 2276 861 2478 914; x_wconf 81' lang='lat' dir='ltr'>internae,</span> 
     </span>
     <span class='ocr_line' id='line_1_58' title="bbox 1450 929 2478 981; baseline 0.004 -13"><span class='ocrx_word' id='word_1_387' title='bbox 1450 929 1702 980; x_wconf 80' lang='lat' dir='ltr'>signationis</span> <span class='ocrx_word' id='word_1_388' title='bbox 1731 930 1996 981; x_wconf 60' lang='lat' dir='ltr'>extrinsecae,</span> <span class='ocrx_word' id='word_1_389' title='bbox 2021 932 2256 972; x_wconf 89' lang='lat' dir='ltr'>secundum</span> <span class='ocrx_word' id='word_1_390' title='bbox 2286 931 2390 972; x_wconf 89' lang='lat' dir='ltr'>illud</span> <span class='ocrx_word' id='word_1_391' title='bbox 2415 932 2443 954; x_wconf 79' lang='lat'>¹⁰</span> <span class='ocrx_word' id='word_1_392' title='bbox 2470 947 2478 973; x_wconf 91' lang='lat'><strong>:</strong></span> 
     </span>
     <span class='ocr_line' id='line_1_59' title="bbox 1452 999 2482 1053; baseline 0.004 -15"><span class='ocrx_word' id='word_1_393' title='bbox 1452 1015 1472 1038; x_wconf 85' lang='lat'>«</span> <span class='ocrx_word' id='word_1_394' title='bbox 1501 999 1639 1040; x_wconf 83' lang='lat' dir='ltr'>Gloria</span> <span class='ocrx_word' id='word_1_395' title='bbox 1667 1002 1812 1040; x_wconf 88' lang='lat' dir='ltr'>nostra</span> <span class='ocrx_word' id='word_1_396' title='bbox 1843 1001 1936 1041; x_wconf 85' lang='lat' dir='ltr'>haec</span> <span class='ocrx_word' id='word_1_397' title='bbox 1963 1004 2039 1053; x_wconf 85' lang='lat' dir='ltr'>est,</span> <span class='ocrx_word' id='word_1_398' title='bbox 2060 1002 2352 1043; x_wconf 89' lang='lat' dir='ltr'>testimonium</span> <span class='ocrx_word' id='word_1_399' title='bbox 2383 1014 2482 1043; x_wconf 86' lang='lat' dir='ltr'>con-</span> 
     </span>
     <span class='ocr_line' id='line_1_60' title="bbox 1452 1070 2484 1125; baseline 0.003 -15"><span class='ocrx_word' id='word_1_400' title='bbox 1452 1070 1636 1111; x_wconf 83' lang='lat' dir='ltr'>scientiae</span> <span class='ocrx_word' id='word_1_401' title='bbox 1659 1072 1830 1121; x_wconf 84' lang='lat' dir='ltr'>nostrae‚</span> <span class='ocrx_word' id='word_1_402' title='bbox 1853 1072 1968 1123; x_wconf 85' lang='lat' dir='ltr'>quod</span> <span class='ocrx_word' id='word_1_403' title='bbox 1992 1072 2038 1112; x_wconf 91' lang='lat' dir='ltr'>in</span> <span class='ocrx_word' id='word_1_404' title='bbox 2058 1072 2322 1125; x_wconf 87' lang='lat' dir='ltr'>simplicitate</span> <span class='ocrx_word' id='word_1_405' title='bbox 2349 1073 2484 1114; x_wconf 89' lang='lat' dir='ltr'>cordis</span> 
     </span>
     <span class='ocr_line' id='line_1_61' title="bbox 1452 1140 2483 1195; baseline 0.004 -16"><span class='ocrx_word' id='word_1_406' title='bbox 1452 1142 1494 1180; x_wconf 90' lang='lat' dir='ltr'>et</span> <span class='ocrx_word' id='word_1_407' title='bbox 1508 1140 1744 1181; x_wconf 83' lang='lat' dir='ltr'>sinceritate</span> <span class='ocrx_word' id='word_1_408' title='bbox 1763 1140 1850 1192; x_wconf 90' lang='lat' dir='ltr'>Dei,</span> <span class='ocrx_word' id='word_1_409' title='bbox 1869 1144 1910 1182; x_wconf 90' lang='lat' dir='ltr'>et</span> <span class='ocrx_word' id='word_1_410' title='bbox 1923 1155 2009 1182; x_wconf 91' lang='lat' dir='ltr'>non</span> <span class='ocrx_word' id='word_1_411' title='bbox 2025 1142 2071 1182; x_wconf 90' lang='lat' dir='ltr'>in</span> <span class='ocrx_word' id='word_1_412' title='bbox 2088 1143 2292 1195; x_wconf 86' lang='lat' dir='ltr'>sapientia</span> <span class='ocrx_word' id='word_1_413' title='bbox 2309 1142 2483 1192; x_wconf 84' lang='lat' dir='ltr'>carnali,</span> 
     </span>
     <span class='ocr_line' id='line_1_62' title="bbox 1452 1211 2486 1263; baseline 0.003 -11"><span class='ocrx_word' id='word_1_414' title='bbox 1452 1211 1524 1252; x_wconf 90' lang='lat' dir='ltr'>sed</span> <span class='ocrx_word' id='word_1_415' title='bbox 1552 1211 1598 1251; x_wconf 90' lang='lat' dir='ltr'>in</span> <span class='ocrx_word' id='word_1_416' title='bbox 1625 1212 1765 1263; x_wconf 86' lang='lat' dir='ltr'>gratia</span> <span class='ocrx_word' id='word_1_417' title='bbox 1794 1211 1866 1253; x_wconf 92' lang='lat' dir='ltr'>Dei</span> <span class='ocrx_word' id='word_1_418' title='bbox 1895 1213 2130 1254; x_wconf 90' lang='lat' dir='ltr'>conversati</span> <span class='ocrx_word' id='word_1_419' title='bbox 2158 1225 2308 1254; x_wconf 88' lang='lat' dir='ltr'>sumus</span> <span class='ocrx_word' id='word_1_420' title='bbox 2334 1213 2380 1254; x_wconf 90' lang='lat' dir='ltr'>in</span> <span class='ocrx_word' id='word_1_421' title='bbox 2407 1213 2486 1255; x_wconf 85' lang='lat' dir='ltr'>hoc</span> 
     </span>
     <span class='ocr_line' id='line_1_63' title="bbox 1453 1283 1666 1324; baseline -0.009 -1"><span class='ocrx_word' id='word_1_422' title='bbox 1453 1283 1628 1324; x_wconf 73' lang='lat' dir='ltr'>mundo,</span> <span class='ocrx_word' id='word_1_423' title='bbox 1647 1297 1666 1321; x_wconf 85' lang='lat'>»</span> 
     </span>
    </p>

    <p class='ocr_par' dir='ltr' id='par_1_7' title="bbox 1455 1353 2498 3398">
     <span class='ocr_line' id='line_1_64' title="bbox 1509 1353 2487 1407; baseline 0.002 -13"><span class='ocrx_word' id='word_1_424' title='bbox 1509 1353 1703 1395; x_wconf 89' lang='lat' dir='ltr'>Secundo</span> <span class='ocrx_word' id='word_1_425' title='bbox 1724 1366 1849 1404; x_wconf 87' lang='lat' dir='ltr'>vero,</span> <span class='ocrx_word' id='word_1_426' title='bbox 1873 1356 2084 1407; x_wconf 81' lang='lat' dir='ltr'>quantum</span> <span class='ocrx_word' id='word_1_427' title='bbox 2111 1355 2164 1395; x_wconf 88' lang='lat' dir='ltr'>ad</span> <span class='ocrx_word' id='word_1_428' title='bbox 2192 1355 2487 1396; x_wconf 86' lang='lat' dir='ltr'>certitudinem</span> 
     </span>
     <span class='ocr_line' id='line_1_65' title="bbox 1455 1425 2485 1476; baseline 0.002 -11"><span class='ocrx_word' id='word_1_429' title='bbox 1455 1437 1594 1466; x_wconf 79' lang='lat' dir='ltr'>causae</span> <span class='ocrx_word' id='word_1_430' title='bbox 1616 1425 1829 1466; x_wconf 87' lang='lat' dir='ltr'>reddentis</span> <span class='ocrx_word' id='word_1_431' title='bbox 1851 1425 2194 1466; x_wconf 80' lang='lat' dir='ltr'>informationem</span> <span class='ocrx_word' id='word_1_432' title='bbox 2216 1425 2458 1467; x_wconf 89' lang='lat' dir='ltr'>credibilem</span> <span class='ocrx_word' id='word_1_433' title='bbox 2475 1459 2485 1476; x_wconf 87' lang='lat'><strong>‚</strong></span> 
     </span>
     <span class='ocr_line' id='line_1_66' title="bbox 1455 1496 2489 1549; baseline 0.003 -13"><span class='ocrx_word' id='word_1_434' title='bbox 1455 1496 1597 1537; x_wconf 85' lang='lat' dir='ltr'>subdit</span> <span class='ocrx_word' id='word_1_435' title='bbox 1620 1497 1686 1548; x_wconf 78' lang='lat' dir='ltr'>(v.</span> <span class='ocrx_word' id='word_1_436' title='bbox 1709 1496 1756 1548; x_wconf 72' lang='lat'>2)</span> <span class='ocrx_word' id='word_1_437' title='bbox 1784 1510 1792 1536; x_wconf 75' lang='grc' dir='ltr'>ε</span> <span class='ocrx_word' id='word_1_438' title='bbox 1817 1496 1940 1538; x_wconf 72' lang='lat' dir='ltr'>Nihil</span> <span class='ocrx_word' id='word_1_439' title='bbox 1970 1497 2081 1538; x_wconf 74' lang='lat' dir='ltr'>enim</span> <span class='ocrx_word' id='word_1_440' title='bbox 2115 1500 2305 1549; x_wconf 75' lang='lat' dir='ltr'>opertum</span> <span class='ocrx_word' id='word_1_441' title='bbox 2329 1527 2342 1546; x_wconf 93' lang='lat'>,</span> <span class='ocrx_word' id='word_1_442' title='bbox 2375 1497 2489 1549; x_wconf 77' lang='lat' dir='ltr'>quod</span> 
     </span>
     <span class='ocr_line' id='line_1_67' title="bbox 1455 1566 2490 1620; baseline 0.002 -12"><span class='ocrx_word' id='word_1_443' title='bbox 1455 1578 1542 1609; x_wconf 73' lang='lat' dir='ltr'>non</span> <span class='ocrx_word' id='word_1_444' title='bbox 1577 1566 1812 1617; x_wconf 76' lang='lat' dir='ltr'>reveletur,</span> <span class='ocrx_word' id='word_1_445' title='bbox 1850 1578 1982 1620; x_wconf 75' lang='lat' dir='ltr'>neque</span> <span class='ocrx_word' id='word_1_446' title='bbox 2021 1566 2344 1616; x_wconf 70' lang='lat' dir='ltr'>absconditum,</span> <span class='ocrx_word' id='word_1_447' title='bbox 2377 1567 2490 1620; x_wconf 85' lang='lat' dir='ltr'>quod</span> 
     </span>
     <span class='ocr_line' id='line_1_68' title="bbox 1456 1637 2490 1689; baseline -0.001 -9"><span class='ocrx_word' id='word_1_448' title='bbox 1456 1649 1542 1680; x_wconf 78' lang='lat' dir='ltr'>non</span> <span class='ocrx_word' id='word_1_449' title='bbox 1575 1639 1741 1680; x_wconf 73' lang='lat' dir='ltr'>sciatur</span> <span class='ocrx_word' id='word_1_450' title='bbox 1769 1650 1782 1678; x_wconf 93' lang='lat'>.·</span> <span class='ocrx_word' id='word_1_451' title='bbox 1809 1640 1856 1677; x_wconf 90' lang='lat' dir='ltr'>ut</span> <span class='ocrx_word' id='word_1_452' title='bbox 1891 1650 1966 1689; x_wconf 83' lang='lat' dir='ltr'>per</span> <span class='ocrx_word' id='word_1_453' title='bbox 2003 1640 2190 1689; x_wconf 76' lang='lat' dir='ltr'>opertum</span> <span class='ocrx_word' id='word_1_454' title='bbox 2224 1637 2490 1689; x_wconf 83' lang='lat' dir='ltr'>intelligatur</span> 
     </span>
     <span class='ocr_line' id='line_1_69' title="bbox 1457 1707 2488 1760; baseline 0.001 -11"><span class='ocrx_word' id='word_1_455' title='bbox 1457 1709 1645 1760; x_wconf 79' lang='lat' dir='ltr'>cognitio</span> <span class='ocrx_word' id='word_1_456' title='bbox 1665 1708 1798 1748; x_wconf 85' lang='lat' dir='ltr'>latens</span> <span class='ocrx_word' id='word_1_457' title='bbox 1818 1708 1863 1748; x_wconf 88' lang='lat' dir='ltr'>in</span> <span class='ocrx_word' id='word_1_458' title='bbox 1883 1707 2124 1757; x_wconf 88' lang='lat' dir='ltr'>intellectu;</span> <span class='ocrx_word' id='word_1_459' title='bbox 2147 1710 2186 1748; x_wconf 82' lang='lat' dir='ltr'>et</span> <span class='ocrx_word' id='word_1_460' title='bbox 2215 1719 2290 1760; x_wconf 86' lang='lat' dir='ltr'>per</span> <span class='ocrx_word' id='word_1_461' title='bbox 2316 1708 2488 1750; x_wconf 81' lang='lat' dir='ltr'>abscon-</span> 
     </span>
     <span class='ocr_line' id='line_1_70' title="bbox 1458 1776 2490 1830; baseline -0.001 -10"><span class='ocrx_word' id='word_1_462' title='bbox 1458 1779 1616 1830; x_wconf 69' lang='lat' dir='ltr'>ditum,</span> <span class='ocrx_word' id='word_1_463' title='bbox 1632 1778 1846 1820; x_wconf 87' lang='lat' dir='ltr'>delectatio</span> <span class='ocrx_word' id='word_1_464' title='bbox 1866 1778 2034 1818; x_wconf 84' lang='lat' dir='ltr'>latitans</span> <span class='ocrx_word' id='word_1_465' title='bbox 2047 1778 2093 1818; x_wconf 91' lang='lat' dir='ltr'>in</span> <span class='ocrx_word' id='word_1_466' title='bbox 2112 1778 2279 1818; x_wconf 87' lang='lat' dir='ltr'>affectu.</span> <span class='ocrx_word' id='word_1_467' title='bbox 2298 1776 2490 1828; x_wconf 83' lang='lat' dir='ltr'>Quorum</span> 
     </span>
     <span class='ocr_line' id='line_1_71' title="bbox 1459 1849 2492 1902; baseline 0 -12"><span class='ocrx_word' id='word_1_468' title='bbox 1459 1853 1694 1902; x_wconf 84' lang='lat' dir='ltr'>utrumque</span> <span class='ocrx_word' id='word_1_469' title='bbox 1725 1850 1994 1889; x_wconf 81' lang='lat' dir='ltr'>manifestum</span> <span class='ocrx_word' id='word_1_470' title='bbox 2030 1851 2091 1888; x_wconf 84' lang='lat' dir='ltr'>est</span> <span class='ocrx_word' id='word_1_471' title='bbox 2122 1849 2227 1900; x_wconf 81' lang='lat' dir='ltr'>Deo,</span> <span class='ocrx_word' id='word_1_472' title='bbox 2258 1849 2492 1890; x_wconf 87' lang='lat' dir='ltr'>secundum</span> 
     </span>
     <span class='ocr_line' id='line_1_72' title="bbox 1459 1919 2492 1972; baseline -0.001 -11"><span class='ocrx_word' id='word_1_473' title='bbox 1459 1921 1562 1962; x_wconf 85' lang='lat' dir='ltr'>illud</span> <span class='ocrx_word' id='word_1_474' title='bbox 1604 1921 1792 1963; x_wconf 74' lang='lat' dir='ltr'>Jeremz&#39;oe</span> <span class='ocrx_word' id='word_1_475' title='bbox 1812 1921 1839 1945; x_wconf 84' lang='lat'>¹¹</span> <span class='ocrx_word' id='word_1_476' title='bbox 1865 1934 1874 1961; x_wconf 71' lang='grc' dir='ltr'><strong>ι</strong></span> <span class='ocrx_word' id='word_1_477' title='bbox 1899 1919 2030 1972; x_wconf 83' lang='lat' dir='ltr'>«Ego</span> <span class='ocrx_word' id='word_1_478' title='bbox 2060 1920 2263 1961; x_wconf 90' lang='lat' dir='ltr'>Dominus</span> <span class='ocrx_word' id='word_1_479' title='bbox 2299 1922 2492 1960; x_wconf 88' lang='lat' dir='ltr'>scrutans</span> 
     </span>
     <span class='ocr_line' id='line_1_73' title="bbox 1460 1990 2489 2044; baseline -0.001 -11"><span class='ocrx_word' id='word_1_480' title='bbox 1460 1992 1586 2033; x_wconf 90' lang='lat' dir='ltr'>corda</span> <span class='ocrx_word' id='word_1_481' title='bbox 1623 1994 1663 2032; x_wconf 93' lang='lat' dir='ltr'>et</span> <span class='ocrx_word' id='word_1_482' title='bbox 1700 1990 1884 2044; x_wconf 86' lang='lat' dir='ltr'>probans</span> <span class='ocrx_word' id='word_1_483' title='bbox 1921 2003 2042 2032; x_wconf 85' lang='lat' dir='ltr'>renes</span> <span class='ocrx_word' id='word_1_484' title='bbox 2067 2023 2079 2042; x_wconf 90' lang='lat'>,</span> <span class='ocrx_word' id='word_1_485' title='bbox 2119 1991 2192 2044; x_wconf 82' lang='lat' dir='ltr'>qui</span> <span class='ocrx_word' id='word_1_486' title='bbox 2228 1991 2281 2032; x_wconf 89' lang='lat' dir='ltr'>do</span> <span class='ocrx_word' id='word_1_487' title='bbox 2306 2023 2316 2042; x_wconf 81' lang='lat'>,</span> <span class='ocrx_word' id='word_1_488' title='bbox 2353 2006 2372 2029; x_wconf 72' lang='lat' dir='ltr'>n</span> <span class='ocrx_word' id='word_1_489' title='bbox 2411 1993 2489 2032; x_wconf 86' lang='lat' dir='ltr'>etc.</span> 
     </span>
     <span class='ocr_line' id='line_1_74' title="bbox 1462 2062 2491 2113; baseline 0.001 -11"><span class='ocrx_word' id='word_1_490' title='bbox 1462 2065 1489 2086; x_wconf 77' lang='lat'>¹²</span> <span class='ocrx_word' id='word_1_491' title='bbox 1518 2079 1536 2102; x_wconf 74' lang='grc' dir='ltr'><em>α</em></span> <span class='ocrx_word' id='word_1_492' title='bbox 1556 2062 1756 2105; x_wconf 86' lang='lat' dir='ltr'>Scrutans</span> <span class='ocrx_word' id='word_1_493' title='bbox 1775 2063 1901 2104; x_wconf 86' lang='lat' dir='ltr'>corda</span> <span class='ocrx_word' id='word_1_494' title='bbox 1921 2065 1962 2104; x_wconf 88' lang='lat' dir='ltr'>et</span> <span class='ocrx_word' id='word_1_495' title='bbox 1982 2074 2103 2103; x_wconf 90' lang='lat' dir='ltr'>renes</span> <span class='ocrx_word' id='word_1_496' title='bbox 2122 2062 2247 2103; x_wconf 90' lang='lat' dir='ltr'>Deus.</span> <span class='ocrx_word' id='word_1_497' title='bbox 2271 2077 2291 2101; x_wconf 81' lang='lat'>›&gt;</span> <span class='ocrx_word' id='word_1_498' title='bbox 2314 2062 2365 2103; x_wconf 86' lang='lat' dir='ltr'>Et</span> <span class='ocrx_word' id='word_1_499' title='bbox 2382 2063 2491 2113; x_wconf 89' lang='lat' dir='ltr'>ideo,</span> 
     </span>
     <span class='ocr_line' id='line_1_75' title="bbox 1461 2133 2492 2188; baseline -0.001 -13"><span class='ocrx_word' id='word_1_500' title='bbox 1461 2134 1561 2188; x_wconf 82' lang='lat' dir='ltr'>quia</span> <span class='ocrx_word' id='word_1_501' title='bbox 1581 2134 1713 2187; x_wconf 87' lang='lat' dir='ltr'>ipsius</span> <span class='ocrx_word' id='word_1_502' title='bbox 1740 2133 1820 2174; x_wconf 90' lang='lat' dir='ltr'>erit</span> <span class='ocrx_word' id='word_1_503' title='bbox 1852 2134 1996 2174; x_wconf 86' lang='lat' dir='ltr'>omnia</span> <span class='ocrx_word' id='word_1_504' title='bbox 2022 2133 2265 2174; x_wconf 87' lang='lat' dir='ltr'>abscondita</span> <span class='ocrx_word' id='word_1_505' title='bbox 2295 2133 2492 2174; x_wconf 85' lang='lat' dir='ltr'>manifes-</span> 
     </span>
     <span class='ocr_line' id='line_1_76' title="bbox 1460 2203 2495 2256; baseline -0.002 -10"><span class='ocrx_word' id='word_1_506' title='bbox 1460 2208 1550 2246; x_wconf 87' lang='lat' dir='ltr'>tare</span> <span class='ocrx_word' id='word_1_507' title='bbox 1582 2207 1623 2245; x_wconf 87' lang='lat' dir='ltr'>et</span> <span class='ocrx_word' id='word_1_508' title='bbox 1652 2204 1843 2245; x_wconf 82' lang='lat' dir='ltr'>revelare</span> <span class='ocrx_word' id='word_1_509' title='bbox 1874 2204 1918 2243; x_wconf 89' lang='lat' dir='ltr'>in</span> <span class='ocrx_word' id='word_1_510' title='bbox 1947 2203 2136 2256; x_wconf 70' lang='lat' dir='ltr'>Judicio,</span> <span class='ocrx_word' id='word_1_511' title='bbox 2177 2204 2412 2244; x_wconf 85' lang='lat' dir='ltr'>secundum</span> <span class='ocrx_word' id='word_1_512' title='bbox 2439 2204 2495 2244; x_wconf 89' lang='lat' dir='ltr'>il-</span> 
     </span>
     <span class='ocr_line' id='line_1_77' title="bbox 1461 2276 2490 2330; baseline -0.002 -11"><span class='ocrx_word' id='word_1_513' title='bbox 1461 2278 1536 2319; x_wconf 87' lang='lat' dir='ltr'>lud</span> <span class='ocrx_word' id='word_1_514' title='bbox 1557 2278 1584 2303; x_wconf 71' lang='grc'>13</span> <span class='ocrx_word' id='word_1_515' title='bbox 1606 2292 1613 2318; x_wconf 96' lang='lat'><strong>:</strong></span> <span class='ocrx_word' id='word_1_516' title='bbox 1639 2293 1658 2315; x_wconf 73' lang='grc' dir='ltr'>α</span> <span class='ocrx_word' id='word_1_517' title='bbox 1679 2277 1781 2318; x_wconf 84' lang='lat' dir='ltr'>Data</span> <span class='ocrx_word' id='word_1_518' title='bbox 1803 2280 1866 2318; x_wconf 87' lang='lat' dir='ltr'>est</span> <span class='ocrx_word' id='word_1_519' title='bbox 1896 2289 1921 2317; x_wconf 86' lang='lat' dir='ltr'>a</span> <span class='ocrx_word' id='word_1_520' title='bbox 1947 2276 2125 2317; x_wconf 90' lang='lat' dir='ltr'>Domino</span> <span class='ocrx_word' id='word_1_521' title='bbox 2147 2278 2325 2330; x_wconf 83' lang='lat' dir='ltr'>potestas</span> <span class='ocrx_word' id='word_1_522' title='bbox 2344 2277 2490 2329; x_wconf 85' lang='lat' dir='ltr'>vobis,</span> 
     </span>
     <span class='ocr_line' id='line_1_78' title="bbox 1462 2348 2495 2400; baseline 0 -11"><span class='ocrx_word' id='word_1_523' title='bbox 1462 2351 1504 2389; x_wconf 88' lang='lat' dir='ltr'>et</span> <span class='ocrx_word' id='word_1_524' title='bbox 1540 2349 1678 2390; x_wconf 84' lang='lat' dir='ltr'>virtus</span> <span class='ocrx_word' id='word_1_525' title='bbox 1717 2348 1770 2388; x_wconf 90' lang='lat' dir='ltr'>ab</span> <span class='ocrx_word' id='word_1_526' title='bbox 1814 2348 2029 2389; x_wconf 86' lang='lat' dir='ltr'>Altissimo</span> <span class='ocrx_word' id='word_1_527' title='bbox 2055 2378 2068 2397; x_wconf 87' lang='lat'>,</span> <span class='ocrx_word' id='word_1_528' title='bbox 2106 2348 2179 2400; x_wconf 83' lang='lat' dir='ltr'>qui</span> <span class='ocrx_word' id='word_1_529' title='bbox 2213 2348 2495 2400; x_wconf 86' lang='lat' dir='ltr'>interrogabit</span> 
     </span>
     <span class='ocr_line' id='line_1_79' title="bbox 1463 2419 2488 2474; baseline -0.003 -12"><span class='ocrx_word' id='word_1_530' title='bbox 1463 2433 1591 2474; x_wconf 86' lang='lat' dir='ltr'>opera</span> <span class='ocrx_word' id='word_1_531' title='bbox 1615 2423 1777 2468; x_wconf 85' lang='lat' dir='ltr'>nostra,</span> <span class='ocrx_word' id='word_1_532' title='bbox 1800 2423 1841 2460; x_wconf 90' lang='lat' dir='ltr'>et</span> <span class='ocrx_word' id='word_1_533' title='bbox 1867 2419 2144 2470; x_wconf 82' lang='lat' dir='ltr'>cogitationes</span> <span class='ocrx_word' id='word_1_534' title='bbox 2164 2420 2445 2471; x_wconf 83' lang='lat' dir='ltr'>scrutabitur3</span> <span class='ocrx_word' id='word_1_535' title='bbox 2469 2436 2488 2459; x_wconf 88' lang='lat'>»</span> 
     </span>
     <span class='ocr_line' id='line_1_80' title="bbox 1464 2490 2494 2545; baseline -0.001 -11"><span class='ocrx_word' id='word_1_536' title='bbox 1464 2496 1505 2534; x_wconf 92' lang='lat' dir='ltr'>et</span> <span class='ocrx_word' id='word_1_537' title='bbox 1533 2492 1591 2534; x_wconf 77' lang='lat' dir='ltr'>ad</span> <span class='ocrx_word' id='word_1_538' title='bbox 1612 2492 1855 2534; x_wconf 70' lang='lat' dir='ltr'>Corinthios</span> <span class='ocrx_word' id='word_1_539' title='bbox 1874 2491 1902 2512; x_wconf 54' lang='grc' dir='ltr'>Μ</span> <span class='ocrx_word' id='word_1_540' title='bbox 1925 2505 1932 2531; x_wconf 94' lang='lat'>:</span> <span class='ocrx_word' id='word_1_541' title='bbox 1960 2490 2141 2532; x_wconf 84' lang='lat' dir='ltr'>«Veniet</span> <span class='ocrx_word' id='word_1_542' title='bbox 2169 2490 2394 2542; x_wconf 82' lang='lat' dir='ltr'>Dominus,</span> <span class='ocrx_word' id='word_1_543' title='bbox 2422 2494 2494 2545; x_wconf 89' lang='lat' dir='ltr'>qui</span> 
     </span>
     <span class='ocr_line' id='line_1_81' title="bbox 1463 2562 2493 2612; baseline 0 -8"><span class='ocrx_word' id='word_1_544' title='bbox 1463 2564 1719 2605; x_wconf 85' lang='lat' dir='ltr'>illuminabit</span> <span class='ocrx_word' id='word_1_545' title='bbox 1750 2563 1994 2603; x_wconf 86' lang='lat' dir='ltr'>abscondita</span> <span class='ocrx_word' id='word_1_546' title='bbox 2025 2562 2320 2612; x_wconf 85' lang='lat' dir='ltr'>tenebrarum,</span> <span class='ocrx_word' id='word_1_547' title='bbox 2343 2565 2384 2603; x_wconf 87' lang='lat' dir='ltr'>et</span> <span class='ocrx_word' id='word_1_548' title='bbox 2403 2575 2493 2604; x_wconf 90' lang='lat' dir='ltr'>ma-</span> 
     </span>
     <span class='ocr_line' id='line_1_82' title="bbox 1465 2633 2497 2683; baseline -0.001 -8"><span class='ocrx_word' id='word_1_549' title='bbox 1465 2634 1679 2676; x_wconf 85' lang='lat' dir='ltr'>nifestabit</span> <span class='ocrx_word' id='word_1_550' title='bbox 1709 2634 1880 2675; x_wconf 76' lang='lat' dir='ltr'>consilia</span> <span class='ocrx_word' id='word_1_551' title='bbox 1898 2634 2090 2674; x_wconf 89' lang='lat' dir='ltr'>cordium</span> <span class='ocrx_word' id='word_1_552' title='bbox 2105 2664 2118 2683; x_wconf 88' lang='lat'>,</span> <span class='ocrx_word' id='word_1_553' title='bbox 2135 2648 2152 2670; x_wconf 81' lang='lat'>›)</span> <span class='ocrx_word' id='word_1_554' title='bbox 2178 2636 2255 2674; x_wconf 87' lang='lat' dir='ltr'>etc.</span> <span class='ocrx_word' id='word_1_555' title='bbox 2278 2633 2329 2674; x_wconf 86' lang='lat' dir='ltr'>Et</span> <span class='ocrx_word' id='word_1_556' title='bbox 2360 2635 2419 2674; x_wconf 91' lang='lat' dir='ltr'>sic</span> <span class='ocrx_word' id='word_1_557' title='bbox 2437 2633 2497 2675; x_wconf 90' lang='lat' dir='ltr'>vi-</span> 
     </span>
     <span class='ocr_line' id='line_1_83' title="bbox 1466 2705 2496 2758; baseline -0.002 -11"><span class='ocrx_word' id='word_1_558' title='bbox 1466 2707 1594 2747; x_wconf 88' lang='lat' dir='ltr'>tanda</span> <span class='ocrx_word' id='word_1_559' title='bbox 1621 2709 1721 2746; x_wconf 88' lang='lat' dir='ltr'>sunt</span> <span class='ocrx_word' id='word_1_560' title='bbox 1753 2706 1896 2746; x_wconf 90' lang='lat' dir='ltr'>omnia</span> <span class='ocrx_word' id='word_1_561' title='bbox 1926 2705 2038 2746; x_wconf 80' lang='lat' dir='ltr'>mala</span> <span class='ocrx_word' id='word_1_562' title='bbox 2057 2736 2069 2756; x_wconf 85' lang='lat'>,</span> <span class='ocrx_word' id='word_1_563' title='bbox 2104 2708 2496 2758; x_wconf 79' lang='lat' dir='ltr'>quantumcumque</span> 
     </span>
     <span class='ocr_line' id='line_1_84' title="bbox 1468 2776 2496 2829; baseline -0.004 -10"><span class='ocrx_word' id='word_1_564' title='bbox 1468 2777 1651 2828; x_wconf 81' lang='lat' dir='ltr'>occulta,</span> <span class='ocrx_word' id='word_1_565' title='bbox 1675 2776 1778 2829; x_wconf 86' lang='lat' dir='ltr'>quia</span> <span class='ocrx_word' id='word_1_566' title='bbox 1798 2776 1941 2817; x_wconf 85' lang='lat' dir='ltr'>onmia</span> <span class='ocrx_word' id='word_1_567' title='bbox 1959 2777 2062 2816; x_wconf 87' lang='lat' dir='ltr'>fient</span> <span class='ocrx_word' id='word_1_568' title='bbox 2081 2776 2301 2816; x_wconf 82' lang='lat' dir='ltr'>manifesta</span> <span class='ocrx_word' id='word_1_569' title='bbox 2326 2776 2371 2816; x_wconf 90' lang='lat' dir='ltr'>in</span> <span class='ocrx_word' id='word_1_570' title='bbox 2386 2776 2496 2828; x_wconf 86' lang='lat' dir='ltr'>judi-</span> 
     </span>
     <span class='ocr_line' id='line_1_85' title="bbox 1467 2847 2497 2901; baseline -0.003 -12"><span class='ocrx_word' id='word_1_571' title='bbox 1467 2849 1551 2898; x_wconf 82' lang='lat' dir='ltr'>cio,</span> <span class='ocrx_word' id='word_1_572' title='bbox 1572 2851 1632 2899; x_wconf 84' lang='lat' dir='ltr'>et,</span> <span class='ocrx_word' id='word_1_573' title='bbox 1653 2847 1766 2901; x_wconf 86' lang='lat' dir='ltr'>quod</span> <span class='ocrx_word' id='word_1_574' title='bbox 1786 2847 1881 2900; x_wconf 81' lang='lat' dir='ltr'>plus</span> <span class='ocrx_word' id='word_1_575' title='bbox 1902 2849 1963 2888; x_wconf 89' lang='lat' dir='ltr'>est</span> <span class='ocrx_word' id='word_1_576' title='bbox 1990 2847 2042 2888; x_wconf 89' lang='lat' dir='ltr'>ad</span> <span class='ocrx_word' id='word_1_577' title='bbox 2066 2848 2271 2899; x_wconf 74' lang='lat' dir='ltr'>maiorem</span> <span class='ocrx_word' id='word_1_578' title='bbox 2290 2847 2497 2887; x_wconf 85' lang='lat' dir='ltr'>confusio-</span> 
     </span>
     <span class='ocr_line' id='line_1_86' title="bbox 1469 2917 2498 2970; baseline -0.003 -10"><span class='ocrx_word' id='word_1_579' title='bbox 1469 2932 1566 2960; x_wconf 85' lang='lat' dir='ltr'>nem</span> <span class='ocrx_word' id='word_1_580' title='bbox 1582 2951 1595 2970; x_wconf 91' lang='lat'>,</span> <span class='ocrx_word' id='word_1_581' title='bbox 1619 2920 1722 2959; x_wconf 85' lang='lat' dir='ltr'>fient</span> <span class='ocrx_word' id='word_1_582' title='bbox 1748 2918 1805 2959; x_wconf 89' lang='lat' dir='ltr'>ibi</span> <span class='ocrx_word' id='word_1_583' title='bbox 1831 2918 2054 2965; x_wconf 72' lang='lat' dir='ltr'>manifesta</span> <span class='ocrx_word' id='word_1_584' title='bbox 2084 2918 2298 2958; x_wconf 88' lang='lat' dir='ltr'>omnibus.</span> <span class='ocrx_word' id='word_1_585' title='bbox 2323 2917 2498 2970; x_wconf 85' lang='lat' dir='ltr'>Propter</span> 
     </span>
     <span class='ocr_line' id='line_1_87' title="bbox 1471 2990 2495 3045; baseline -0.002 -13"><span class='ocrx_word' id='word_1_586' title='bbox 1471 2992 1585 3045; x_wconf 89' lang='lat' dir='ltr'>quod</span> <span class='ocrx_word' id='word_1_587' title='bbox 1605 2990 1747 3032; x_wconf 87' lang='lat' dir='ltr'>subdit</span> <span class='ocrx_word' id='word_1_588' title='bbox 1767 2991 1775 3039; x_wconf 95' lang='lat'>(</span> <span class='ocrx_word' id='word_1_589' title='bbox 1794 3003 1836 3030; x_wconf 91' lang='lat' dir='ltr'>v.</span> <span class='ocrx_word' id='word_1_590' title='bbox 1859 2990 1906 3042; x_wconf 85' lang='lat'>3)</span> <span class='ocrx_word' id='word_1_591' title='bbox 1934 3005 1942 3030; x_wconf 90' lang='lat'>:</span> <span class='ocrx_word' id='word_1_592' title='bbox 1973 2990 2183 3038; x_wconf 75' lang='lat' dir='ltr'>Quoniam</span> <span class='ocrx_word' id='word_1_593' title='bbox 2201 2999 2295 3041; x_wconf 80' lang='lat' dir='ltr'>quoe</span> <span class='ocrx_word' id='word_1_594' title='bbox 2313 2990 2361 3030; x_wconf 75' lang='lat' dir='ltr'>in</span> <span class='ocrx_word' id='word_1_595' title='bbox 2381 2993 2495 3045; x_wconf 75' lang='lat' dir='ltr'>tene-</span> 
     </span>
     <span class='ocr_line' id='line_1_88' title="bbox 1469 3063 2498 3116; baseline -0.002 -9"><span class='ocrx_word' id='word_1_596' title='bbox 1469 3067 1555 3108; x_wconf 73' lang='lat' dir='ltr'>bris</span> <span class='ocrx_word' id='word_1_597' title='bbox 1573 3065 1779 3116; x_wconf 71' lang='lat' dir='ltr'>dixistis,</span> <span class='ocrx_word' id='word_1_598' title='bbox 1803 3065 1852 3106; x_wconf 76' lang='lat' dir='ltr'>in</span> <span class='ocrx_word' id='word_1_599' title='bbox 1877 3064 2036 3106; x_wconf 73' lang='lat' dir='ltr'>lumine</span> <span class='ocrx_word' id='word_1_600' title='bbox 2055 3063 2268 3105; x_wconf 73' lang='lat' dir='ltr'>dicentur.</span> <span class='ocrx_word' id='word_1_601' title='bbox 2290 3063 2378 3104; x_wconf 90' lang='lat' dir='ltr'>Hoc</span> <span class='ocrx_word' id='word_1_602' title='bbox 2397 3064 2498 3105; x_wconf 84' lang='lat' dir='ltr'>dicit</span> 
     </span>
     <span class='ocr_line' id='line_1_89' title="bbox 1470 3133 2493 3190; baseline -0.002 -13"><span class='ocrx_word' id='word_1_603' title='bbox 1470 3139 1680 3190; x_wconf 86' lang='lat' dir='ltr'>quantum</span> <span class='ocrx_word' id='word_1_604' title='bbox 1695 3136 1745 3176; x_wconf 90' lang='lat' dir='ltr'>ad</span> <span class='ocrx_word' id='word_1_605' title='bbox 1760 3133 2140 3176; x_wconf 82' lang='lat' dir='ltr'>manifestationem</span> <span class='ocrx_word' id='word_1_606' title='bbox 2155 3136 2349 3186; x_wconf 87' lang='lat' dir='ltr'>respectu</span> <span class='ocrx_word' id='word_1_607' title='bbox 2363 3134 2493 3176; x_wconf 67' lang='lat' dir='ltr'>visus</span> 
     </span>
     <span class='ocr_line' id='line_1_90' title="bbox 1471 3203 2498 3260; baseline -0.003 -12"><span class='ocrx_word' id='word_1_608' title='bbox 1471 3208 1608 3260; x_wconf 83' lang='lat' dir='ltr'>Hujus</span> <span class='ocrx_word' id='word_1_609' title='bbox 1636 3206 1880 3259; x_wconf 83' lang='lat' dir='ltr'>exemplum</span> <span class='ocrx_word' id='word_1_610' title='bbox 1913 3205 1959 3244; x_wconf 91' lang='lat' dir='ltr'>in</span> <span class='ocrx_word' id='word_1_611' title='bbox 1987 3203 2117 3244; x_wconf 86' lang='lat' dir='ltr'>David</span> <span class='ocrx_word' id='word_1_612' title='bbox 2148 3204 2330 3244; x_wconf 86' lang='lat' dir='ltr'>habetur</span> <span class='ocrx_word' id='word_1_613' title='bbox 2353 3235 2366 3254; x_wconf 88' lang='lat'>,</span> <span class='ocrx_word' id='word_1_614' title='bbox 2399 3216 2498 3245; x_wconf 89' lang='lat' dir='ltr'>cum</span> 
     </span>
     <span class='ocr_line' id='line_1_91' title="bbox 1471 3273 2498 3329; baseline -0.003 -10"><span class='ocrx_word' id='word_1_615' title='bbox 1471 3279 1570 3320; x_wconf 90' lang='lat' dir='ltr'>dicit</span> <span class='ocrx_word' id='word_1_616' title='bbox 1589 3278 1791 3318; x_wconf 88' lang='lat' dir='ltr'>Dominus</span> <span class='ocrx_word' id='word_1_617' title='bbox 1806 3287 1881 3329; x_wconf 88' lang='lat' dir='ltr'>per</span> <span class='ocrx_word' id='word_1_618' title='bbox 1900 3273 2066 3315; x_wconf 88' lang='lat' dir='ltr'>Nathan</span> <span class='ocrx_word' id='word_1_619' title='bbox 2087 3275 2139 3315; x_wconf 88' lang='lat' dir='ltr'>ad</span> <span class='ocrx_word' id='word_1_620' title='bbox 2159 3274 2291 3316; x_wconf 87' lang='lat' dir='ltr'>David</span> <span class='ocrx_word' id='word_1_621' title='bbox 2310 3275 2339 3299; x_wconf 80' lang='lat'>²⁵</span> <span class='ocrx_word' id='word_1_622' title='bbox 2363 3289 2372 3315; x_wconf 80' lang='lat' dir='ltr'>z</span> <span class='ocrx_word' id='word_1_623' title='bbox 2396 3289 2415 3313; x_wconf 83' lang='lat'>«</span> <span class='ocrx_word' id='word_1_624' title='bbox 2433 3274 2498 3316; x_wconf 85' lang='lat' dir='ltr'>Tu</span> 
     </span>
     <span class='ocr_line' id='line_1_92' title="bbox 1468 3346 2495 3398; baseline -0.005 -7"><span class='ocrx_word' id='word_1_625' title='bbox 1468 3350 1602 3392; x_wconf 86' lang='lat' dir='ltr'>fecisti</span> <span class='ocrx_word' id='word_1_626' title='bbox 1634 3347 1902 3396; x_wconf 82' lang='lat' dir='ltr'>abscondite3</span> <span class='ocrx_word' id='word_1_627' title='bbox 1934 3357 2014 3398; x_wconf 87' lang='lat' dir='ltr'>ego</span> <span class='ocrx_word' id='word_1_628' title='bbox 2045 3347 2189 3386; x_wconf 89' lang='lat' dir='ltr'>autem</span> <span class='ocrx_word' id='word_1_629' title='bbox 2220 3346 2370 3386; x_wconf 87' lang='lat' dir='ltr'>faciam</span> <span class='ocrx_word' id='word_1_630' title='bbox 2399 3358 2495 3388; x_wconf 87' lang='lat' dir='ltr'>ver-</span> 
     </span>
    </p>
   </div>
   <div class='ocr_carea' id='block_1_7' title="bbox 1471 3478 2498 3615">
    <p class='ocr_par' dir='ltr' id='par_1_8' title="bbox 1471 3478 2498 3615">
     <span class='ocr_line' id='line_1_93' title="bbox 1473 3478 2498 3519; baseline -0.008 -4"><span class='ocrx_word' id='word_1_631' title='bbox 1473 3486 1522 3515; x_wconf 72' lang='grc'>18.</span> <span class='ocrx_word' id='word_1_632' title='bbox 1547 3498 1589 3505; x_wconf 82' lang='grc'>--</span> <span class='ocrx_word' id='word_1_633' title='bbox 1618 3481 1644 3503; x_wconf 91' lang='lat'>¹0</span> <span class='ocrx_word' id='word_1_634' title='bbox 1672 3481 1697 3511; x_wconf 88' lang='lat' dir='ltr'>ll</span> <span class='ocrx_word' id='word_1_635' title='bbox 1728 3479 1816 3516; x_wconf 63' lang='lat' dir='ltr'>Coan,</span> <span class='ocrx_word' id='word_1_636' title='bbox 1849 3487 1878 3519; x_wconf 90' lang='lat'>1,</span> <span class='ocrx_word' id='word_1_637' title='bbox 1909 3481 2013 3511; x_wconf 79' lang='lat'><strong>12.-</strong></span> <span class='ocrx_word' id='word_1_638' title='bbox 2045 3478 2073 3499; x_wconf 83' lang='lat'>¹¹</span> <span class='ocrx_word' id='word_1_639' title='bbox 2101 3478 2234 3516; x_wconf 69' lang='lat' dir='ltr'>Jerem„</span> <span class='ocrx_word' id='word_1_640' title='bbox 2264 3485 2356 3518; x_wconf 81' lang='lat' dir='ltr'>xvn,</span> <span class='ocrx_word' id='word_1_641' title='bbox 2388 3479 2438 3510; x_wconf 81' lang='lat'>17.</span> <span class='ocrx_word' id='word_1_642' title='bbox 2457 3496 2498 3502; x_wconf 82' lang='lat'><em>—</em></span> 
     </span>
     <span class='ocr_line' id='line_1_94' title="bbox 1473 3522 2496 3567; baseline -0.003 -6"><span class='ocrx_word' id='word_1_643' title='bbox 1473 3531 1495 3549; x_wconf 87' lang='lat'>¹²</span> <span class='ocrx_word' id='word_1_644' title='bbox 1519 3522 1774 3565; x_wconf 51' lang='lat' dir='ltr'>Ps‘al.v11‚110.</span> <span class='ocrx_word' id='word_1_645' title='bbox 1797 3544 1837 3550; x_wconf 95' lang='lat'>—</span> <span class='ocrx_word' id='word_1_646' title='bbox 1858 3527 1882 3548; x_wconf 80' lang='lat'>¹³</span> <span class='ocrx_word' id='word_1_647' title='bbox 1903 3526 1997 3567; x_wconf 62' lang='lat' dir='ltr'>Sap„</span> <span class='ocrx_word' id='word_1_648' title='bbox 2017 3533 2073 3566; x_wconf 76' lang='lat' dir='ltr'>vr,</span> <span class='ocrx_word' id='word_1_649' title='bbox 2092 3527 2123 3557; x_wconf 81' lang='lat'>4.</span> <span class='ocrx_word' id='word_1_650' title='bbox 2145 3544 2185 3550; x_wconf 92' lang='lat'>--</span> <span class='ocrx_word' id='word_1_651' title='bbox 2204 3525 2229 3546; x_wconf 76' lang='lat'>¹⁴</span> <span class='ocrx_word' id='word_1_652' title='bbox 2253 3526 2261 3556; x_wconf 92' lang='grc' dir='ltr'>Ι</span> <span class='ocrx_word' id='word_1_653' title='bbox 2289 3525 2445 3567; x_wconf 79' lang='lat' dir='ltr'>Cor.,1v,</span> <span class='ocrx_word' id='word_1_654' title='bbox 2465 3528 2496 3558; x_wconf 80' lang='lat'>5.</span> 
     </span>
     <span class='ocr_line' id='line_1_95' title="bbox 1471 3575 1878 3615; baseline -0.01 -7"><span class='ocrx_word' id='word_1_655' title='bbox 1471 3577 1602 3607; x_wconf 74' lang='grc'><strong>-1511</strong></span> <span class='ocrx_word' id='word_1_656' title='bbox 1630 3576 1720 3615; x_wconf 66' lang='grc' dir='ltr'>Κεφ,</span> <span class='ocrx_word' id='word_1_657' title='bbox 1742 3582 1803 3615; x_wconf 75' lang='lat' dir='ltr'>xii,</span> <span class='ocrx_word' id='word_1_658' title='bbox 1829 3575 1878 3605; x_wconf 75' lang='lat'>12.</span> 
     </span>
    </p>
   </div>
   <div class='ocr_carea' id='block_1_8' title="bbox 2512 375 2606 451">
    <p class='ocr_par' dir='ltr' id='par_1_9' title="bbox 2512 375 2606 451">
     <span class='ocr_line' id='line_1_96' title="bbox 2523 375 2606 403; baseline 0.024 -1"><span class='ocrx_word' id='word_1_659' title='bbox 2523 375 2606 403; x_wconf 84' lang='lat' dir='ltr'>crisis</span> 
     </span>
     <span class='ocr_line' id='line_1_97' title="bbox 2512 416 2606 451; baseline 0.011 -9"><span class='ocrx_word' id='word_1_660' title='bbox 2512 416 2606 451; x_wconf 81' lang='lat' dir='ltr'>origo.</span> 
     </span>
    </p>
   </div>
   <div class='ocr_carea' id='block_1_9' title="bbox 2599 3367 2634 3853">
    <p class='ocr_par' dir='ltr' id='par_1_10' title="bbox 2599 3367 2634 3853">
     <span class='ocr_line' id='line_1_98' title="bbox 2599 3367 2634 3853; textangle 90"><span class='ocrx_word' id='word_1_661' title='bbox 2599 3513 2634 3853; x_wconf 44' lang='grc' dir='ltr'>ῃΜΓΆῄ-,ςξνρῑρ</span> <span class='ocrx_word' id='word_1_662' title='bbox 2616 3483 2631 3503; x_wconf 50' lang='lat' dir='ltr'>f.</span> <span class='ocrx_word' id='word_1_663' title='bbox 2624 3452 2625 3456; x_wconf 57' lang='lat'><em>„</em></span> <span class='ocrx_word' id='word_1_664' title='bbox 2621 3387 2623 3392; x_wconf 83' lang='lat'><em>-</em></span> <span class='ocrx_word' id='word_1_665' title='bbox 2622 3367 2626 3371; x_wconf 90' lang='lat'>.</span> 
     </span>
    </p>
   </div>
  </div>
 </body>
</html>
