2634 3853
115 3128 258 3164 Spiritua-

117 3171 155 3197 lis
189 3178 256 3197 sen·

161 3220 222 3238 sus.

271 241 348 279 574

264 328 368 367 bum
398 325 615 375 divinum,
644 323 743 377 quia
771 321 782 343 ¹
816 334 825 361 :
864 316 1034 358 «Vivus
1063 313 1126 353 est
1155 321 1294 352 sermo

267 398 355 448 Dei,
378 400 417 438 et
439 397 612 446 efficax,
635 397 675 435 et
695 387 992 446 penetrabilior
1014 383 1131 426 omni
1151 382 1292 435 gladio

265 469 454 522 ancipiti,
482 471 521 509 et
541 467 787 521 pertingens
815 471 950 513 usque
972 458 1022 498 ad
1042 455 1295 497 divisionem

265 540 419 580 animae
451 552 498 580 ac
533 538 725 591 spiritus,
765 541 1023 584 compagum
1054 537 1224 580 quoque
1249 536 1297 564 ae

267 611 563 659 medullarum,
574 611 612 648 et
627 607 828 648 discretor
843 600 1165 654 cogitationum,
1178 611 1196 634 ›)
1216 599 1293 637 etc.

267 682 317 723 Et
333 682 469 722 subdit
492 680 665 720 modum
686 680 727 718 et
747 674 989 728 exemplum
1012 672 1066 724 (v.
1087 670 1149 722 53)
1176 684 1185 709 ε
1209 669 1296 710 Ρα-

269 758 326 795 ter
346 753 391 794 in
412 752 568 802 filium,
590 754 625 792 et
646 749 764 801 filius
784 749 832 789 in
849 749 1162 799 pati-musicam,
1185 740 1299 781 scili-

267 826 331 864 cet
349 822 614 864 dividentur.
633 819 957 872 chrysostomus
968 818 981 837 ‘2
997 829 1036 856 z«
1051 813 1174 855 Solus
1190 812 1299 852 Deus

267 894 461 934 omnium
478 893 718 934 animarum
738 891 983 931 sanctarum
1007 888 1059 937 (a)
1082 886 1199 937 pater
1220 884 1295 924 est.

268 964 512 1006 Carnalibus
530 964 720 1018 patribus
739 962 923 1016 praebete
947 960 993 1011 (b)
1014 957 1153 998 carnis
1174 955 1299 996 obse-

267 1037 438 1090 quium3
449 1035 738 1090 spiritualibus
745 1033 934 1087 patribus
945 1030 1100 1071 animae
1110 1027 1301 1068 sanctita-

268 1110 364 1148 tem.
384 1122 402 1145 >)
426 1106 509 1148 Nec
526 1109 692 1147 tantum
711 1106 792 1145 hoc
805 1103 884 1145 erit
902 1102 946 1142 in
964 1113 1069 1142 sexu
1083 1099 1212 1148 virili,
1230 1109 1301 1138 ve-

268 1192 365 1220 rum
383 1179 508 1220 etiam
524 1179 565 1218 in
579 1176 774 1218 muliebri
787 1190 796 1226 ;
815 1175 907 1215 ideo
919 1172 1060 1214 subdit
1075 1186 1083 1211 :
1099 1171 1239 1212 Mater
1254 1171 1301 1211 in

268 1251 421 1302 filiam,
447 1254 484 1292 et
506 1249 603 1301 filia
622 1250 669 1291 in
689 1252 889 1297 matrem,
912 1253 1057 1287 socrus
1077 1244 1125 1284 in
1144 1251 1301 1283 nm’um

268 1334 404 1374 suam,
416 1326 452 1364 et
462 1332 599 1363 nurus
611 1322 659 1363 in
671 1330 836 1362 socrum
855 1328 992 1359 suam.
1009 1314 1060 1355 Et
1076 1316 1175 1354 nota
1189 1312 1301 1365 quod

268 1396 458 1449 quinque
478 1404 678 1448 personas
698 1389 905 1445 praemisit
926 1387 1148 1435 Dominus,
1170 1387 1211 1425 et
1228 1396 1303 1425 sex

267 1466 597 1508 necessitudines
613 1463 776 1518 posuit:
795 1461 939 1515 patris,
963 1461 1004 1500 et
1024 1458 1114 1507 filii;
1139 1456 1299 1508 matris,

269 1541 309 1579 et
328 1538 447 1588 filiae3
470 1549 607 1578 nurus
623 1538 664 1577 et
686 1546 831 1576 socrus
855 1547 863 1573 ε
891 1531 993 1585 quia
1012 1542 1100 1570 una
1119 1539 1301 1582 persona

269 1613 330 1651 est
350 1612 499 1660 mater,
523 1611 563 1648 et
583 1618 743 1648 socrus.
765 1605 815 1645 Et
833 1603 951 1657 ponit
977 1602 1083 1643 duos
1102 1601 1231 1648 viros,
1261 1602 1302 1640 et·

268 1684 352 1722 tres
366 1680 587 1729 mulieres;
604 1679 692 1719 sive
712 1676 813 1730 quia
831 1674 1030 1715 mulieres
1051 1672 1190 1723 magis
1209 1683 1303 1723 pro-

270 1765 337 1793 nae
349 1754 450 1792 sunt
461 1751 512 1791 ad
523 1750 775 1791 divisionem
791 1748 962 1799 propter
973 1756 1121 1785 earum
1132 1743 1303 1783 instabi-

268 1825 450 1872 litatem,
473 1823 561 1863 sive
581 1821 681 1874 quia
704 1819 847 1872 plures
868 1818 968 1857 sunt
996 1814 1243 1856 effoeminati
1263 1817 1304 1855 et

269 1895 470 1946 carnaleS‚
482 1905 611 1947 quam
627 1889 880 1945 spirituales.
896 1888 1014 1929 Unde
1026 1887 1252 1940 Apostolus
1264 1887 1298 1927 3:

270 1983 290 2006 (ι
311 1967 407 2008 Ideo
426 1966 537 2006 inter
566 1976 644 2005 vos
662 1961 784 2003 multi
804 1959 964 2001 infirmi
984 1961 1025 1999 et
1056 1958 1300 2008 imbecilles,

270 2042 310 2081 et
329 2037 547 2080 dormiunt
567 2034 705 2077 multi.
724 2048 743 2071 n
776 2032 833 2073 Ad
852 2032 1035 2072 litteram
1056 2030 1115 2070 ita
1146 2030 1302 2070 factum

271 2113 346 2161 est,
389 2110 496 2149 sicut
539 2107 658 2156 dicit,
696 2107 791 2159 post
821 2105 913 2156 ejus
943 2101 1301 2156 praedicationem.

272 2182 388 2223 Unde
433 2180 578 2221 Glossa
620 2177 743 2219 Beda}
777 2177 790 2198 '*
834 2190 843 2216 z
894 2190 913 2214 (ι
956 2173 1054 2214 Post
1097 2173 1304 2225 baptisma

272 2251 497 2306 passioniS,
537 2251 630 2302 post
658 2248 891 2289 adventum
923 2244 1058 2296 ignis,
1091 2246 1205 2283 totus
1233 2255 1305 2283 or-

270 2324 336 2364 bis
356 2325 499 2363 contra
517 2333 559 2361 se
579 2320 739 2361 divisus
757 2320 842 2368 est,
864 2326 1133 2368 unaquaeque
1154 2314 1304 2354 domus

271 2395 421 2436 hahuit
439 2392 581 2433 fideles
601 2394 641 2432 et
659 2389 849 2430 infideles
863 2421 875 2440 ,
898 2388 965 2428 1115
987 2391 1132 2427 contra
1151 2386 1277 2426 fidem
1292 2419 1302 2438 ,

272 2466 353 2507 illis
365 2477 440 2518 pro
452 2464 532 2505 fide
543 2461 848 2516 pugnantibus,
861 2476 880 2498 »
896 2458 1130 2499 secundum
1145 2456 1250 2498 illud
1291 2471 1299 2498 :

278 2553 297 2575 «
319 2536 464 2590 Neque
483 2532 736 2584 introeunti,
758 2543 897 2585 neque
923 2529 1094 2571 exeunti
1113 2531 1202 2569 erat
1222 2540 1305 2581 pax

272 2618 361 2659 prae
390 2603 682 2653 tribulatione,
715 2603 756 2642 et
786 2600 924 2642 dimisi
944 2610 1091 2640 omnes
1112 2597 1306 2637 homines

273 2686 624 2729 unumquemque
653 2674 800 2713 contra
829 2670 1074 2724 proximum
1107 2681 1246 2710 suum.
1281 2683 1300 2706 n

273 2750 324 2790 Et
341 2750 387 2789 in
412 2746 707 2789 Ecclesiastico
735 2744 747 2765 ⁶
779 2757 788 2784 :
829 2757 848 2780 α
881 2742 1050 2782 Intuere
1086 2741 1132 2793 (c)
1162 2740 1307 2781 omnia

274 2833 401 2874 opera
420 2817 623 2860 Altissimi
646 2831 654 2857 ε
686 2816 769 2856 duo
799 2816 945 2854 contra
964 2813 1070 2863 duo,
1100 2816 1141 2853 et
1167 2825 1306 2853 unum

274 2896 420 2934 contra
437 2902 587 2932 unum.
615 2904 634 2926 1)
653 2888 666 2909 ⁷
700 2885 887 2927 «Tradet
914 2885 1042 2925 frater
1068 2884 1241 2924 fratrem
1262 2884 1307 2924 in

275 2966 480 3011 mortem,
508 2963 549 3001 et.
575 2963 693 3012 pater
721 2957 884 3007 filium,
918 2958 958 2996 et
989 2955 1215 3006 insurgent
1231 2954 1307 2994 filii

276 3037 321 3076 in
342 3036 534 3088 parentes
551 3065 559 3083 ,
584 3034 624 3071 et
643 3032 778 3070 morte
798 3040 868 3069 eos
888 3027 1084 3068 afficient.

331 3104 614 3159 Spiritualiter
635 3101 768 3154 quilib
798 3104 811 3140 t
830 3100 959 3140 homo
981 3100 1043 3139 est
1067 3097 1218 3138 domus
1238 3097 1307 3139 vel

278 3179 370 3229 Dei,
392 3176 460 3218 vel
481 3174 654 3224 diaboli,
684 3172 918 3212 secundum
952 3168 1066 3223 quod
1095 3171 1157 3209 est
1184 3168 1228 3208 in
1257 3180 1306 3209 eo

278 3262 361 3303 pax
388 3247 519 3294 mala,
551 3256 648 3298 quae
680 3248 741 3283 est
765 3241 948 3295 peccati,
972 3242 1097 3293 cujus
1117 3240 1308 3281 diabolus

279 3325 339 3363 est
363 3323 481 3374 pater
501 3319 543 3358 ⁸:
571 3333 589 3356 «
615 3315 698 3358 Vos
729 3327 782 3354 ex
810 3317 927 3367 patre
955 3312 1119 3354 diabolo
1144 3312 1257 3353 estis.
1281 3326 1300 3350 ›>

320 3406 329 3426 ¹
354 3403 466 3443 Heba,
496 3409 540 3441 w,
571 3403 622 3432 12.
652 3418 687 3422 —
709 3399 722 3419 2
742 3399 813 3429 lmo
833 3399 950 3428 auctor
975 3397 1075 3437 Oper.
1107 3395 1240 3436 imperf.
1272 3396 1306 3426 in

277 3451 412 3492 Mmllz„
431 3450 525 3481 hom.
547 3455 642 3480 xxm.
665 3464 703 3470 —-
722 3446 763 3476 81
790 3445 881 3482 Corn,
907 3452 960 3483 XI,
989 3446 1039 3475 30.
1060 3460 1100 3465 —
1120 3443 1133 3464 ¹*
1156 3443 1251 3483 Bed,
1273 3445 1307 3474 in

279 3500 369 3540 Luc„
390 3498 448 3530 lib.
472 3497 527 3536 lv,
547 3505 577 3527 c.
599 3502 651 3527 Lv.
682 3511 717 3516 —
739 3494 749 3512 ⁵
769 3491 885 3529 Zuclz„
907 3498 986 3530 wll,
1009 3492 1059 3522 10.
1079 3507 1120 3512 —
1145 3490 1158 3511 ⁶
1185 3490 1306 3531 Eccli„

280 3555 410 3586 xxxiii,
438 3548 488 3577 15.
509 3562 551 3567 —
578 3543 587 3564 ⁷
611 3541 746 3582 Malth„
773 3549 818 3580 x,
846 3542 897 3571 21.
915 3557 955 3562 —
979 3539 992 3560 ⁸
1012 3538 1122 3577 doctu„
1143 3545 1225 3578 vul,
1253 3540 1304 3570 44.

993 220 1274 267 EVANGELH
1307 218 1493 260 SANCTI
1525 218 1673 260 LUCAE

1368 309 1471 350 Caro
1501 309 1644 349 autem
1672 309 1735 349 est
1758 319 1918 360 nurus,
1943 311 1984 351 et
2008 312 2145 352 mater
2164 310 2204 351 ⁹:
2235 323 2254 348 «
2281 308 2403 352 Pater

1366 383 1467 421 tuus
1486 380 1780 431 Amorrhaeus,
1805 383 1846 421 et
1865 383 1999 422 mater
2019 384 2094 423 tua
2112 383 2294 432 (lethaea,
2316 398 2335 420 »
2360 382 2403 424 id

1369 454 1431 491 est
1453 451 1641 502 garrula.
1659 450 1778 492 Tunc
1798 454 1941 492 autem
1961 452 2165 494 dividitur
2181 454 2294 495 filius
2311 466 2405 495 con-

1369 524 1435 562 tra
1456 525 1645 574 patrem,
1668 525 1707 562 et
1728 525 1929 573 matrem,
1956 525 1997 563 et
2019 535 2212 575 socrum,
2235 524 2404 578 quando

1371 593 1510 633 carnis
1528 593 1728 645 relinquit
1754 592 1983 643 desideria,
2011 595 2052 634 et
2080 595 2295 636 renuntiat
2313 595 2402 636 dia-

1371 664 1491 715 bolo,
1514 667 1554 704 et
1575 665 1740 717 pompis
1760 666 1873 717 ejus,
1896 668 1937 705 et
1957 665 2010 705 ab
2030 666 2090 706 eis
2111 665 2312 707 dividitur
2330 679 2405 720 per

1371 736 1645 789 baptismum.
1671 736 1788 777 Unde
1816 736 2012 779 Psalmus
2046 736 2076 762 ⁴0
2105 751 2114 777 :
2149 751 2168 774 α
2200 736 2407 786 Quoniam

1372 809 1492 860 pater
1506 819 1626 848 meus
1644 810 1684 848 et
1704 811 1838 848 mater
1858 820 1954 849 mea
1975 807 2295 860 dereliquerunt
2314 820 2405 849 me:

1373 878 1578 920 Dominus
1600 882 1744 920 autem
1775 880 2003 932 assumpsit
2032 891 2116 920 me.
2149 894 2168 917 »
2195 879 2256 920 Ad
2287 879 2409 921 istam

1373 949 1627 991 divisionem
1641 951 1890 1002 faciendam,
1902 953 2066 1004 oportet
2080 951 2195 991 nasci
2206 950 2345 992 denuo
2360 952 2406 991 ¹¹:

1380 1037 1398 1060 ε(
1421 1021 1510 1062 Nisi
1531 1022 1626 1074 quis
1646 1024 1818 1063 renatus
1840 1023 1968 1063 suerit
1986 1035 2040 1063 ex
2060 1035 2172 1076 aqua
2191 1025 2231 1063 et
2258 1022 2410 1075 spiritu

1374 1095 1534 1143 sancto,
1551 1105 1638 1133 non
1657 1094 1794 1145 potest
1813 1093 1989 1134 introire
2008 1093 2054 1133 in
2074 1105 2262 1145 regnum
2282 1091 2405 1134 Dei.»

1375 1162 1493 1215 Ignis
1513 1163 1626 1203 enim
1652 1163 1785 1204 divini
1805 1164 1984 1214 amoris,
2009 1166 2050 1204 et
2069 1164 2304 1217 baptismus
2323 1166 2411 1204 tarn

1375 1234 1560 1274 flaminis
1580 1246 1708 1287 quam
1729 1234 1919 1275 fluminis
1942 1237 1982 1275 et
2002 1235 2242 1287 sanguinis,
2264 1247 2412 1277 omnes

1375 1306 1528 1348 dividit
1548 1319 1572 1347 a
1586 1307 1824 1348 domesticis
1845 1307 2051 1349 inimicis:
2076 1310 2117 1348 et
2136 1308 2228 1349 haec
2247 1311 2309 1349 est
2327 1309 2415 1349 effi-

1375 1377 1487 1419 cacia
1506 1378 1714 1420 adventus
1734 1378 1876 1431 primi.

1430 1452 1495 1489 54.
1518 1450 1694 1492 Dicebat
1716 1453 1856 1492 autem
1877 1453 1918 1492 et
1939 1449 1999 1491 ad
2018 1450 2163 1493 turbas
2183 1462 2196 1491 :
2217 1450 2321 1492 Cum
2342 1451 2414 1492 vi-

1377 1521 1530 1563 deritis
1549 1521 1699 1563 nubem
1723 1523 1925 1564 orientem
1945 1521 1996 1563 ab
2019 1532 2186 1573 occasu,
2208 1526 2285 1562 etc.
2302 1520 2415 1562 Post-

1377 1606 1508 1647 quam
1529 1594 1730 1634 excitavit
1748 1594 1801 1634 ad
1820 1594 2090 1646 vigilantiam
2105 1625 2115 1644 ,
2138 1593 2209 1633 hic
2228 1593 2413 1633 secundo

1377 1666 1522 1717 arguit
1544 1665 1876 1716 negligentiam,
1901 1676 1997 1716 quae
2026 1664 2077 1704 de
2105 1663 2243 1715 gratia
2264 1662 2415 1704 Christi

1376 1736 1587 1776 venientis
1601 1748 1686 1776 non
1701 1738 1835 1775 curat.
1852 1735 1903 1776 Et
1922 1735 2050 1775 habet
2063 1734 2155 1775 haec
2169 1746 2267 1788 pars
2281 1733 2410 1775 duas:

1378 1807 1423 1847 in
1443 1819 1626 1860 quarum
1646 1806 1784 1860 prima
1803 1809 1922 1859 parte
1948 1806 2168 1858 redarguit
2191 1805 2414 1858 negligen-

1378 1879 1482 1919 tiam
1498 1881 1692 1931 respectu
1715 1878 1865 1930 gratiae
1880 1877 2205 1930 cognoscendae;
2228 1877 2413 1918 secundo

1377 1963 1503 2001 vero,
1525 1952 1720 2002 respectu
1741 1948 2001 2002 poenitentiae
2030 1947 2255 2000 faciendae,
2277 1948 2336 1989 ibi
2357 1949 2409 1989 ¹²:

1378 2021 1573 2064 Aderant
1600 2024 1742 2063 aute-m
1772 2020 1952 2073 quidam
1974 2021 2068 2072 ipso
2104 2022 2307 2073 tempore,
2332 2023 2409 2061 etc.

1379 2092 1485 2134 Nam
1518 2093 1708 2134 Christus
1728 2092 1845 2133 venit
1880 2092 1932 2132 ad
1971 2091 2155 2144 gratiam
2193 2092 2413 2133 conferen-

1379 2165 1477 2206 dam
1494 2196 1504 2215 ‚
1526 2167 1567 2205 et
1592 2163 1887 2217 poenitentiam
1910 2163 2240 2215 praedicandam.
2265 2162 2415 2215 Negli-

1381 2236 1571 2288 gentiam
1583 2237 1726 2276 autem
1738 2236 1931 2287 respectu
1945 2234 2097 2286 gratiae
2108 2235 2413 2286 cognoscendae

1380 2307 1598 2359 redarguit
1616 2308 1788 2359 propter
1809 2305 1902 2356 tria,
1927 2305 2083 2345 scilieet
2104 2309 2275 2358 propter
2295 2318 2413 2347 com-

1379 2379 1658 2420 monitionem
1678 2377 1901 2418 exterioris
1917 2376 2089 2429 judicii,
2112 2377 2323 2418 interioris
2338 2380 2414 2432 Ju-

1380 2450 1478 2491 dicii
1508 2449 1589 2503 (cl),
1623 2452 1664 2489 et
1701 2447 1930 2501 superioris
1961 2447 2100 2488 edicti.
2136 2447 2279 2490 Primo
2310 2462 2416 2503 ergo

1380 2523 1582 2574 quantum
1612 2520 1665 2561 ad
1695 2519 2071 2560 commonitionem
2099 2520 2319 2561 exterioris
2341 2523 2416 2574 Ju-

1381 2592 1493 2644 dicii,
1512 2594 1683 2645 propter
1699 2603 1830 2644 quam
1849 2590 2118 2642 negligentia
2133 2592 2418 2644 cognoscendi

1381 2667 1444 2705 est
1468 2662 1841 2717 reprehensibilis,
1864 2662 1990 2703 dicit:
2018 2663 2194 2706 Dicebat
2215 2667 2355 2706 autem
2378 2668 2419 2708 et

1382 2734 1441 2777 ad
1473 2735 1648 2778 turbas:
1678 2734 1779 2775 Cum
1811 2732 2010 2775 videritis
2036 2733 2187 2776 nubem
2217 2736 2418 2778 orientem

1383 2807 1433 2848 ab
1454 2817 1625 2857 occasu,
1647 2807 1798 2848 statim
1817 2804 1970 2846 dicitis
1988 2816 1998 2846 ε
2017 2805 2196 2848 Nimbus
2215 2808 2353 2858 venit,
2375 2806 2418 2847 id

1382 2882 1464 2930 est,
1490 2879 1627 2919 imber
1647 2878 1823 2931 pluviae.
1847 2877 1902 2920 Ec
1930 2878 1995 2920 ita
2013 2878 2107 2930 fiet,
2130 2878 2232 2931 quia
2255 2878 2336 2919 hoc
2355 2880 2418 2919 est

1381 2951 1580 3003 signum,
1612 2961 1711 2990 eum
1739 2949 1897 2989 eoelum
1924 2949 2038 2989 nube
2063 2948 2272 3001 operitur,
2306 2948 2420 3001 quod

1382 3023 1508 3063 terris
1529 3021 1676 3074 pluvia
1694 3023 1959 3074 praeparetur
1979 3020 2064 3060 13;«
2084 3019 2162 3068 Qui
2181 3018 2318 3072 operit
2339 3031 2420 3061 coe-

1381 3094 1472 3135 lum
1487 3093 1688 3144 nubibus,
1707 3094 1875 3145 etparat
1887 3095 2011 3132 terrae
2022 3090 2227 3144 pluviam.
2250 3106 2268 3128 »

1437 3168 1502 3205 55.
1518 3165 1679 3207 Etcum
1698 3168 1890 3205 austrina
1903 3163 2094 3215 flantem,
2113 3161 2263 3205 dicitis
2277 3175 2291 3204 .·
2310 3163 2418 3211 Quia

1382 3243 1512 3281 cestus
1527 3239 1619 3289 erit,
1637 3238 1748 3280 elica
1762 3238 1859 3289 fias*
1883 3236 2060 3277 «Nonne
2080 3236 2335 3278 vestimenta
2345 3240 2419 3278 tua

1381 3352 1421 3358 —
1440 3334 1453 3355 ⁹
1476 3334 1606 3373 Ezecli„
1636 3341 1711 3373 xvi,
1733 3335 1763 3364 3.
1788 3351 1823 3355 —
1847 3333 1869 3351 ¹⁸
1892 3330 1980 3362 Psal.
2004 3338 2105 3372 XXVI,
2125 3333 2178 3363 10.
2199 3349 2239 3354 —-
2268 3332 2289 3353 ¹¹
2309 3332 2417 3372 Joan„

1385 3389 1443 3422 111,
1467 3384 1497 3413 3.
1522 3399 1563 3404 —
1589 3382 1613 3402 ¹2
1639 3381 1733 3420 lofin,
1762 3388 1845 3421 xiii,
1878 3383 1902 3410 1.
1932 3396 1972 3402 -
1998 3379 2024 3400 1³
2050 3379 2142 3411 Psal.
2169 3387 2290 3420 cxmu,
2319 3381 2350 3412 8.
2377 3397 2418 3404 -

1388 3430 1411 3451 ¹⁴
1431 3429 1501 3468 Job,
1527 3437 1661 3469 xxxvn,
1686 3431 1735 3460 17.

1428 3495 1470 3535 (η)
1481 3494 1565 3525 Caet.
1576 3493 1654 3525 edit.
1670 3494 1758 3524 Deus
1767 3491 2012 3525 animarum.—
2021 3491 2062 3532 (b)
2076 3491 2259 3533 praebet.—
2271 3491 2309 3533 (c)
2319 3491 2416 3533 ναῖς.

1382 3542 1460 3574 add.
1482 3542 1529 3575 in.
1549 3558 1590 3565 —
1613 3540 1660 3583 (cl)
1689 3540 1768 3573 Coet.
1795 3539 1877 3571 edit.
1900 3539 1988 3571 deest
2015 3539 2187 3572 interioris
2201 3539 2333 3580 judicii.
