2634 3853
75 1489 138 1514 Rex
147 1488 202 1514 An-

100 1528 166 1562 gliae

71 1568 180 1594 eleemo
187 1582 196 1588 -

64 1608 200 1642 synarIus

111 2255 200 2283 Disci-

68 2298 203 2332 pulorum

79 2339 186 2366 Christi

70 2380 179 2408 instruc
184 2397 192 2400 —

63 2420 115 2448 tio.

989 184 1262 227 EXPOSITIO
1293 185 1343 224 ΙΝ
1377 184 1491 224 CAP.
1522 183 1590 224 Vl.

225 282 296 323 Est
326 280 430 321 cutis
461 279 512 319 ad
540 278 876 318 conversandum
898 277 908 298 ¹
934 289 943 316 :
971 273 1124 315 «Cutis
1153 285 1248 313 mea

224 351 355 399 aruit,
377 352 418 390 et
437 351 647 389 contracta
675 349 750 387 est.
772 362 790 383 n
819 346 868 386 Et
885 348 1096 398 postremo
1115 343 1246 384 aridi-

223 423 284 460 tas
302 419 473 459 virtutis
499 419 551 458 ad
579 417 874 458 sustinendum
894 417 909 437 ²
933 430 941 455 :
972 430 990 453 «
1009 415 1133 455 Aruit
1151 417 1245 454 tan-

222 501 351 541 quam
370 490 476 529 testa
505 489 641 529 virtus
667 499 783 538 mea,
806 489 845 526 et
872 486 1022 537 lingua
1049 497 1143 524 mea
1174 485 1246 524 ad-

222 558 345 599 haesit
364 559 556 599 faucibus
578 559 682 598 meis
699 573 709 608 ;
735 562 775 598 et
794 557 837 596 in
857 555 1077 608 pulverem
1099 555 1248 595 mortis

222 629 431 670 deduxisti
451 642 518 670 me
533 662 543 680 ,
565 644 583 667 n
611 632 687 669 etc.

275 700 353 741 Hic
369 704 509 741 autem
531 703 740 753 aegrotus,
763 699 923 740 habens
954 710 1132 738 manum
1161 697 1248 737 ari-

222 771 340 821 dam,
379 772 590 823 significat
627 770 863 810 ariditatem
902 768 1122 817 avaritiae3
1154 778 1249 819 quae

221 844 392 881 sanatur
411 842 554 882 divino
580 840 779 894 imperio,
801 852 900 880 cum
924 850 1077 879 manus
1097 841 1249 878 exten-

222 912 336 952 ditur
355 912 406 952 ad
436 912 747 964 eleemosynam
775 910 1067 962 largiendam,
1097 920 1248 949 secun-

221 981 323 1021 dum
344 981 445 1022 illud
468 982 482 1004 ³
506 997 514 1022 :
544 997 563 1019 ((
585 981 756 1022 Manum
778 993 899 1021 suam
917 980 1081 1033 aperuit
1105 978 1246 1031 inopi,

221 1054 262 1091 et
280 1051 441 1103 palmas
467 1064 566 1092 suas
594 1051 781 1092 extendit
809 1051 859 1090 ad
887 1063 1174 1103 pauperem.»
1200 1050 1251 1090 Et

221 1122 293 1162 illa
322 1122 509 1162 extensio
538 1122 735 1174 impetrat
762 1121 956 1172 vigorem
987 1121 1160 1172 gratiae,
1183 1132 1247 1160 se-

221 1191 409 1232 cundum
438 1192 542 1233 illud
561 1192 574 1213 '⁶
610 1206 619 1233 :
658 1207 677 1230 «
708 1191 985 1244 Eleemosyna
1017 1191 1099 1231 viri
1130 1191 1250 1243 quasi

221 1262 412 1303 sacculus
445 1274 543 1302 cum
580 1263 671 1316 ipso
695 1293 705 1310 ‚
739 1265 779 1302 et
813 1262 998 1313 gratiam
1030 1262 1246 1312 hominis,

221 1332 339 1383 quasi
383 1331 587 1383 pupillam
624 1331 904 1371 conservabit.
935 1346 954 1368 ›)
992 1331 1249 1383 Exemplum

220 1404 362 1442 autem
387 1404 428 1441 et
453 1401 793 1453 experimentum
824 1404 998 1453 apparet
1029 1402 1247 1441 manifeste

221 1471 266 1511 in
293 1471 476 1524 quodam
508 1482 613 1522 rege
634 1469 827 1521 Angliae,
852 1470 924 1522 qui
945 1470 1121 1511 faciebat
1139 1471 1248 1511 elee-

222 1554 420 1595 mosynas
439 1542 600 1593 largas,
620 1542 745 1593 cujus
775 1553 925 1580 manus
958 1544 998 1581 et
1026 1541 1250 1581 brachium

222 1612 360 1652 adhuc
386 1615 530 1652 manet
556 1613 774 1662 integrum
794 1614 834 1650 et
854 1611 1168 1663 incorruptum,
1192 1613 1251 1653 di-

223 1686 340 1724 cente
369 1683 448 1723 sibi
478 1683 662 1736 quadam
697 1682 763 1722 die
801 1682 985 1734 quodam
1024 1682 1248 1734 episcopo,

224 1765 320 1794 cum
338 1753 592 1793 extendisset
611 1764 788 1792 manum
807 1764 928 1792 suam
947 1755 994 1791 ut
1016 1752 1133 1792 daret
1153 1765 1251 1805 pau-

222 1824 312 1874 peri
349 1823 567 1864 scutellam
600 1826 847 1875 argenteam
870 1854 884 1872 ,
916 1834 1045 1875 quam
1078 1826 1173 1863 ante
1204 1836 1248 1863 se

222 1893 423 1944 habebat⁷
445 1906 666 1946 nunquam
685 1905 859 1934 manum
880 1895 971 1944 ssjUS
988 1906 1076 1934 esse
1097 1894 1253 1934 siccan-

222 1963 346 2015 dam;
369 1965 481 2017 quod
510 1965 691 2005 verbum
721 1963 942 2015 impletum
974 1964 1126 2005 dicitur
1159 1976 1260 2006 esse*

222 2045 359 2086 usque
377 2035 422 2074 in
442 2037 692 2087 praesentem
710 2034 836 2074 diem.

276 2108 341 2146 12.
378 2106 560 2149 Factum
596 2110 654 2148 est
691 2109 831 2148 autem
863 2107 912 2147 in
949 2107 1037 2148 illis
1076 2106 1249 2157 diebus,

221 2177 354 2227 emit,
387 2179 464 2217 etc.
501 2176 729 2228 Postquam
759 2179 924 2217 ostensa
955 2180 1016 2217 est
1049 2177 1251 2218 doctrinae

221 2246 374 2287 Christi
401 2247 651 2296 auctoritas,
679 2249 720 2287 et
752 2247 1055 2300 discipulorum
1086 2249 1252 2289 vocatio

222 2317 522 2366 determinata,
538 2317 607 2357 hic
623 2317 818 2357 subditur
831 2318 957 2357 tertia
971 2330 1090 2369 pars,
1106 2319 1149 2358 in
1168 2331 1251 2370 qua

223 2389 269 2427 fit
288 2390 534 2428 vocatorum
556 2386 793 2426 instructio.
816 2387 867 2426 Et
894 2388 1098 2438 quoniam
1126 2388 1249 2427 disci-

223 2458 420 2509 pulorum
443 2457 661 2496 instructio
687 2456 843 2508 duplex
863 2460 946 2507 est,
970 2457 1121 2497 scilicet
1143 2470 1253 2497 com-

223 2527 393 2576 muniS,
423 2530 463 2567 et
494 2526 714 2578 specialis3
752 2527 991 2566 communis
1022 2527 1176 2567 scilicet
1206 2528 1251 2567 in

223 2597 410 2638 doctrina
429 2608 598 2647 eorum,
622 2608 717 2648 quae
747 2597 1026 2648 requiruntur
1054 2597 1106 2637 ad
1133 2597 1251 2637 salu—

222 2673 308 2710 tem
328 2669 545 2718 omnium3
571 2669 761 2721 specialis
786 2669 831 2708 in
852 2669 1043 2709 doctrina
1062 2670 1250 2722 mysterii

223 2740 540 2792 Scripturarum
578 2753 586 2778 :
620 2738 713 2779 ideo
746 2750 844 2790 pars
879 2739 958 2779 ista
990 2739 1116 2780 habet
1146 2741 1251 2781 duas

222 2812 386 2863 partes,
408 2809 454 2849 in
473 2820 656 2862 quarum
686 2808 824 2860 prima
854 2811 972 2860 parte
1000 2809 1252 2850 erudiuntur

222 2880 401 2933 apostoli
433 2880 479 2919 in
504 2879 676 2920 veritate
710 2878 935 2931 explicata,
971 2881 1011 2919 et
1032 2881 1251 2932 praeceptis

224 2950 378 3001 apertis
406 2963 416 3000 ;
450 2949 495 2989 in
526 2948 712 2989 secunda
743 2949 1012 2989 instruuntur
1043 2950 1087 2989 in
1117 2950 1249 3002 expli-

225 3020 368 3059 caudis
385 3019 594 3072 parabolis
607 3022 647 3060 et
663 3019 900 3071 parabolice
915 3019 1031 3059 dictis
1049 3020 1157 3072 (inst,
1173 3033 1248 3071 vn,

227 3092 273 3129 11
296 3088 307 3141 )
335 3103 344 3130 :
368 3090 423 3132 Ec
450 3091 610 3141 factum
638 3093 696 3131 esc
727 3089 921 3141 deinceps
940 3119 953 3139 ,
987 3092 1025 3131 et
1050 3091 1140 3142 ipse
1173 3091 1252 3133 iter

225 3159 428 3210 faciebat,
457 3163 536 3201 ete.
571 3160 714 3201 Prima
747 3172 844 3213 pars
874 3160 1002 3200 habet
1035 3160 1171 3210 duas;
1205 3160 1251 3200 in

226 3230 365 3283 prima
397 3233 648 3284 exprimitur
677 3233 834 3273 veritas
862 3233 1087 3281 doctrinae;
1110 3232 1156 3272 in
1184 3245 1251 3273 se-

228 3301 364 3342 cunda
397 3314 521 3354 vero,
561 3304 613 3344 ad
650 3304 1013 3344 confirmationem
1051 3303 1250 3344 doctrinae

272 3408 278 3425 ¹
299 3406 368 3439 Job.
392 3414 452 3446 vn,
470 3408 500 3437 5.
521 3423 559 3430 —
579 3408 590 3426 ²
605 3408 693 3441 Psal.
715 3416 773 3446 xx,
800 3411 847 3441 16.
864 3427 906 3433 —
924 3409 937 3430 3
955 3411 1062 3446 prov„
1084 3417 1179 3446 xxm,
1199 3410 1251 3441 20.

229 3470 269 3476 -
290 3454 302 3474 δ
315 3453 430 3493 Εοείί.,
452 3461 540 3493 xvii,
562 3455 611 3487 18.
624 3471 664 3477 —
683 3457 694 3474 ⁵
707 3456 834 3496 Juclz'tia,
850 3463 919 3497 xii,
939 3458 970 3488 5.
989 3474 1030 3480 -
1048 3457 1061 3478 6
1080 3457 1250 3494 Damaso,

2271 188 2347 225 359

1319 272 1556 312 declaratur
1588 270 1823 311 sublimitas
1853 269 1897 308 in
1926 270 2093 310 doctore
2118 271 2232 322 tint„
2259 284 2345 322 vn,

1321 344 1358 382 1.
1387 344 1398 392 )
1426 355 1436 382 ε
1475 341 1576 383 Cum
1609 345 1748 382 autem
1787 340 2000 393 implesset
2045 341 2190 381 omnia
2221 341 2346 382 verba

1320 423 1420 461 sua,
1439 414 1516 452 etc.
1540 411 1681 452 Prima
1699 422 1819 463 pars,
1841 421 1938 462 quae
1957 409 2142 449 continet
2161 422 2346 462 praesens

1321 483 1574 534 capitulum,
1601 481 1728 521 habet
1755 483 1839 520 tres
1863 494 1872 520 z
1895 480 1995 532 quia
2023 479 2137 519 enim
2157 480 2347 520 doctrina

1321 565 1406 593 non
1426 552 1547 592 debet
1567 550 1870 591 communicari
1896 549 2084 601 indignis
2104 552 2144 589 et
2162 550 2346 590 fastidio-

1322 624 1410 673 sis,
1445 623 1516 663 sed
1553 621 1714 663 idoneis
1749 623 1791 661 et
1827 620 2049 670 studiosis;
2084 620 2176 660 ideo
2210 621 2349 673 primo

1322 693 1595 746 praemittitur
1632 692 1874 744 segregatio
1915 691 2247 743 discipulorum3
2282 703 2347 731 se-

1322 764 1461 804 cundo
1475 775 1596 812 vero,
1618 763 1792 803 attentio
1811 763 2051 803 auditorum
2066 793 2075 811 ‚
2090 762 2149 801 ibi
2166 762 2175 814 (
2191 774 2233 803 v.
2254 763 2346 814 17):

1322 836 1376 876 Ec
1407 832 1659 875 descendens
1691 843 1787 873 cum
1818 833 1907 874 illis
1943 832 1994 874 de
2026 837 2162 874 monte
2187 846 2196 881 ;
2227 833 2350 873 tertio

1323 918 1424 946 vero
1444 904 1667 957 explicatio
1685 903 2039 944 documentorum
2052 934 2064 952 ,
2085 903 2144 942 ibi
2167 905 2234 953 (v.
2251 903 2347 951 20):

1322 976 1375 1018 Et
1394 977 1483 1027 ipse
1503 975 1674 1016 elevatis
1702 973 1854 1023 oculis,
1877 975 1955 1013 etc.

1377 1045 1491 1085 Circa
1506 1045 1849 1096 segregationem
1864 1045 2007 1084 autem
2028 1042 2348 1094 discipulorum,

1323 1118 1505 1168 quatuor
1533 1115 1888 1164 introducuntur,
1917 1124 2015 1165 quae
2055 1112 2191 1164 ipsam
2223 1112 2349 1163 perfi-

1324 1186 1440 1226 ciunt
1477 1200 1485 1226 z
1520 1186 1675 1225 scilicet
1717 1185 1850 1225 oratio
1897 1184 2038 1224 divina
2084 1182 2353 1234 impetrativa

1323 1257 1421 1297 doni
1439 1271 1449 1305 3
1480 1256 1625 1296 electio
1658 1255 1918 1295 insinuativa
1948 1254 2114 1304 meriti,
2146 1253 2353 1293 institutio

1323 1327 1564 1378 impositiva
1602 1326 1727 1366 officii
1753 1358 1762 1375 ,
1801 1325 2086 1366 denominatio
2131 1323 2353 1364 discretiva

1325 1397 1535 1437 consortii.
1578 1397 1853 1437 Praemittitur
1899 1407 2003 1447 ergo
2041 1395 2184 1435 divina
2219 1394 2352 1434 oratio

1324 1467 1591 1519 impetrativa
1621 1467 1720 1507 doni
1752 1467 1852 1518 ipsis
1883 1465 2096 1517 discipulis
2120 1465 2352 1516 eligendiS,

1325 1550 1423 1578 cum
1443 1538 1622 1578 dicitur:
1646 1538 1822 1578 Factum
1843 1542 1903 1578 est
1923 1539 2064 1578 autem
2090 1536 2139 1577 in
2159 1535 2249 1576 illis
2269 1535 2356 1576 die-

1326 1609 1421 1658 bus,
1455 1609 1566 1649 eoez'z'c
1599 1609 1647 1649 in
1684 1611 1861 1649 montem
1902 1617 2022 1648 orare
2047 1638 2059 1657 ,
2095 1609 2172 1646 etc,
2207 1607 2353 1656 Exiit,

1326 1678 1481 1718 scilicet
1508 1679 1559 1719 de
1590 1677 1757 1718 civitate
1788 1681 1832 1718 et
1863 1678 2072 1718 consortio
2104 1678 2353 1726 turbarum,

1327 1754 1375 1790 ut
1408 1753 1513 1790 esset
1547 1751 1638 1802 ers
1659 1750 1793 1789 oratio
1815 1749 1971 1802 quieta.
1996 1748 2103 1788 Hinc
2132 1748 2283 1788 dicitur
2303 1747 2354 1788 de

1325 1821 1493 1871 Judith‚
1528 1820 1640 1873 quod
1674 1820 1820 1872 petiit⁵
1849 1834 1867 1858 (c
1887 1823 1934 1859 ut
1965 1820 2136 1859 daretur
2166 1819 2204 1859 ei
2236 1818 2355 1870 copia

1325 1894 1446 1932 nocte
1467 1894 1507 1931 et
1523 1894 1620 1931 ante
1639 1890 1781 1931 lucem
1799 1890 2046 1942 egrediendi
2067 1890 2177 1929 foras
2196 1889 2247 1928 ad
2264 1900 2355 1929 ora-

1326 1964 1483 2003 tionem
1521 1965 1562 2001 et
1599 1961 1847 2014 deprecandi
1886 1961 2130 2001 Dominum.
2166 1974 2185 1996 »
2222 1958 2273 1999 Et
2304 1959 2355 1999 de

1327 2034 1489 2075 Christo
1512 2034 1678 2083 dicitur,
1700 2032 1813 2085 quod
1832 2032 1926 2084 plus
1946 2033 2036 2080 est,
2064 2042 2218 2082 nempe
2244 2030 2355 2082 quod

1327 2106 1430 2145 exiit
1448 2106 1493 2144 in
1514 2106 1700 2144 montem
1716 2135 1726 2154 ,
1750 2103 1905 2143 scilicet
1924 2101 2201 2151 ascendendo,
2222 2103 2270 2140 ut
2285 2112 2353 2140 os-

1328 2176 1539 2225 tenderet,
1571 2175 1685 2227 quod
1717 2174 1850 2214 oratio
1883 2173 2004 2213 debet
2044 2183 2139 2212 esse
2166 2171 2353 2222 elevata,

1327 2249 1368 2287 et
1389 2258 1516 2286 orans
1535 2246 1722 2286 elevatus
1742 2256 1766 2283 a
1785 2242 1989 2292 terrenis3
2011 2242 2131 2294 quia,
2159 2241 2265 2281 sicut
2289 2241 2355 2281 di-

1327 2317 1382 2357 cit
1403 2317 1686 2356 Damascenus
1705 2314 1732 2364 ⁶,
1755 2330 1773 2352 (ι
1787 2313 1919 2354 oratio
1939 2314 2000 2352 est
2013 2323 2212 2352 ascensus
2233 2323 2354 2351 men-

1326 2388 1379 2426 tis
1418 2388 1462 2426 in
1496 2387 1644 2426 Deum.
1677 2400 1696 2422 »
1730 2385 1868 2435 HuJus
1893 2384 2035 2434 figura
2067 2382 2280 2434 praecessit
2309 2381 2355 2421 in

1326 2458 1491 2510 Moyse,
1514 2459 1562 2497 ut
1582 2459 1643 2496 est
1661 2456 1706 2495 in
1726 2454 1896 2504 Exodo,
1918 2454 1993 2494 ubi
2020 2453 2172 2493 dicitur
2186 2452 2219 2500 ⁷,
2241 2452 2354 2504 quod

1333 2543 1352 2566 «
1383 2527 1549 2580 Moyses
1580 2529 1620 2566 et
1650 2529 1786 2565 Aaron
1817 2527 1858 2564 et
1890 2524 1981 2564 Hur
2009 2522 2288 2563 ascenderunt
2309 2522 2354 2562 in

1327 2599 1528 2640 verticem
1548 2597 1683 2646 collis;
1708 2607 1890 2648 cumque
1905 2594 2066 2636 levaret
2085 2593 2249 2646 Moyses
2269 2605 2354 2633 ma-

1326 2683 1428 2720 nus,
1451 2669 1648 2710 vincebat
1680 2667 1820 2708 Israel.
1842 2682 1861 2703 ›>
1888 2665 1944 2706 De
1966 2665 2035 2704 his
2065 2665 2249 2714 duobus,
2273 2663 2354 2703 sci-

1324 2738 1420 2778 licet
1436 2738 1486 2778 de
1506 2748 1675 2777 recessu
1691 2748 1715 2775 a
1740 2734 1897 2782 turbis,
1918 2736 1957 2773 et
1977 2745 2154 2773 ascensu
2172 2733 2216 2772 in
2239 2744 2356 2772 mon-

1326 2811 1435 2858 tem,
1457 2807 1610 2848 dicitur
1626 2807 1663 2856 ⁸,
1686 2805 1798 2858 quod
1822 2819 1841 2842 «
1861 2803 2032 2845 dimissa
2047 2803 2195 2853 turba⁷
2214 2815 2355 2843 ascen-

1326 2879 1386 2919 dit
1401 2879 1446 2918 in
1463 2880 1652 2919 montem
1669 2876 1783 2916 solus
1797 2886 1933 2916 orare.
1951 2888 1969 2912 ))
1988 2873 2151 2914 Horum
2171 2874 2354 2914 duorum

1326 2952 1468 3003 figura
1480 2948 1694 3002 praecessit
1708 2948 1754 2987 in
1772 2947 2002 2996 Abraham,
2019 2946 2070 2986 de
2086 2957 2171 2998 quo
2185 2945 2350 2995 dicitur,

1327 3023 1439 3075 quod
1459 3022 1564 3063 dixit
1583 3021 1634 3061 ad
1654 3030 1808 3073 pueros
1829 3030 1927 3059 snos
1943 3021 1957 3042 ⁹
1976 3031 1984 3057 :
2008 3032 2027 3055 «
2040 3016 2264 3069 Expectate
2284 3016 2353 3056 hic

1327 3105 1426 3133 cum
1446 3093 1562 3132 asino
1588 3091 1764 3143 (scilicet
1794 3090 1838 3129 in
1867 3088 2014 3141 valle);
2046 3099 2128 3138 ego
2150 3090 2292 3127 autem
2313 3089 2353 3126 et

1326 3176 1432 3217 puer
1469 3164 1570 3204 illuc
1603 3173 1739 3214 usque
1784 3161 2088 3213 properanteS,
2126 3160 2351 3210 postquam

1327 3234 1673 3284 adoraverimus,
1706 3233 1972 3272 revertemur
2002 3230 2056 3270 ad
2089 3240 2179 3270 vos.
2215 3242 2234 3266 ›)
2271 3227 2351 3268 Per

1325 3306 1441 3346 hunc
1474 3304 1601 3345 etiam
1632 3303 1807 3344 modum
1842 3302 1964 3342 debet
2003 3300 2176 3340 adorare
2208 3297 2350 3338 anima

1327 3410 1408 3441 Fide
1434 3410 1584 3449 Orllcod„
1612 3410 1668 3440 lib.
1698 3410 1760 3447 Ill,
1786 3418 1814 3439 c.
1842 3414 1936 3439 XXIV.
1959 3423 1998 3428 —-
2028 3406 2038 3423 ⁷
2058 3402 2179 3438 Exod..
2200 3410 2288 3441 RVH,
2314 3403 2349 3433 10

1327 3459 1360 3488 et
1375 3466 1446 3498 seq-
1466 3474 1506 3480 -—
1522 3457 1535 3479 ⁸
1554 3457 1688 3497 Mami„
1707 3463 1776 3497 xiv,
1798 3457 1850 3488 23.
1868 3471 1909 3478 —
1925 3454 1936 3473 ⁸
1958 3453 2051 3492 Gen„
2072 3458 2162 3490 xxii,
2183 3451 2214 3481 5.

2417 1972 2515 1998 Oratio

2399 2012 2487 2039 debet

2376 2063 2438 2081 esse
2449 2054 2515 2081 soli-

2387 2095 2460 2122 taria
2473 2096 2502 2122 et

2376 2137 2496 2163 elevata.
