2634 3853
1029 165 1304 207 EXPOSITIO
1335 166 1387 208 IN
1417 166 1528 208 CAP.
1563 167 1632 209 XI.

264 258 316 299 Et
335 258 442 298 infra
461 258 472 278 ¹
497 270 506 296 ε
540 271 559 295 a
582 256 732 298 Beatus
762 257 837 310 qui
868 255 1110 297 maducabit
1137 267 1290 307 panem

262 328 306 368 in
322 338 458 378 regno
478 326 563 366 Dei.
586 341 604 364 ›)
633 327 814 376 Quintus
834 330 895 368 est
915 326 1167 378 obsequium
1190 325 1288 365 obe-

260 396 443 445 dientiae,
465 396 516 436 de
537 409 622 449 quo
647 398 798 438 dicitur
819 402 833 423 ²
854 412 863 438 :
892 412 912 435 (1
939 395 1055 436 Μ6115
1076 395 1193 434 cibus
1211 397 1286 445 est,

260 469 308 507 ut
336 466 487 507 faciam
513 468 775 509 voluntatem
803 470 894 520 ejus
925 467 999 519 qui
1026 465 1139 505 misit
1159 478 1241 505 me.
1264 480 1282 502 »

260 536 312 577 Et
331 537 344 559 ³
367 550 376 578 :
398 552 418 576 ε(
436 537 548 578 Elias
562 540 761 592 respexit,
778 542 817 579 et
838 550 930 578 ecce
946 537 998 577 ad
1017 539 1142 588 caput
1160 548 1288 576 suum

259 607 558 649 subcineritius
584 610 719 662 panis.
746 624 765 647 »
801 609 1001 661 Sequitur
1035 620 1043 646 :
1079 622 1099 646 c(
1132 607 1289 648 Ambu-

258 678 362 719 lavit
389 678 432 718 in
463 679 705 720 fortitudine
740 680 821 720 cibi
856 680 971 719 iliius
1005 678 1287 730 quadraginta

259 748 408 789 diebus
439 752 480 790 et
516 750 800 802 quadraginta
831 749 1044 799 noctibus,
1073 761 1207 801 usque
1234 749 1287 789 ad

259 820 447 859 montem
484 819 556 860 Dei
590 820 744 861 Horeb.
772 835 791 858 ))
836 820 910 860 His
940 819 1119 872 panibus
1152 819 1287 859 reficit

258 901 334 929 nos
366 890 591 940 Dominus;
623 891 735 943 quod
766 891 1041 942 designatum
1070 890 1163 939 fuit,
1188 902 1286 929 cum

256 959 410 1001 dicitur
428 961 443 982 ⁸
470 960 583 1013 quod
609 961 660 1001 de
687 961 877 1013 quinque
907 961 1089 1014 panibus
1120 960 1287 1000 satiavit

256 1031 446 1084 quinque
476 1031 608 1072 miliia
640 1032 880 1072 hominum.
910 1032 962 1072 Et
990 1031 1082 1071 ideo
1110 1031 1286 1083 quilibet

255 1100 435 1142 istorum
468 1114 636 1155 semper
667 1103 884 1155 petendus,
917 1102 1152 1143 secundum
1182 1101 1285 1142 iliud

256 1171 370 1224 quod
395 1172 550 1213 ibidem
572 1173 586 1195 ⁵
616 1186 626 1214 z
657 1188 676 1212 ε(
700 1173 885 1225 Domine,
909 1185 1074 1227 semper
1092 1173 1144 1213 da
1163 1172 1284 1213 nobis

255 1253 410 1294 panem
430 1243 559 1284 hunc.
584 1256 605 1284 n

308 1312 464 1362 Quarto
482 1346 493 1364 ,
533 1318 745 1367 quantum
792 1315 842 1355 ad
889 1314 1202 1366 indulgentiam
1240 1315 1284 1354 in

253 1385 396 1434 reatu,
419 1384 559 1425 subdit
579 1385 645 1437 (v.
668 1385 720 1437 4)
745 1397 754 1426 ε
774 1385 828 1426 Et
846 1385 1011 1426 dimitte
1036 1385 1156 1426 nobis
1182 1396 1282 1436 pec-

253 1459 352 1497 cata
378 1460 555 1501 nostra:
577 1459 617 1497 et
643 1456 724 1496 1106
757 1456 895 1508 quoad
924 1458 1087 1495 reatum
1116 1455 1281 1506 obliga-

253 1526 390 1566 tionis.
425 1525 542 1567 Unde
574 1527 725 1567 dicitur
761 1527 774 1548 ⁶
806 1538 816 1566 :
850 1542 869 1564 «
895 1526 1038 1566 Debita
1069 1529 1226 1566 nostra.
1258 1540 1276 1563 1)

253 1595 424 1637 Peccata
453 1597 567 1637 enim
600 1598 759 1637 faciunt
789 1609 867 1637 nos
893 1597 1102 1637 debitores
1130 1609 1280 1637 eorum

252 1679 350 1720 quae
407 1679 493 1707 non
551 1680 775 1720 possumus
833 1667 1010 1708 solvere.
1068 1668 1179 1707 Unde
1236 1668 1281 1707 in

251 1737 439 1779 Psalm0⁷
462 1752 472 1779 ι
498 1752 518 1776 (1
537 1738 753 1779 Mutuatur
778 1742 969 1791 peccator
984 1770 994 1788 ,
1026 1740 1067 1778 et
1098 1751 1184 1778 11011
1205 1739 1282 1779 501-

252 1811 342 1858 vet,
360 1823 380 1846 »
405 1811 483 1849 etc.
506 1809 606 1850 Haec
622 1811 721 1849 sunt
741 1809 893 1859 debita,
916 1810 1072 1861 quibus
1090 1809 1281 1861 obligata

252 1881 341 1920 erat
381 1879 533 1920 mulier
566 1883 580 1905 ⁸
609 1879 660 1920 (16
696 1880 902 1920 uxoribus
944 1881 1277 1932 prophetarum,

251 1962 348 2002 quae
366 1961 454 1991 non
471 1951 635 2002 poterat
654 1950 836 1999 solvere,
859 1962 1082 2003 quousque
1103 1951 1279 1992 Eiisaeus

252 2021 546 2074 multiplicavit
565 2021 723 2062 oleum.
746 2020 825 2061 Per
847 2021 989 2062 oleum
1014 2022 1128 2061 enim
1149 2022 1277 2062 mise—

249 2093 443 2134 ricordiae
475 2092 646 2143 Christi,
678 2095 847 2144 peccata
876 2095 1020 2132 nostra
1052 2093 1278 2133 solvuntur

249 2166 290 2204 et
315 2163 601 2204 dimittuntur.
636 2162 716 2203 Sed
747 2163 847 2215 quia
866 2166 879 2187 ⁹
905 2178 924 2200 «
948 2163 1158 2215 judicium
1187 2155 1281 2206 sine

249 2234 537 2274 misericordia
555 2234 628 2274 fiet
655 2233 734 2284 iili,
767 2234 840 2286 qui
868 2246 954 2274 non
983 2234 1080 2274 facit
1110 2235 1278 2276 miseri-

248 2304 457 2355 cordiam,
478 2318 497 2341 »
523 2304 616 2344 ideo
637 2303 778 2344 subdit
797 2304 1080 2345 conditionem
1103 2319 1111 2344 :
1138 2306 1278 2357 Siqui-

249 2374 342 2417 dem
359 2378 396 2416 et
415 2374 679 2416 dimittimus
698 2375 816 2416 cmm·
833 2373 1002 2416 debenti
1020 2375 1154 2416 nobis.
1177 2375 1277 2416 Haec

248 2445 418 2498 quidem
437 2444 618 2486 conditio
638 2445 870 2485 necessaria
891 2447 953 2485 est
972 2445 1023 2485 ad
1043 2445 1277 2497 impetran-

247 2516 345 2557 dam
365 2517 632 2568 peccatorum
656 2515 839 2557 veniam.
875 2515 994 2557 Unde
1024 2515 1176 2556 dicitur
1204 2517 1231 2538 ¹⁰
1262 2532 1271 2557 ;

254 2601 274 2626 (1
291 2585 493 2639 Relinque
511 2586 707 2639 proximo
736 2586 923 2637 nocenti,
943 2589 984 2626 et
1003 2588 1105 2626 tunc
1124 2587 1274 2640 depre-

248 2658 359 2698 canti
388 2657 463 2698 tibi
483 2660 652 2710 peccata
682 2657 915 2697 solventur.
948 2656 1084 2697 Homo
1113 2657 1276 2698 homini

249 2730 390 2770 servat
420 2729 528 2769 iram
550 2759 561 2777 ,
592 2730 632 2768 et
651 2740 677 2768 a
702 2728 785 2768 Deo
804 2727 959 2780 quaerit
990 2727 1227 2768 medelam?
1249 2742 1269 2766 1)

250 2799 376 2848 Quasi
388 2799 498 2840 dicat
514 2812 524 2839 ε
541 2798 895 2851 Frustra'quaerit.
915 2797 1032 2839 Unde
1048 2798 1202 2839 dicitur
1216 2800 1244 2825 ¹1
1263 2813 1272 2839 :

254 2885 274 2909 (1
293 2869 337 2911 Si
356 2869 598 2910 dimiseritis
626 2869 873 2909 hominibus
899 2871 1067 2922 peccata
1094 2880 1244 2910 eorum
1262 2901 1272 2917 ‚

249 2940 430 2981 dimittet
448 2943 488 2981 et
500 2940 622 2981 vobis
637 2939 760 2981 Pater
778 2942 917 2981 vester
933 2939 1111 2980 coelestis
1126 2940 1276 2981 delicta

250 3012 389 3050 vestra
406 3024 414 3051 ι
432 3010 467 3050 si
483 3012 629 3051 autem
645 3022 731 3050 non
750 3010 992 3050 dimiseritis
1012 3010 1271 3062 hominibus,

250 3091 329 3119 nec
348 3079 469 3121 Pater
489 3083 628 3122 vester
650 3080 830 3121 dimittet
852 3079 970 3122 vobis
991 3083 1158 3132 peccata
1178 3093 1272 3123 ves-

292 3209 301 3230 ¹
328 3208 404 3249 inf„
424 3217 496 3250 x1V,
518 3212 567 3242 15.
586 3228 627 3234 —
646 3211 659 3231 2
676 3211 783 3249 Joan„
807 3217 853 3250 IV,
875 3211 926 3241 34.
941 3227 980 3233 —
999 3210 1070 3241 ³111
1095 3211 1184 3251 Rey„
1202 3220 1274 3253 XIX,

248 3257 285 3294 6,
306 3257 337 3286 7.
356 3273 398 3279 -
418 3256 429 3274 ⁴
456 3257 562 3297 dcam,
590 3265 644 3295 VI,
675 3260 723 3288 11.
744 3274 784 3281 —
809 3258 822 3279 ⁵
851 3257 948 3296 ibid„
972 3258 1021 3289 34.
1042 3275 1084 3280 —
1110 3258 1121 3276 ⁶
1139 3259 1274 3299 Mami„

250 3310 301 3342 vi,
327 3304 376 3333 12.
397 3319 436 3325 —
457 3304 467 3322 ⁷
491 3304 582 3335 Psal.
609 3312 734 3344 xxxw,
761 3307 812 3336 21.
836 3322 876 3328 —
905 3305 915 3323 Β
942 3305 983 3335 lv
1012 3305 1102 3345 Κεφ,
1126 3313 1173 3345 lv,
1202 3309 1213 3336 1
1244 3307 1276 3337 et

251 3357 322 3388 seq.
349 3366 390 3372 —
417 3350 430 3371 ⁹
452 3351 534 3390 Jac.‚
563 3358 608 3390 11,
632 3353 685 3382 13.
705 3367 745 3374 —-
772 3350 798 3371 ¹·
819 3351 935 3391 Eccli„
965 3359 1095 3391 xan,
1121 3354 1157 3391 2,
1184 3354 1217 3383 3.
1238 3368 1272 3373 —

250 3395 275 3415 ¹¹
295 3395 430 3433 Mattlz„
449 3404 498 3435 vx,
519 3399 568 3436 14,
587 3399 636 3427 15.
657 3414 696 3419 —-
715 3398 741 3418 ¹²
762 3397 859 3437 ibid„
881 3405 982 3437 xvul,
999 3399 1051 3429 35.
1072 3415 1112 3420 -—
1131 3398 1159 3419 1⁸
1179 3399 1275 3438 Sup„

253 3448 304 3481 Vl,
325 3442 382 3483 37,
403 3445 454 3474 38.
476 3459 517 3466 —
542 3443 568 3464 1⁶
593 3443 720 3482 Juditlz,
754 3451 805 3483 lx,
837 3447 885 3475 10.
906 3461 944 3467 —
971 3445 995 3465 ¹⁵
1015 3444 1093 3483 isa„
1114 3452 1143 3485 1,
1166 3447 1214 3476 15.
1235 3459 1276 3467 *-

2314 178 2393 218 519

1367 258 1445 297 tra.
1479 271 1498 294 »
1536 256 1651 299 Unde
1681 262 1878 313 proponit
1913 263 2156 314 parabolam
2192 264 2244 304 (16
2270 276 2393 306 servo

1365 337 1575 378 nequam,
1606 327 1650 368 in
1684 331 1808 381 cujus
1833 331 1916 370 fine
1949 331 2173 383 subJungit
2194 333 2253 372 ¹²:
2284 348 2303 371 (1
2323 332 2392 373 Sic

1366 394 1488 437 Pater
1508 409 1627 438 1116115
1647 399 1825 440 eoelestis
1846 400 1968 441 saciet
1987 401 2130 450 vobis,
2153 403 2187 441 si
2214 414 2300 442 non
2328 415 2393 444 re-

1364 467 1562 507 miseritis
1580 470 1873 522 unusquisque
1893 471 2011 511 fratri
2029 483 2106 512 suo
2125 471 2176 512 (16
2195 473 2392 514 cordibus

1363 537 1526 577 vestris.
1548 553 1567 575 »
1591 538 1641 579 Et
1660 539 1741 580 1106
1760 544 1870 581 recte
1884 572 1897 592 ,
1920 541 2021 594 quia
2045 542 2119 594 qui
2148 543 2307 594 refugit
2326 543 2393 584 le-

1363 618 1463 658 gem
1484 607 1740 660 clementiae,
1766 611 1874 651 cadit
1893 611 1937 651 in
1955 611 2096 663 legem
2114 612 2292 663 Justitiae
2305 643 2318 663 ,
2341 613 2392 655 de

1364 689 1449 729 quo
1471 690 1600 730 supra
1617 678 1648 703 ¹³
1674 694 1683 719 ε
1709 695 1728 717 «
1754 680 1974 732 Dimittite,
1999 684 2040 721 et
2058 682 2346 724 dimittemini.
2367 698 2387 722 11

1361 746 1412 788 Et
1441 750 1586 799 postea
1617 764 1626 790 ε
1655 765 1674 788 «
1705 750 1861 791 Eadem
1888 752 2045 804 quippe
2075 764 2278 794 mensura
2307 766 2393 806 qua

1361 818 1496 857 mensi
1525 820 1708 871 fueritis,
1737 822 1982 863 remetietur
2010 823 2144 864 vobis.
2165 839 2185 861 1)
2210 824 2262 865 Et
2282 824 2392 866 hanc

1361 889 1647 931 conditionem
1676 893 1872 944 apposuit
1901 893 1970 933 hic
1999 894 2223 945 Dominus,
2253 898 2300 936 ut
2321 908 2389 937 os—

1361 959 1504 999 tendat
1540 960 1644 1001 iilud
1681 974 1770 1002 esse
1801 974 1952 1004 verum
1987 964 2100 1016 quod
2136 965 2290 1005 dicitur
2319 967 2347 988 ²¹·
2378 983 2388 1009 :

1367 1044 1385 1067 α
1404 1029 1487 1070 Ν66
1504 1031 1676 1083 superbi
1706 1032 1759 1071 ab
1785 1032 1907 1073 initio
1928 1035 2178 1086 placuerunt
2195 1035 2297 1088 tibi3
2319 1038 2391 1079 sed

1361 1101 1594 1142 humilium
1614 1105 1656 1143 et
1672 1107 1994 1145 mansuetorum
2013 1117 2180 1158 semper
2203 1106 2281 1147 tibi
2300 1108 2391 1160 pla-

1360 1173 1448 1213 cuit
1481 1173 1732 1226 deprecatio.
1756 1190 1775 1213 »
1810 1174 1928 1216 Unde
1963 1178 2105 1219 Isaias
2137 1179 2165 1203 ¹5
2196 1193 2206 1219 ε
2234 1193 2254 1217 a
2282 1179 2390 1221 Cum

1360 1243 1740 1296 multiplicaveritis
1785 1247 2022 1288 orationem
2050 1279 2062 1298 ,
2118 1260 2206 1289 non
2255 1261 2386 1291 exau-

1358 1314 1471 1354 diam
1488 1326 1498 1355 :
1514 1327 1666 1355 manus
1680 1318 1833 1357 vestrae
1847 1320 2059 1369 sanguine
2080 1319 2214 1371 plenae
2235 1322 2347 1361 sunt.
2362 1336 2382 1359 υ

1360 1383 1477 1425 Unde
1500 1385 1826 1437 Chrysostomus
1845 1387 1872 1409 ¹⁶
1895 1401 1935 1427 ια
1954 1388 2000 1428 Si
2021 1389 2071 1438 is,
2094 1390 2169 1442 qui
2186 1390 2310 1431 laesus
2333 1391 2386 1444 (a)

1356 1457 1438 1503 est,
1467 1455 1625 1495 frustra
1650 1459 1742 1495 orat
1772 1457 1854 1496 nisi
1881 1457 2126 1510 indulserit3
2149 1462 2385 1512 quomodo,

1355 1528 1479 1577 putas
1501 1557 1510 1575 ,
1544 1529 1636 1565 orat
1665 1526 1730 1577 is,
1763 1527 1838 1579 qui
1877 1528 2002 1568 laesus
2033 1530 2083 1582 (a)
2119 1542 2206 1571 non
2237 1534 2322 1582 est,
2353 1532 2388 1572 si

1356 1596 1444 1648 ipse
1473 1609 1547 1649 per
1575 1598 1827 1650 injustitiam
1864 1599 1967 1640 aiios
1994 1600 2109 1641 laedit
2140 1604 2180 1642 et
2206 1604 2387 1654 gravat?

1356 1665 1435 1714 Qui
1453 1669 1596 1707 autem
1617 1680 1702 1708 non
1722 1668 1781 1708 sic
1811 1672 1902 1709 orat
1931 1673 1979 1710 ut
1999 1670 2186 1711 Christus
2214 1672 2383 1724 docuit,

1355 1748 1441 1776 non
1473 1742 1534 1777 est
1558 1738 1811 1789 discipulus3
1844 1752 1921 1779 1166
1947 1740 2068 1781 Pater
2099 1742 2269 1782 exaudit
2288 1755 2385 1783 ora-

1354 1807 1537 1859 tionem,
1560 1821 1690 1861 quam
1712 1809 1842 1850 Filius
1869 1822 1954 1851 non
1977 1811 2132 1852 docuit.
2159 1812 2386 1864 Cognoscit

1353 1878 1467 1918 enim
1488 1878 1611 1919 Pater
1631 1879 1709 1919 filii
1737 1880 1801 1920 sui
1833 1892 2031 1932 sensum,
2066 1884 2107 1922 et
2136 1883 2267 1924 verba
2295 1896 2383 1925 non

1352 1949 1546 2002 suscipit,
1568 1962 1664 2002 quae
1686 1951 1906 2003 usurpatio
1936 1952 2126 1993 humana
2161 1954 2380 2006 excogita-

1352 2020 1436 2069 vit,
1459 2020 1529 2060 sed
1549 2033 1646 2073 quae
1674 2021 1878 2074 sapientia
1898 2023 2049 2063 Christi
2070 2024 2224 2076 posuit.
2245 2039 2265 2063 n

1405 2090 1558 2138 Quinto
1590 2103 1691 2132 vero
1713 2123 1725 2142 ,
1759 2095 1969 2144 quantum
2001 2094 2052 2133 ad
2080 2095 2300 2137 victoriam
2334 2098 2379 2138 in

1351 2160 1570 2211 conflictu,
1593 2162 1816 2214 subjungit
1839 2177 1847 2204 ε
1871 2164 1925 2206 Et
1944 2175 1994 2205 ne
2022 2175 2098 2207 7208
2126 2166 2310 2209 inducas
2331 2169 2379 2210 in

1351 2232 1650 2282 tentationem,
1674 2232 1715 2273 id
1736 2235 1818 2282 est,
1846 2246 1932 2274 non
1961 2236 2177 2287 permittas
2209 2237 2377 2289 induci,

1348 2301 1390 2342 id
1404 2305 1480 2353 est,
1496 2303 1684 2354 superari
1699 2317 1709 2352 ;
1727 2303 1841 2355 quia,
1858 2304 1966 2344 sicut
1985 2305 2136 2347 dicitur
2150 2307 2176 2329 ¹⁷
2201 2321 2209 2348 ε
2232 2323 2251 2347 (1
2268 2308 2378 2349 Deus

1348 2372 1575 2413 intentator
1594 2374 1805 2414 malorum
1824 2379 1900 2416 est.
1920 2390 1939 2413 ))
1963 2375 2188 2429 Sequitur:
2211 2393 2230 2417 (ι
2245 2378 2379 2420 Unus-

1349 2444 1530 2497 quisque
1551 2457 1652 2485 vero
1672 2448 1858 2486 tentatur
1877 2459 1902 2486 a
1931 2449 2272 2500 concupiscentia
2299 2462 2378 2491 sua

1347 2516 1582 2556 abstractus
1601 2519 1642 2557 et
1661 2517 1838 2558 illectus.
1871 2533 1889 2555 n
1923 2517 1975 2558 Et
2002 2522 2124 2570 nota,
2149 2522 2263 2573 quod
2291 2534 2378 2564 non

1348 2587 1453 2639 petit
1486 2599 1574 2627 non
1604 2588 1754 2628 tentari
1780 2602 1789 2628 ι
1823 2588 1924 2641 quia
1956 2591 2129 2631 tentatio
2157 2591 2377 2633 hominem

1347 2658 1520 2709 probat,
1544 2658 1776 2698 secundum
1793 2658 1896 2698 iliud
1918 2659 1947 2683 ¹⁸
1970 2673 2012 2698 :((
2035 2659 2170 2702 Proba
2190 2675 2280 2713 me,
2304 2663 2378 2704 Do-

1349 2729 1490 2780 mine,
1511 2733 1552 2770 et
1582 2732 1696 2771 tenta
1723 2742 1791 2770 me
1806 2743 1819 2781 3
1850 2743 1928 2772 ure
1956 2743 2079 2772 renes
2110 2746 2226 2774 meos
2244 2737 2286 2776 et
2306 2746 2377 2776 cor

1348 2810 1510 2840 meum.
1531 2815 1550 2839 ›)
1576 2799 1627 2840 Et
1646 2800 1971 2844 Ecclesiasticus
1986 2803 2012 2827 ¹⁹
2035 2817 2044 2843 z
2064 2818 2084 2842 «
2103 2803 2183 2853 Qui
2210 2817 2296 2846 non
2316 2810 2378 2846 est

1349 2872 1553 2921 tentatus,
1573 2870 1675 2922 quid
1697 2871 1799 2911 scit?
1827 2885 1846 2909 1)
1871 2871 1953 2912 Sed
1976 2874 2080 2925 petit
2098 2887 2123 2915 a
2151 2876 2378 2917 tentatione

1349 2951 1437 2981 non
1449 2941 1642 2994 superari
1658 2953 1737 2981 nec
1749 2941 1878 2992 vinci,
1895 2943 1968 2983 sed
1986 2943 2154 2986 vincere
2172 2949 2212 2986 et
2230 2947 2378 2986 trium-

1350 3010 1497 3062 phare.
1532 3010 1619 3051 Hoc
1656 3011 1813 3064 quippe
1849 3014 2076 3065 petendum
2114 3019 2177 3056 est
2209 3019 2379 3069 propter

1349 3080 1484 3122 divini
1503 3081 1654 3122 auxilii
1674 3082 1940 3136 fidelitatem,
1966 3085 2017 3126 de
2037 3098 2122 3138 qua
2141 3085 2295 3126 dicitur
2315 3087 2344 3109 ²⁰
2366 3101 2375 3127 ε

1356 3165 1375 3188 c(
1392 3150 1545 3193 Fidelis
1564 3155 1707 3192 autem
1720 3152 1830 3194 Deus
1844 3156 1920 3205 est,
1936 3155 2011 3207 qui
2025 3167 2110 3196 non
2130 3155 2313 3208 patietur
2328 3155 2379 3208 (b)

1347 3281 1375 3302 1⁶
1401 3281 1473 3312 imo
1493 3283 1610 3313 auctor
1630 3283 1730 3322 Oper.
1756 3281 1890 3322 imperf.
1916 3285 1951 3314 in
1975 3284 2108 3324 Mami„
2135 3284 2227 3315 hom.
2249 3293 2320 3316 x1V.
2338 3303 2378 3309 —

1348 3328 1372 3348 1⁷
1394 3327 1478 3368 Jac.‚
1505 3336 1536 3368 1,
1565 3332 1624 3369 13,
1649 3330 1700 3359 14.
1729 3346 1770 3352 -
1799 3328 1826 3350 ¹⁸
1852 3330 1941 3361 Psal.
1970 3339 2050 3370 XXV,
2079 3333 2108 3364 2.
2131 3348 2170 3354 —
2201 3332 2229 3353 ¹⁹
2259 3332 2377 3374 Eccli.‚

1344 3383 1460 3414 xxxw,
1483 3378 1513 3408 9.
1530 3394 1570 3400 —
1589 3378 1615 3397 ‘2⁰
1637 3378 1643 3407 i
1667 3376 1758 3415 Corn,
1778 3377 1890 3417 x,}13.

1391 3447 1432 3486 (α)
1455 3449 1535 3479 c'aet.
1556 3449 1634 3480 edit.
1655 3449 1762 3480 Jesus.
1783 3464 1823 3473 —
1843 3449 1886 3487 16)
1911 3449 2045 3489 patitur.

2402 2388 2542 2417 Tentatio

2431 2429 2526 2458 utilis.
