2634 3853
990 135 1266 177 EXPOSITIO
1296 136 1350 178 IN
1380 135 1495 178 CAP.
1527 138 1634 179 XIII.

247 220 339 262 vult
357 233 431 273 per
454 220 686 271 Herodem,
713 222 947 263 attribuens
979 223 1017 264 ei
1044 235 1201 264 nomen
1229 226 1270 264 et

245 291 544 343 proprietatem
564 290 721 343 vulpis.

299 360 438 401 Tertio
475 360 714 401 insinuatur
754 360 906 401 Christi
942 361 1093 413 passio,
1125 364 1172 402 ut
1216 363 1268 403 ab

245 432 403 472 aeterno
429 431 700 472 infallibiliter
719 431 1013 483 praeordinata.
1035 431 1152 472 Unde
1175 433 1271 473 sub-

238 500 438 553 jungitur
456 501 509 554 (v.
524 501 585 554 33)
605 514 613 539 :
635 501 927 543 Verumtamen
941 504 1097 552 oportet
1116 512 1178 543 me
1201 502 1270 544 ho-

244 570 330 621 die,
353 573 392 613 et
416 581 524 622 eras,
553 574 591 613 et
619 572 814 624 sequenti
842 571 910 613 die
936 571 1163 613 ambulare.
1187 571 1267 624 Op-

244 641 480 693 portunitas
497 640 570 681 illa
588 652 674 681 non
698 641 777 681 fuit
795 652 848 680 ex
874 641 1175 693 compulsione,
1198 642 1270 682 sed

246 722 300 751 ex
330 722 515 763 superna
542 710 808 763 dispositione
839 711 1072 750 secundum
1101 710 1233 751 illud¹
1260 724 1267 748 :

252 794 272 819 c<
297 779 328 821 O
351 779 469 820 stulti
496 781 537 820 et
565 780 674 820 tardi
707 779 830 820 corde
861 780 913 820 ad
945 779 1200 820 credendum
1225 781 1271 820 in

246 849 460 899 omnibus,
483 861 580 902 quae
603 849 732 890 locuti
757 852 856 889 sunt
880 849 1110 901 prophetae,
1135 863 1154 886 >³
1188 852 1266 890 etc.

246 919 334 960 Hoc
352 919 466 959 enim
492 919 601 960 Deus
623 920 876 972 providerat,
899 920 1130 960 secundum
1159 921 1271 973 quod

244 990 397 1031 dicitur
424 991 440 1014 2
466 1002 477 1030 :
510 1005 528 1029 «
549 990 670 1031 Hunc
695 990 865 1030 definito
890 990 1062 1031 consilio
1088 993 1129 1031 et
1157 1003 1270 1043 prae-

245 1059 417 1100 seientia
434 1059 508 1100 Dei
526 1058 741 1108 traditum,
758 1071 833 1111 per
853 1071 1005 1100 manus
1023 1060 1270 1112 iniquorum

245 1129 483 1180 affligentes
510 1128 794 1169 interemistis.
830 1143 849 1166 ›)
891 1129 978 1169 Hoc
1015 1130 1141 1170 etiam
1171 1142 1268 1182 pro-

241 1199 382 1252 phetae
394 1199 682 1251 praedixerunt
693 1199 927 1239 secundum
941 1200 1052 1252 quod
1066 1200 1218 1241 dicitur
1233 1201 1266 1239 ³:

248 1284 268 1308 c<
285 1269 396 1310 Deus
414 1272 571 1320 autem,
593 1270 666 1322 qui
678 1271 988 1322 ,praenuntiavit
1008 1283 1081 1323 per
1101 1284 1146 1312 os
1177 1284 1270 1312 om-

241 1340 364 1380 nium
395 1351 571 1380 suorum
602 1340 905 1392 prophetarum
936 1342 1021 1392 pati
1055 1342 1269 1382 Christum

240 1421 384 1459 suum,
406 1409 467 1449 sic
490 1409 730 1461 implevit.»
757 1410 883 1450 Istam
911 1412 1267 1462 opportunitatem

240 1479 396 1520 divinae
418 1479 699 1532 dispositionis
728 1480 961 1521 insinuavit
989 1481 1076 1532 ipse
1099 1481 1144 1520 in
1170 1493 1266 1533 pas-

239 1549 356 1590 sione
375 1560 464 1600 5115,
486 1560 585 1590 611111
604 1549 756 1600 oravit,
779 1550 887 1590 sicut
907 1550 1058 1590 dicitur
1076 1554 1090 1575 ¹*
1110 1565 1118 1591 :
1149 1566 1168 1589 «
1188 1551 1268 1592 Pa—

239 1622 303 1660 ter
322 1620 396 1670 mi,
425 1620 462 1659 si
492 1631 579 1660 non
606 1622 741 1672 potest
764 1620 833 1660 hic
862 1620 970 1660 calix
989 1621 1168 1661 transire
1188 1621 1267 1661 nisi

238 1690 382 1731 bibam
397 1690 534 1741 illum,
556 1691 628 1730 fiat
643 1690 838 1731 voluntas
863 1693 950 1731 tua.
974 1704 992 1728 ›>
1019 1691 1068 1731 Et
1085 1691 1184 1743 quia
1204 1691 1265 1731 di-

237 1762 340 1803 vina
376 1760 591 1813 dispositio
625 1772 710 1801 non
755 1763 922 1801 tantum
967 1761 1269 1813 praeordinavit

237 1835 417 1884 temPUS‚
447 1843 598 1873 verum
628 1831 755 1872 etiam
784 1831 943 1881 locum,
964 1831 1056 1872 ideo
1088 1832 1227 1872 subdit
1255 1847 1263 1872 :

240 1903 356 1955 Quia
377 1912 462 1945 uon
483 1903 599 1954 capit
616 1902 866 1954 prophetam
885 1904 1026 1954 perire
1053 1908 1178 1945 eoetra
1197 1905 1267 1945 Je-

235 1972 434 2015 rusalem.
468 1971 561 2012 Non
594 1972 717 2025 capit,
753 1973 795 2012 id
826 1975 902 2022 est,
936 1984 1022 2012 non
1055 1975 1265 2026 convenit,

236 2054 323 2083 non
343 2042 454 2095 capit
477 2041 684 2094 scriptura
710 2042 987 2094 proplietalis3
1011 2043 1079 2083 vel
1099 2056 1184 2084 non
1205 2057 1269 2085 ca-

236 2112 297 2164 pit
326 2112 470 2153 divina
503 2112 784 2164 providentia.
829 2112 1040 2164 Propheta
1082 2113 1159 2153 iste
1194 2126 1268 2166 per

237 2181 527 2222 excellentiam
547 2181 736 2222 Christus
755 2183 831 2231 est,
853 2182 928 2234 qui
949 2185 1098 2223 cuncta
1124 2183 1268 2224 futura

235 2252 475 2305 praenoscit‚
491 2251 542 2291 de
555 2251 700 2304 quoin
719 2252 1038 2294 Deuteronomio
1054 2256 1067 2277 5
1091 2265 1100 2293 :
1126 2267 1144 2291 <‹
1169 2253 1268 2294 Pro-

168 2315 172 2318 *
235 2322 406 2375 phetam
435 2321 487 2361 de
518 2323 646 2372 gente
678 2323 765 2371 tua,
788 2324 827 2361 et
858 2321 909 2361 de
937 2321 1137 2362 fratribus
1162 2323 1264 2373 tuis,

236 2392 342 2432 sicut
387 2403 457 2431 me
473 2421 483 2441 ,
529 2390 746 2432 suscitabit
790 2391 865 2440 tibi
912 2391 1115 2432 Dominus
1158 2392 1268 2433 Deus

235 2465 352 2504 tuus.
369 2475 388 2500 1)
413 2461 465 2502 Ε1
483 2472 613 2514 supra
630 2461 643 2482 ⁶
666 2475 674 2502 :
701 2476 720 2499 «
739 2460 950 2513 Propheta
967 2473 1152 2513 magnus
1171 2475 1267 2502 sur-

235 2533 347 2574 rexit
374 2532 420 2572 in
448 2531 584 2572 nobis.
606 2545 625 2568 >³
661 2530 793 2572 Istum
819 2543 905 2571 non
936 2534 1131 2573 convenit
1158 2534 1266 2574 mori

235 2604 319 2644 nisi
334 2603 380 2643 in
398 2601 678 2650 Hierusalem,
701 2601 934 2642 secundum
957 2602 1208 2655 Scripturas,
1227 2607 1267 2645 et

237 2673 338 2726 quia
355 2672 426 2713 illa
446 2674 534 2712 erat
553 2672 702 2713 civitas
727 2672 898 2723 regalis,
923 2673 1202 2723 sacerdotalis,
1227 2677 1266 2714 et

237 2741 514 2794 magistralis,
546 2744 586 2782 et
615 2741 805 2782 Christus
832 2747 920 2782 erat
951 2754 1147 2783 summus
1172 2756 1263 2794 rex,

237 2815 279 2854 et
295 2812 515 2863 magister,
537 2813 578 2852 et
594 2811 799 2861 sacerdOS,
817 2814 857 2852 et
876 2811 971 2852 ideo
990 2824 1076 2853 non
1091 2813 1267 2854 debebat

207 2881 215 2887 “
238 2883 349 2924 mori
369 2882 451 2923 nisi
474 2882 519 2922 in
548 2881 620 2922 illo
644 2881 749 2922 loco.
772 2880 889 2922 Unde
907 2883 1016 2922 infra
1036 2887 1049 2908 ⁷
1081 2897 1090 2924 :
1116 2898 1135 2922 c<
1163 2883 1266 2924 Ecce

240 2953 504 2994 ascendimus
540 2951 890 3004 Hierosolymam,
922 2955 963 2993 et
993 2964 1265 2994 consumma-

239 3022 400 3062 buntur
434 3022 578 3063 omnia
613 3033 708 3074 quae
740 3022 894 3074 scripta
925 3025 1025 3062 sunt
1055 3036 1130 3076 per
1165 3036 1262 3077 pro-

239 3093 387 3145 phetas
415 3092 466 3133 de
496 3092 582 3133 filio
606 3092 792 3132 hominis
824 3104 835 3133 ;
871 3106 890 3130 1)
923 3105 1024 3133 nam
1050 3095 1265 3147 prophetae

240 3162 321 3202 hoc
338 3161 634 3203 universaliter
652 3161 954 3214 praedixerunt,
977 3163 1091 3215 quod
1106 3164 1156 3204 de
1174 3164 1267 3205 Hie-

285 3242 294 3263 ¹
316 3242 394 3282 1nf.,
421 3250 516 3282 xxw,
535 3244 588 3274 25.
603 3259 643 3266 —
662 3243 676 3263 ²
694 3243 780 3281 Act„
800 3250 840 3282 11,
858 3244 910 3274 23.
928 3260 963 3265 —
984 3243 995 3262 ³
1016 3244 1115 3285 lbid„
1139 3253 1192 3286 111,
1216 3248 1264 3278 18.

243 3303 283 3312 -
301 3288 313 3307 ⁴
331 3288 468 3328 Matth„
486 3296 582 3328 xxvi,
601 3290 653 3320 42.
669 3306 709 3312 —
727 3289 740 3311 ⁵
760 3289 872 3328 Deut„
891 3296 990 3330 xv111,
1011 3292 1059 3322 15.
1075 3308 1115 3314 —-
1132 3292 1145 3314 ⁶
1168 3294 1266 3333 sup,

244 3341 311 3374 vn,
345 3337 395 3367 16.
426 3351 462 3357 —
491 3335 500 3354 ⁷
536 3334 612 3374 lnf„
651 3342 758 3376 xvnt,
795 3337 845 3367 31.
874 3352 915 3358 —-
940 3336 954 3357 ⁸
984 3337 1061 3372 ssa..
1091 3345 1134 3378 11,
1166 3340 1196 3370 3.
1228 3357 1263 3362 —-

247 3380 262 3402 ⁹
276 3380 393 3422 Zach„
413 3388 490 3420 xm,
510 3382 541 3412 1.
557 3397 598 3404 —
615 3382 642 3403 ¹⁰
658 3381 770 3422 Helm,
790 3390 867 3422 xm,
887 3384 937 3415 12.
955 3400 996 3406 —
1016 3384 1036 3405 ¹¹
1054 3384 1170 3423 Marc,
1188 3393 1263 3425 vm,

2291 146 2368 186 599

1345 224 1529 266 rusalem
1549 226 1712 268 veniret
1729 227 1798 268 lex
1827 239 1952 269 nova.
1973 243 1993 266 >2
2021 228 2137 270 Unde
2155 231 2295 273 Isaias
2313 235 2327 257 ⁸
2354 247 2363 272 :

1349 308 1368 332 α
1387 293 1549 345 Venite,
1565 297 1606 336 et
1622 297 1896 337 ascendamus
1911 298 1963 338 ad
1977 301 2164 340 montem
2186 301 2366 352 Domini,

1345 365 1385 403 et
1403 364 1454 404 ad
1471 365 1645 405 domum
1665 366 1737 406 Dei
1756 366 1897 407 Jacob.
1919 381 1937 404 »
1969 369 2159 419 sequitur
2180 383 2191 410 :
2225 385 2244 409 α
2269 372 2368 424 quia

1344 433 1394 473 de
1426 433 1526 474 Sion
1560 435 1691 475 exibit
1718 436 1808 485 lex,
1839 438 1880 476 et
1910 437 2090 478 verbum
2124 438 2285 480 Domini
2315 442 2366 481 de

1343 503 1618 545 Hierusalem.
1641 520 1659 542 ›)
1692 505 1742 546 Et
1766 506 1995 548 Zacharias
2020 507 2033 528 ⁹
2058 521 2071 558 z,
2097 522 2116 546 ε(
2140 507 2189 548 In
2208 509 2274 549 die
2299 511 2371 550 illa

1345 574 1424 614 erit
1441 574 1534 614 fons
1550 577 1698 627 patens
1712 576 1858 616 domui
1873 576 2005 618 David
2024 579 2064 616 et
2084 576 2370 619 habitantibus

1345 643 1629 694 Hierusalem,
1670 644 1713 683 in
1752 645 2008 685 ablutionem
2049 647 2276 698 peccatoris
2330 651 2372 688 et

1345 715 1631 753 menstruatae.
1652 727 1671 750 ›>
1696 713 1747 753 Et
1766 716 1863 754 nota
1877 715 1989 766 quod
2007 715 2195 757 Christus
2217 717 2262 757 in
2276 717 2372 758 Hie-

1343 783 1527 823 rusalem
1548 783 1848 823 condemnatus
1873 786 1948 835 est,
1971 785 2043 826 sed
2067 788 2185 826 extra
2203 790 2370 839 portam

1343 863 1506 904 passus,
1531 852 1648 892 Unde
1667 853 1719 892 ad
1738 853 1928 896 Hebraeos
1949 855 1977 879 ¹⁰
2001 866 2040 894 τα
2060 855 2236 908 Propter
2257 858 2371 910 quod

1345 925 1385 963 et
1407 922 1541 973 Jesus,
1570 925 1618 963 ut
1642 923 1916 964 sanctificaret
1942 937 2016 976 per
2042 938 2168 966 suum
2193 927 2371 978 sangui—

1344 1005 1443 1033 nem
1461 993 1679 1045 populum,
1696 995 1814 1033 extra
1832 996 1997 1046 portam
2016 1007 2165 1047 passus
2184 999 2296 1036 est.»

1397 1063 1568 1115 Mystice
1594 1075 1695 1105 vero
1729 1065 1960 1105 notandum
1993 1068 2068 1116 est,
2103 1067 2216 1118 quod
2255 1067 2369 1108 istud
2389 1071 2529 1106 Mysticus

1344 1133 1557 1184 triduum,
1597 1133 1829 1174 secundum
1865 1134 2051 1175 diversos
2097 1137 2366 1188 expositores,
2388 1119 2502 1139 sensum

1344 1203 1569 1255 exponitur
1588 1203 1806 1255 tripliciter
1835 1217 1844 1243 ε
1876 1204 2116 1256 allegorice,
2139 1206 2366 1257 moraliter,

1343 1276 1384 1314 et
1402 1273 1650 1324 anagogice.

1395 1343 1634 1394 Allegorice
1650 1344 1708 1384 sic
1727 1359 1735 1384 :
1759 1344 1901 1384 Prima
1914 1345 2001 1385 dies
2020 1348 2081 1386 est
2093 1345 2163 1386 lex
2181 1348 2344 1400 naturae
2355 1362 2365 1397 ;
2414 1360 2530 1395 Allego-

1343 1414 1525 1453 secunda
1551 1416 1611 1453 est
1640 1413 1710 1453 lex
1741 1415 1972 1466 scripturae,
1995 1417 2035 1455 et
2065 1416 2188 1456 tertia
2211 1419 2272 1457 est
2300 1417 2370 1458 lex
2402 1401 2517 1469 ,ἓξὲξ

1343 1484 1491 1535 gratiae
1516 1498 1525 1523 :
1551 1483 1601 1523 de
1621 1495 1703 1534 quo
1722 1484 1893 1525 Murcus
1915 1486 1940 1505 ¹¹
1963 1499 1971 1525 :
1991 1500 2010 1523 (‹
2029 1484 2226 1526 Misereor
2245 1499 2370 1539 super

1342 1555 1512 1595 turbam
1527 1587 1537 1605 ,
1580 1555 1678 1607 quia
1722 1567 1815 1595 ecce
1847 1557 1939 1608 ι15111
1983 1556 2123 1597 triduo
2162 1558 2371 1599 sustinent

1343 1637 1430 1676 me,
1461 1641 1480 1663 ))
1518 1628 1594 1666 616.
1630 1625 1705 1667 Vel
1737 1626 1900 1677 primus
1928 1625 2016 1666 dies
2051 1630 2112 1666 est
2138 1627 2365 1679 passionis;

1342 1695 1563 1746 secundus,
1594 1695 1844 1748 sepulturae3
1881 1697 1921 1735 et
1952 1696 2119 1746 tertius,
2155 1708 2365 1738 resurrec-

1341 1765 1482 1805 tionis.
1499 1765 1550 1806 Et
1569 1765 1613 1805 in
1629 1766 1787 1807 Jocmne
1809 1765 1857 1817 (a)
1879 1766 1906 1787 ¹²
1929 1777 1967 1803 z«
1988 1764 2143 1805 Solvite
2161 1767 2367 1819 templum

1341 1836 1435 1886 hoc,
1460 1838 1508 1876 ‘et
1533 1835 1579 1875 in
1609 1836 1744 1876 tribus
1775 1836 1920 1876 diebus
1961 1835 2151 1876 excitabo
2189 1837 2308 1877 illud.
2342 1852 2362 1876 ›>

1340 1906 1415 1947 Vel
1446 1906 1583 1958 prima
1607 1906 1694 1946 dies
1726 1908 1786 1946 est
1813 1906 2013 1946 decursus
2049 1909 2179 1947 sextae
2211 1909 2365 1959 aetatis3

1341 1976 1539 2025 secunda,
1564 1975 1682 2027 quies
1709 1976 1970 2026 animarum;
1997 1979 2037 2016 et
2063 1977 2201 2027 tertia,
2223 1990 2365 2019 resur-

1340 2047 1467 2086 rectio
1488 2058 1727 2098 corporum,
1745 2059 1840 2099 quae
1860 2049 1922 2087 est
1940 2047 1986 2087 in
2004 2047 2135 2088 vitam
2149 2049 2178 2072 ¹³
2200 2062 2238 2088 z«
2257 2047 2368 2089 Vivi-

1339 2117 1480 2156 ficabit
1499 2129 1575 2156 nos
1599 2119 1691 2168 post
1717 2117 1821 2157 duos
1849 2117 1950 2167 dies,
1972 2116 2018 2156 in
2041 2117 2106 2157 die
2125 2117 2247 2157 tertia
2271 2129 2364 2158 5115-

1342 2187 1484 2227 citabit
1505 2198 1594 2226 nos.
1619 2201 1638 2224 >)

1394 2256 1604 2296 Moraliter
1634 2256 1706 2306 sic,
1728 2258 1775 2295 ut
1792 2256 1929 2307 prima
1951 2256 2037 2296 dies
2064 2257 2116 2296 sit
2135 2269 2361 2310 compunc-

1340 2325 1464 2365 tionis
1476 2340 1486 2373 ;
1510 2326 1706 2374 secunda,
1729 2326 2017 2376 consessionis3
2037 2328 2078 2367 et
2096 2328 2230 2379 tertia,
2249 2329 2365 2369 satis-

1339 2395 1545 2436 factionis.
1569 2395 1596 2416 ¹''
1634 2396 1779 2435 «Deus
1806 2395 2082 2436 Hebraeorum
2113 2400 2234 2438 vocat
2263 2410 2360 2449 nos,

1339 2465 1497 2505 ibimus
1517 2464 1631 2506 viam
1648 2465 1777 2505 trium
1797 2465 1961 2505 dierum
1974 2465 2017 2505 in
2037 2466 2320 2508 solitudinem.
2337 2482 2357 2505 ))

1339 2535 1413 2577 Vel
1438 2535 1576 2587 prima
1595 2535 1681 2575 dies
1706 2537 1767 2575 est
1793 2536 1903 2576 bona
1931 2536 2128 2587 cogitatio
2137 2551 2147 2586 ;
2182 2537 2363 2578 secunda

1339 2608 1400 2646 cst
1437 2606 1547 2645 bona
1576 2605 1754 2654 locutio;
1785 2608 1825 2646 et
1854 2605 1998 2655 tertia,
2027 2606 2136 2646 bona
2161 2608 2359 2660 operatio.

1338 2675 1465 2716 Jonas
1482 2705 1492 2724 ,
1536 2675 1770 2715 secundum
1821 2674 2134 2715 translationem
2181 2676 2361 2729 Septua-

1339 2746 1460 2796 ginta
1485 2745 1511 2767 15
1533 2759 1542 2784 z
1571 2758 1590 2782 «
1615 2744 1765 2785 Adhuc
1792 2747 1875 2785 tres
1894 2744 1994 2795 dies,
2017 2748 2057 2785 et
2082 2745 2232 2787 Ninive
2259 2747 2359 2786 sub-

1337 2817 1540 2855 vertetur.
1565 2828 1585 2853 »
1613 2814 1687 2855 Vel
1712 2817 1796 2855 tres
1815 2814 1902 2855 dies
1922 2816 2020 2854 sunt
2046 2815 2196 2867 triplex
2214 2818 2362 2858 votum

1337 2884 1568 2936 religionis,
1599 2884 1752 2924 scilicet
1783 2884 1996 2935 castitatis,
2028 2885 2293 2936 obedientiae,
2323 2889 2362 2926 et

1337 2954 1593 3007 paupertatis
1622 2954 1649 2975 ¹⁶
1679 2968 1726 2993 z«
1756 2953 1859 2994 Tres
1889 2954 2028 2994 adhuc
2061 2954 2148 2995 dies
2184 2958 2281 2995 sunt
2317 2955 2362 2994 in

1337 3025 1492 3077 quibus
1520 3023 1807 3064 recordabitur
1838 3024 2001 3064 Pharao
2030 3024 2250 3065 ministerii
2280 3025 2357 3076 tui,

1337 3096 1379 3134 et
1394 3093 1584 3134 restituet
1603 3095 1643 3133 te
1661 3092 1707 3133 in
1730 3093 1912 3144 gradum
1932 3093 2170 3146 pristinum.
2192 3107 2211 3131 ›>

1390 3163 1638 3215 Anagogice
1655 3163 1728 3214 sic,
1744 3165 1793 3204 111
1810 3164 1950 3216 prima
1968 3164 2054 3204 dies
2068 3163 2121 3204 sit
2137 3163 2357 3216 purgatio;
2402 3170 2518 3202 Anago-

2406 2268 2526 2296 Moralis

2385 2316 2503 2336 56115115.

1338 3276 1368 3305 2.
1389 3290 1429 3297 -
1449 3273 1474 3294 1²
1492 3273 1599 3311 Joan„
1619 3281 1661 3312 11,
1681 3274 1731 3305 19.
1745 3290 1786 3296 -
1802 3273 1829 3294 13
1850 3273 1934 3312 Ose„
1952 3280 1998 3312 vr,
2019 3273 2049 3303 3.
2067 3289 2108 3296 —
2123 3273 2148 3294 1⁴
2165 3272 2284 3312 Eat-od„
2306 3280 2359 3313 111,

1338 3321 1388 3352 18.
1409 3336 1448 3343 —
1467 3320 1494 3342 ¹⁵
1513 3321 1597 3358 Jon„
1620 3327 1672 3360 111,
1695 3321 1725 3351 4.
1749 3337 1783 3342 -
1805 3320 1831 3341 ¹⁶
1850 3320 1942 3359 Gen„
1961 3327 2018 3359 XL,
2041 3320 2090 3350 13.

1381 3385 1424 3425 (α)
1445 3385 1524 3417 Caet.
1545 3383 1624 3415 edit.
1646 3385 1686 3415 Et
1702 3384 1861 3416 Joannes.
