2634 3853
199 121 275 158 558

199 217 269 244 cor
289 208 378 245 erat
398 217 581 247 vacuum
603 221 612 247 z
640 210 735 248 tum
755 208 854 259 quia
873 207 1060 246 animam
1079 205 1222 244 Trini-

198 275 294 314 tatis
311 287 504 328 capacem
519 277 632 317 solus
647 277 753 317 Deus
769 280 901 329 potest
920 276 1114 328 implere3
1131 278 1224 315 tum

199 344 298 395 quia
328 344 419 386 haec
450 347 695 399 temporalia
723 358 804 385 nan
832 346 989 385 intrant
1021 357 1104 394 cor,
1142 345 1225 384 nisi

199 416 430 456 secundum
451 417 753 468 phantasticam
770 417 1110 466 similitudinem
1133 419 1221 457 tuni

198 485 297 536 quia
316 487 693 538 concupiscentiam
708 490 868 537 augent
883 502 892 537 3
910 490 1001 527 tum
1023 487 1120 539 quia
1135 487 1221 526 ani-

199 566 310 594 mam
332 568 415 595 non
438 557 594 596 faciunt
612 557 850 606 meliorem;
876 561 966 596 tum
984 558 1110 597 etIam
1125 556 1225 608 quia

198 627 298 664 sunt
319 626 490 665 omuino
511 626 682 666 alterius
702 630 889 667 naturae:
913 627 1020 667 sicut
1046 627 1225 678 angelus

198 698 237 734 et
263 695 488 747 corporalis
511 696 649 747 locus,
681 697 737 737 sic
765 698 906 737 anima
934 701 974 738 ct
998 697 1225 750 corporalis

197 764 442 805 thesaurus:
466 768 556 805 tum
577 767 727 817 etiam,
751 767 851 819 quia
872 768 1032 817 [numa7
1056 780 1151 807 cum
1172 768 1226 807 sit

198 839 356 886 quanta
375 847 460 875 non
480 836 609 885 mole,
632 837 702 877 seat
722 838 900 888 virtute,
923 850 1009 878 non
1027 838 1225 890 impletur

197 906 429 956 quantitate
451 907 679 958 materiali,
702 908 773 948 scd
792 908 1012 962 spirituali,
1036 908 1143 948 sicut
1163 910 1226 948 est

199 976 336 1026 gratia
357 976 537 1027 Spiritus
557 978 702 1018 sancti.

251 1048 443 1088 Secundo
471 1062 594 1099 vcro,
620 1053 826 1101 quantum
853 1051 905 1090 ad
926 1062 1046 1090 vanae
1067 1051 1226 1091 securi-

196 1119 290 1157 tatis
318 1121 632 1171 conceptionem
663 1134 737 1174 per
761 1121 953 1161 stolidam
980 1122 1223 1174 promissio-

195 1199 308 1237 nem,
329 1189 522 1229 subditur
536 1193 592 1240 (v.
609 1192 669 1242 19)
687 1203 696 1230 z
713 1192 766 1232 Ei
780 1191 922 1232 (licam
936 1193 1093 1233 animce
1106 1203 1222 1242 meoe,

195 1258 235 1298 id
252 1262 311 1298 est
326 1260 574 1300 animalitati
589 1262 598 1283 ¹
618 1276 655 1301 z«
667 1262 741 1310 Qui
759 1265 871 1301 amat
885 1263 1071 1301 animam
1087 1275 1222 1312 suam,

196 1329 340 1380 perdet
361 1343 480 1370 cam:
503 1345 522 1368 >³
548 1332 723 1382 Anima,
741 1333 866 1374 habes
884 1333 1017 1375 multa
1030 1333 1224 1385 honepo-

196 1400 282 1440 εἶτα
302 1401 349 1441 in
369 1412 502 1442 cinnes
513 1402 736 1453 plurimos.
754 1404 767 1425 ²
783 1418 801 1441 α
819 1403 947 1443 Dicis:
973 1403 1096 1444 Dives
1110 1418 1220 1455 sum,

196 1472 236 1509 et
255 1470 548 1523 locupletatus,
570 1476 611 1513 et
632 1473 792 1514 nullius
811 1486 930 1526 egeo.
953 1490 972 1512 »
991 1475 1040 1515 Et
1059 1476 1226 1517 Zacha-

197 1541 287 1581 rias
306 1540 348 1580 ³:
377 1557 395 1579 «
422 1541 672 1583 Benedictus
700 1542 919 1594 Dominus,
954 1545 1104 1585 divites
1129 1547 1225 1585 facti

197 1624 357 1651 sumus,
380 1627 398 1649 »
422 1612 472 1653 Et
493 1614 592 1665 quia
610 1615 865 1655 abundantia
884 1628 981 1656 cum
1003 1618 1225 1657 securitate

195 1683 304 1734 parit
342 1683 503 1724 malum
542 1684 725 1726 lasciviae
739 1718 751 1736 ,
791 1687 884 1727 ideo
931 1688 1072 1728 subdit
1093 1703 1101 1728 :
1145 1691 1226 1730 Re-

196 1754 388 1805 quiesce:
415 1767 509 1796 ecce
528 1756 797 1808 negligentia
817 1757 855 1798 5':
885 1774 904 1796 «
925 1758 1087 1799 Stultus
1106 1772 1222 1800 com·

196 1825 320 1876 plicat
347 1839 498 1866 manus
522 1839 642 1876 suas,
663 1842 682 1865 »
705 1832 781 1868 etc.
798 1860 810 1879 ,
833 1829 1001 1870 dicens:
1033 1845 1051 1868 «
1079 1831 1225 1872 Melior

197 1898 259 1935 est
278 1896 466 1948 pugillus
494 1909 593 1938 cum
621 1898 791 1950 requie,
815 1912 943 1952 quam
964 1900 1087 1952 plena
1106 1904 1222 1941 utra-

197 1978 278 2021 que
294 1979 446 2007 manus
461 1980 557 2008 cum
576 1968 718 2009 labore
739 1972 779 2009 et
796 1969 1020 2011 afflictione
1035 1971 1180 2011 animi.
1200 1986 1218 2009 ›>

201 2036 396 2079 Cometle:
417 2051 509 2079 ecce
523 2025 627 2090 'gula
640 2039 675 2079 ⁵:
699 2038 876 2081 «Inveni
892 2042 1083 2094 requiem
1100 2043 1222 2092 mihi,

197 2109 237 2146 et
260 2120 373 2148 nunc
397 2109 660 2149 manducabo
689 2109 738 2150 de
764 2111 885 2150 bonis
913 2111 1017 2151 meis
1045 2112 1175 2152 solus.
1199 2128 1218 2149 n

196 2177 319 2225 Bibe,
348 2181 557 2229 quantum
586 2180 635 2219 ad
667 2181 898 2232 crapulam.
934 2180 1086 2222 Contra
1112 2183 1225 2235 quod

196 2245 350 2287 dicitur
377 2247 418 2286 in
439 2248 677 2290 Proverbiis
697 2251 734 2290 ⁶:
761 2250 892 2291 «Noli
912 2263 1003 2292 esse
1021 2252 1061 2291 in
1085 2253 1226 2293 convi-

196 2317 277 2357 viis
302 2319 562 2369 potatorum,
587 2333 606 2356 ))
635 2322 711 2360 etc.
735 2320 964 2372 Sequitur:
993 2336 1012 2360 ε(
1032 2321 1111 2370 Qui
1132 2336 1223 2364 car-

196 2399 270 2428 nes
289 2389 342 2429 ad
362 2389 617 2430 vescendum
644 2391 887 2442 conferunt,
912 2392 1011 2444 quia
1031 2398 1226 2436 vacantes

198 2459 386 2511 potibus,
412 2465 451 2500 et
476 2461 620 2502 dantes
646 2463 838 2515 symbola
859 2468 1177 2507 consumentur.
1199 2481 1219 2505 »

196 2530 252 2572 Ec
276 2531 473 2582 epulare:
497 2544 590 2573 ecce
622 2532 792 2573 lascivia
820 2535 860 2574 ⁷:
889 2549 909 2572 «
934 2535 1101 2588 Epulati
1127 2539 1226 2579 estis

196 2613 324 2653 super
341 2604 512 2652 terram,
536 2606 576 2643 et
598 2604 642 2643 in
661 2603 845 2645 luxuriis
865 2606 1080 2647 enutristis
1099 2609 1226 2650 corda

195 2674 350 2711 vestra.
375 2686 394 2709 >)
418 2672 518 2713 Haec
542 2673 655 2713 enim
676 2678 988 2715 consueverunt
1013 2689 1101 2717 csse
1123 2678 1225 2719 vitia

195 2741 377 2781 divitum
393 2742 431 2780 ⁸:
453 2757 471 2780 α
491 2741 562 2783 Vae
584 2744 657 2795 qui
677 2744 865 2796 opulenti
886 2745 984 2785 estis
1002 2745 1044 2786 in
1065 2746 1179 2788 Sion.
1198 2763 1217 2786 »

196 2811 247 2852 Et
271 2815 363 2864 post
384 2827 393 2852 ε
423 2828 441 2850 ((
469 2811 547 2862 Qui
575 2813 766 2854 dormitis
789 2815 833 2854 in
862 2815 979 2856 lectis
1003 2818 1221 2870 eburneis,

196 2886 236 2922 et
255 2882 453 2923 lascivitis
475 2883 520 2923 in
543 2885 681 2925 stratis
701 2886 875 2926 vestris:
902 2887 974 2939 qui
1005 2889 1223 2930 comeditis

195 2965 359 3005 agnum
380 2953 430 2994 de
450 2966 600 3005 grege.
622 2970 640 2992 n
655 2955 755 3008 Snbj
765 2957 947 3009 ungitur
965 2973 1006 2998 :<‹
1027 2958 1224 3001 Bibentes

196 3025 345 3065 vinum
365 3025 408 3064 in
428 3025 600 3077 phialis,
632 3030 671 3066 et
693 3027 851 3078 optimo
871 3032 1096 3080 unguento
1115 3031 1223 3071 deli-

195 3095 311 3144 buti,
333 3109 352 3133 ))
373 3098 449 3136 etc.
482 3095 602 3136 lstius
625 3100 765 3137 autem
791 3098 974 3140 lasciviae
1004 3113 1132 3141 causa
1161 3105 1223 3143 est

196 3166 399 3207 securitas
415 3179 545 3218 vana,
571 3179 701 3219 quam
720 3169 863 3210 anima
881 3171 1007 3212 stulte
1026 3173 1220 3225 concipit,

236 3295 247 3316 ¹
266 3294 374 3335 Joan„
397 3303 458 3336 xn,
479 3297 531 3327 25.
549 3313 590 3319 —
610 3296 623 3317 2
637 3296 884 3336 Apoc.‚111,17.
903 3315 943 3321 —
959 3299 972 3320 ³
987 3299 1100 3338 Zach„
1121 3310 1172 3342 XI,
1189 3304 1220 3333 5.

199 3358 234 3365 -
254 3343 265 3361 ⁴
288 3344 410 3382 Eccle„
437 3351 480 3383 ιν,
503 3346 536 3383 ἥ,
560 3345 592 3374 6.
613 3360 649 3365 ——
678 3344 690 3365 ⁶
715 3343 832 3380 Ecclc’..
855 3353 909 3385 xi,
932 3348 982 3378 19.
1010 3364 1049 3370 —
1077 3348 1088 3366 ⁶
1110 3349 1218 3386 va..

196 3396 302 3429 xxm,
323 3391 373 3430 20,
399 3392 450 3421 21.
473 3408 513 3414 —
542 3391 551 3409 ⁷
574 3391 658 3430 lac„
683 3398 715 3430 v,
740 3392 770 3422 ij.
790 3408 831 3414 —
849 3391 863 3413 8
884 3394 994 3434 Amos,
1018 3402 1063 3434 vi,
1087 3398 1115 3434 1,
1137 3398 1166 3436 4,
1187 3400 1218 3428 6.

935 118 1108 158 EVANG
1118 116 1193 156 HL}
1205 116 1215 155 l·
1249 115 1311 155 SA
1319 116 1434 157 NCT!
1467 118 1615 160 [110.AE

1299 207 1582 256 promittendo
1601 207 1682 246 sibi
1701 208 1875 258 longam
1901 208 2033 248 vitam
2052 208 2327 262 temporalem

1299 285 1373 325 per
1385 277 1771 328 praeumptionem,
1786 278 2021 318 secundum
2033 279 2135 319 illud
2148 280 2275 321 Isaioe
2291 282 2326 318 ⁹:

1305 359 1324 382 α
1347 345 1632 387 Percussimus
1651 348 1786 388 foedus
1804 361 1901 388 cum
1926 350 2075 398 morte,
2099 352 2250 390 etcum
2268 351 2329 390 in-

1299 415 1416 456 ferno
1446 418 1619 458 fecimus
1647 421 1839 470 pactum:
1875 418 2094 470 flagellum
2118 419 2330 461 inundans

1299 499 1396 526 cum
1418 489 1644 539 transierit,
1673 502 1758 529 non
1792 490 1933 531 veniet
1952 502 2078 542 super
2100 502 2199 540 nos;
2222 506 2239 528 n
2265 492 2330 532 vel

1299 560 1604 599 contemnendo
1628 573 1702 612 pir—r
1722 561 2053 612 desperationem
2074 561 2102 585 ¹⁰
2120 574 2160 601 z«
2178 560 2327 602 Come-

1299 628 1449 668 damus
1468 631 1508 668 ct
1532 629 1748 679 bibamus,
1781 642 1872 670 cras
1900 630 2011 670 enim
2035 631 2281 672 moriemur.
2304 647 2324 669 »

1353 697 1511 749 Tertio,
1536 702 1742 751 quantum
1763 700 1953 740 acl-vanae
1973 700 2206 741 securitatis
2229 702 2329 742 sub-

1298 768 1543 807 tractionem
1562 781 1637 821 per
1657 769 1811 809 divinae
1831 770 2048 811 sententiae
2064 771 2327 823 aequitatem,

1298 838 1494 878 subditur
1526 841 1602 889 (v.
1624 840 1696 891 20)
1726 851 1735 878 ε
1771 840 1901 881 Dz‘oeit
1931 844 2071 883 (tutem
2098 841 2167 883 illi
2199 844 2328 883 Deus.

1311 907 1451 948 Glossa
1467 910 1491 930 ¹¹
1512 923 1547 949 z«
1565 909 1706 949 Dicere
1718 910 1789 949 Dei
1805 909 1856 950 ad
1873 910 2089 951 hominem
2105 914 2167 951 est
2179 924 2331 964 pravas

1298 979 1390 1029 ejus
1424 979 1756 1020 machinationes
1791 981 1929 1020 subita
1964 981 2332 1023 animadversione

1299 1060 1578 1100 compescere.
1591 1063 1609 1086 >³
1622 1049 1916 1103 Propterquod
1927 1051 2044 1093 addit
2054 1053 2302 1092 sententiam
2319 1066 2328 1092 :

1298 1119 1430 1160 Stulte
1451 1152 1461 1169 ‚
1498 1120 1575 1162 Ιιαο
1615 1125 1734 1163 nocte
1767 1122 1959 1163 [mimam
1993 1126 2113 1164 luam
2144 1127 2332 1175 repetent

1300 1200 1326 1230 α
1348 1190 1457 1231 te.¹²«
1471 1190 1573 1230 Cum
1593 1191 1802 1232 dixerint:
1826 1192 1913 1233 Pax
1934 1195 1975 1233 et
1993 1194 2209 1244 securitas,
2230 1196 2332 1235 tunc

1298 1261 1545 1312 repentinus
1566 1261 1625 1301 eis
1647 1263 1918 1314 superveniet
1940 1264 2149 1304 interitus.
2175 1279 2194 1302 »
2215 1264 2328 1305 Stul-

1298 1332 1390 1370 tum
1410 1343 1509 1370 eum
1528 1334 1648 1372 vocat
1667 1344 1744 1384 pro
1759 1333 1966 1385 sapientia
1982 1336 2164 1384 terrena,
2187 1335 2285 1387 quia
2302 1335 2330 1359 ¹³

1301 1415 1320 1438 α
1343 1401 1512 1441 stultam
1536 1402 1631 1442 fecit
1653 1402 1762 1442 Deus
1777 1403 2025 1455 sapientiam
2046 1404 2175 1456 hujus
2198 1417 2330 1445 mun-

1299 1472 1354 1511 di.
1377 1486 1396 1509 »
1417 1472 1579 1512 Stultus
1600 1476 1662 1513 est
1680 1474 1754 1525 qui
1775 1486 1860 1513 uon
1879 1475 2084 1526 praevidet
2102 1476 2244 1516 futura
2263 1489 2331 1529 pe—

1298 1542 1470 1582 ricula¹¹
1488 1555 1526 1582 :(‹
1541 1543 1750 1594 Sapientis
1767 1543 1875 1583 oculi
1892 1544 1934 1582 in
1949 1545 2084 1596 capite
2100 1546 2209 1596 ejus;
2231 1546 2331 1585 stul-

1298 1614 1367 1652 tus
1399 1612 1444 1652 in
1477 1613 1659 1653 tenebris
1684 1613 1894 1664 ambulat,
1924 1628 1943 1651 ))
1968 1614 2067 1666 quia
2095 1615 2146 1655 de
2177 1615 2331 1656 suturis

1298 1682 1497 1733 incertus,
1520 1696 1694 1724 securus
1715 1684 1884 1724 dormit.
1916 1684 2068 1725 Contra
2095 1686 2207 1737 quod
2227 1686 2329 1726 dici-

1297 1757 1368 1794 tur
1386 1754 1432 1794 in
1451 1755 1691 1797 Proverbiis
1713 1757 1739 1778 ¹⁵
1756 1770 1764 1795 ε
1784 1770 1803 1793 (ῑ
1822 1755 1882 1796 Ν6
1902 1756 2096 1808 glorieris
2115 1757 2160 1796 in
2182 1758 2327 1798 crasti-

1297 1836 1403 1865 num
1418 1856 1430 1875 ,
1468 1825 1671 1876 ignorans
1709 1826 1810 1878 quid
1851 1830 2162 1879 superventura
2196 1828 2330 1880 pariat

1297 1895 1399 1936 dies.
1422 1910 1440 1933 ›>
1461 1895 1510 1936 Et
1531 1897 1709 1938 Jacobus
1731 1899 1758 1922 ¹⁶
1781 1911 1820 1937 :«
1841 1895 1942 1945 Quae
1962 1900 2023 1937 est
2043 1898 2131 1938 vita
2150 1901 2293 1939 nostra
2308 1900 2327 1938 ἱ)

1298 1966 1436 2019 Vapor
1462 1969 1524 2007 est
1554 1967 1606 2008 ad
1635 1968 1851 2009 modicum
1880 1979 2047 2021 parens.
2083 1982 2102 2006 ›>
2123 1967 2174 2009 Et
2202 1969 2327 2022 quia,

1298 2039 1385 2078 vita
1405 2038 1579 2090 perdita,
1600 2038 1839 2090 perduntur
1852 2039 1943 2079 haec
1956 2039 2218 2091 temporalia,
2235 2040 2328 2081 ideo

1298 2107 1521 2147 subditur:
1549 2108 1652 2159 Quoe
1669 2113 1811 2151 autem
1826 2110 2018 2161 parasti,
2040 2109 2164 2161 qu'us
2180 2115 2327 2154 erunt?

1297 2177 1572 2218 Ambrosius:
1604 2194 1623 2216 «
1640 2178 1732 2219 Non
1752 2182 1850 2219 sunt
1868 2178 2053 2219 hominis
2075 2179 2208 2230 bona,
2229 2193 2326 2234 quae

1298 2261 1442 2289 secum
1461 2251 1628 2290 auferre
1647 2262 1734 2290 non
1753 2252 1902 2302 potest.
1926 2249 2022 2290 Sola
2044 2250 2328 2293 misericordia

1298 2331 1438 2360 comes
1452 2323 1515 2360 est
1532 2320 1839 2361 defunctorum.
1857 2334 1876 2357 »
1900 2318 2014 2361 Unde
2031 2321 2059 2347 ¹⁷
2075 2334 2082 2360 :
2096 2335 2115 2359 «
2131 2320 2243 2362 Nihil
2262 2323 2326 2362 in-

1297 2390 1473 2431 tulimus
1501 2390 1546 2430 in
1580 2390 1694 2431 hunc
1728 2390 1937 2431 mundum
1956 2422 1966 2442 ,
2002 2390 2120 2432 haud
2148 2391 2329 2433 dubium

1298 2461 1410 2512 quod
1423 2473 1500 2502 nec
1518 2461 1682 2502 auferre
1703 2461 1804 2514 quid
1822 2473 2062 2513 possumus.
2082 2475 2101 2499 υ
2117 2461 2168 2502 Et
2187 2463 2325 2505 J0b1⁸z

1304 2546 1324 2569 «
1344 2532 1448 2573 Cum
1467 2533 1662 2574 habuerit
1687 2544 1784 2585 quae
1805 2532 2096 2584 concupierat,
2120 2534 2329 2586 possidere

1298 2616 1384 2644 non
1403 2604 1575 2656 poterit3
1599 2616 1699 2645 cum
1713 2604 1890 2645 satiatus
1908 2604 2034 2644 fuerit
2044 2636 2057 2656 ,
2078 2606 2326 2658 arctabitur,

1297 2675 1510 2724 aestuabit,
1527 2677 1568 2716 et
1581 2675 1718 2716 omnis
1732 2674 1851 2716 dolor
1872 2675 2007 2716 irruet
2026 2688 2155 2729 super
2172 2689 2288 2719 eum.
2305 2692 2324 2716 »

1297 2745 1348 2786 Et
1366 2746 1467 2798 quia
1490 2747 1583 2787 haec
1603 2746 1809 2787 sententia
1836 2747 2077 2787 communis
2098 2750 2160 2788 est
2184 2749 2328 2789 omni-

1297 2818 1379 2858 bus
1392 2818 1546 2869 avaris,
1562 2818 1655 2858 ideo
1674 2808 1869 2858 subditur
1891 2817 1952 2869 (v.
1975 2818 2043 2871 21)
2065 2832 2073 2859 :
2095 2820 2164 2861 Sic
2178 2821 2329 2873 estqui

1296 2888 1382 2930 sibi
1401 2889 1687 2938 thesaurizat,
1712 2892 1752 2931 ec
1770 2899 1856 2930 non
1882 2891 1942 2930 est
1969 2890 2018 2930 in
2036 2890 2170 2931 Deum
2188 2890 2324 2933 dives.

1297 2960 1567 3001 Thesaurizat
1586 2960 1686 3009 sibi,
1709 2960 1782 3013 qui
1808 2960 2028 3001 thesauros
2044 2960 2125 3000 sibi
2145 2961 2190 3000 in
2212 2964 2326 3002 terra

1296 3031 1545 3084 multiplicat
1565 3034 1616 3071 ις’;
1645 3046 1663 3070 α
1685 3030 1970 3081 Thesaurizat⁷
1997 3033 2037 3071 et
2061 3031 2231 3083 ignorat
2256 3033 2326 3074 cui

1296 3102 1577 3154 congregabit
1595 3114 1658 3142 ea.
1681 3115 1699 3138 >³
1726 3101 1773 3141 In
1792 3101 1925 3142 Deum
1946 3103 2088 3141 autem
2108 3103 2226 3144 dives
2245 3106 2322 3156 est,

1297 3226 1335 3231 -
1351 3209 1364 3229 9
1383 3209 1460 3243 [ςα.,
1479 3215 1610 3247 xxvm,
1632 3210 1680 3238 15.
1696 3225 1737 3232 —
1755 3208 1780 3229 ¹⁰
1800 3208 1878 3246 lsa„
1893 3214 1979 3247 xxii,
2000 3209 2052 3239 13.
2072 3226 2113 3231 —
2132 3210 2156 3230 ¹¹
2171 3210 2268 3251 Bed„
2288 3212 2324 3243 in

1296 3254 1386 3295 Luc„
1406 3254 1463 3285 ubi
1483 3264 1558 3295 sup.
1578 3272 1620 3278 —
1646 3255 1671 3275 ¹²
1691 3255 1700 3285 1
1725 3253 1844 3291 Thess„
1867 3261 1898 3293 v,
1919 3256 1946 3284 3.
1969 3271 2008 3277 —
2028 3254 2055 3276 1³
2076 3255 2086 3285 1
2109 3255 2200 3295 Cor..
2221 3265 2245 3297 Ι,
2269 3260 2321 3290 20.

1295 3318 1334 3324 —
1353 3302 1381 3324 1¹·
1400 3300 1522 3339 Eccle„
1543 3309 1580 3341 11,
1599 3303 1650 3332 14.
1669 3319 1705 3323 —
1726 3301 1749 3322 ¹⁵
1765 3301 1874 3339 Prov.,
1891 3307 2002 3340 xxvu,
2027 3305 2110 3333 1.-
2134 3303 2160 3324 ¹⁶
2173 3304 2257 3338 Jac„
2276 3312 2321 3345 iv,

1297 3351 1345 3381 15.
1365 3366 1405 3372 —
1434 3349 1456 3371 ¹⁷
1482 3349 1493 3379 1
1522 3349 1616 3388 Tz‘m.,
1644 3355 1696 3389 vi,
1718 3350 1747 3380 7.
1771 3363 1806 3370 -
1837 3347 1860 3367 ¹⁰
1876 3346 1947 3382 Job,
1969 3355 2028 3388 xx,
2051 3349 2102 3381 22.
2126 3367 2162 3373 --
2188 3351 2215 3372 1⁹
2234 3351 2320 3383 Psal.

1295 3404 1442 3436 xxxviii,
1464 3397 1494 3427 7.

2615 502 2618 514 .,
2607 391 2619 468 “z-..s
2611 360 2617 382 w
2603 342 2606 345 '
