2634 3853
1001 141 1274 184 EXPOSITIO
1306 142 1358 185 IN
1386 141 1500 184 CAP.
1528 141 1618 184 vll.

252 250 342 280 mas
373 237 424 290 (a)
456 238 570 286 tuas;
599 246 692 276 ecce
718 233 864 275 sanavi
885 233 940 273 te.
967 245 986 269 >³
1014 229 1158 283 Capilli
1185 241 1272 271 ser-

251 308 420 350 viebant
444 306 495 346 ad
520 306 793 358 tergendum,
816 306 863 345 ut
887 303 943 344 sic
972 305 1108 356 posset
1132 302 1170 342 ei
1196 301 1275 342 dici

250 377 353 418 illud
373 377 384 399 ¹
407 389 417 416 z
451 391 470 415 (ι
486 376 723 417 Vulnerasti
742 388 814 417 cor
839 386 981 415 meum
1003 373 1046 413 in
1067 385 1153 413 uno
1173 384 1274 413 ocu-

249 446 389 487 lorum
418 447 603 498 tuorum,
626 448 668 487 et
698 447 743 487 111
763 457 850 486 11110
882 445 996 484 crine
1026 443 1120 484 colli
1149 443 1226 483 tui.
1249 458 1267 480 n

250 515 303 558 Os
328 516 380 557 ad
408 516 699 567 osculandum,
721 517 778 557 ita
811 518 858 556 ut
888 515 1027 567 posset
1054 513 1116 553 illi
1145 513 1224 553 dici
1250 526 1274 554 a

249 585 411 627 Christo
427 586 529 627 illud
541 592 576 628 ²:
603 602 622 626 ((
637 587 776 628 Favus
795 585 998 627 distillans
1015 583 1127 624 labia
1145 586 1268 624 tua.»

249 655 478 708 Unguenta
494 658 732 699 serviebant
750 657 802 698 ad
821 655 1090 707 ungendum,
1110 657 1159 695 ut
1177 665 1273 706 pos-

248 729 308 767 set
327 727 406 767 sibi
430 728 510 768 dici
534 728 636 768 illud
656 732 669 754 ³
692 741 701 767 ε
736 742 754 765 ((
779 726 1005 768 Curremus
1033 724 1077 765 in
1100 724 1273 765 odorem

248 800 571 850 unguentorum
590 801 779 839 tuorum.
797 812 817 835 n

302 867 459 920 Tertio,
492 870 700 922 quantum
727 869 779 909 ad
801 867 1081 909 temeritatem
1098 865 1270 919 ¹iudicii,

247 941 417 991 propter
445 940 558 992 quod
589 942 732 980 tamen
758 951 844 980 non
878 939 958 979 fuit
987 938 1176 990 repulsa,
1209 936 1272 978 di-

246 1008 300 1049 cit
334 1009 390 1062 (v.
419 1009 481 1063 39)
508 1024 517 1051 :
557 1010 710 1053 Videris
746 1013 886 1052 autem
919 1009 1162 1051 Pharisoeus
1198 1009 1275 1060 qui

246 1083 470 1123 vocaverat
498 1091 611 1131 cum,
649 1081 701 1121 ad
732 1080 977 1122 convivium
1006 1079 1182 1127 scilicet;
1209 1079 1271 1119 vi-

246 1149 362 1200 dens,
388 1150 580 1203 inquam,
611 1151 731 1192 oculo
762 1163 847 1191 non
878 1150 1070 1203 simplici,
1105 1150 1177 1190 sed
1198 1162 1271 1190 ne-

246 1232 394 1272 quam,
430 1223 471 1261 et
507 1233 608 1262 vere
638 1233 848 1274 nequam,
884 1221 1004 1274 quia,
1038 1220 1273 1261 secundum

245 1290 349 1331 illud
368 1294 382 1315 ⁵
407 1304 416 1331 :
451 1305 470 1329 (‹
489 1282 604 1332 Bona
634 1292 679 1332 in
710 1292 872 1332 malum
897 1293 1145 1332 convertens
1171 1290 1271 1330 insi-

244 1361 400 1411 diatur,
416 1363 457 1401 et
469 1362 513 1401 in
527 1361 666 1402 electis
680 1362 866 1414 imponet
885 1361 1147 1402 maculam.»
1168 1361 1273 1401 Item

244 1431 574 1474 Ecclesiasticus
594 1431 636 1472 ⁵:
666 1431 921 1482 «Memento,
952 1430 1155 1484 quoniam
1184 1443 1272 1471 ma-

243 1503 310 1545 lus
329 1506 392 1545 est
405 1503 554 1545 oculus
567 1516 767 1557 nequam.
790 1518 808 1541 »
828 1503 878 1545 Et
895 1504 1087 1556 sequitur
1109 1518 1117 1544 :
1143 1519 1161 1542 a
1188 1502 1270 1544 Ne-

244 1575 372 1627 quius
391 1575 512 1616 oculo
532 1575 633 1628 quid
652 1577 841 1616 creatum
861 1576 948 1615 est?
965 1589 984 1612 ›)
1007 1574 1057 1614 Et
1076 1574 1168 1615 ideo
1187 1574 1270 1615 tale

245 1645 490 1687 convivium
509 1656 596 1685 11011
617 1646 678 1685 est
695 1644 880 1685 multum
899 1645 1203 1697 acceptandum
1224 1649 1237 1671 ὅ
1258 1657 1268 1685 :

251 1730 270 1754 ε(
289 1714 350 1756 Νο
369 1716 562 1757 comedas
583 1728 680 1757 cum
700 1716 872 1757 homine
893 1716 1052 1766 invido,
1076 1717 1116 1756 et
1132 1728 1185 1756 ne
1205 1716 1272 1757 de-

245 1786 402 1827 sideres
420 1787 563 1828 cibum
593 1789 685 1840 ejus
709 1802 717 1827 :
743 1787 945 1840 quoniam
965 1787 1009 1826 in
1035 1786 1271 1827 similitudi-

244 1869 344 1898 nem
393 1858 513 1899 arioli
560 1861 601 1899 et
648 1858 893 1911 conjectoris
936 1857 1115 1898 aestimat
1158 1858 1271 1910 quod

245 1927 430 1979 ignorat.
454 1928 631 1969 Comede
650 1931 691 1969 et
709 1929 820 1979 bibe,
843 1928 941 1968 dicit
960 1928 1035 1968 tibi
1059 1942 1067 1968 :
1091 1930 1130 1968 et
1150 1940 1270 1968 mens

244 2001 336 2051 ers
354 2012 440 2040 non
459 2002 520 2041 est
547 2002 702 2040 tecum.
726 2014 745 2037 n
772 1999 822 2040 Et
840 1999 933 2039 talis
952 2001 1041 2040 erat
1061 1998 1138 2039 iste
1159 1998 1270 2039 Pha-

242 2070 414 2120 risaeus3
436 2071 546 2123 quod
566 2072 678 2123 patet
698 2082 772 2123 per
790 2070 894 2110 illud
911 2070 1022 2122 quod
1044 2069 1240 2110 subditur
1258 2084 1266 2110 :

242 2141 319 2182 Ait
337 2141 455 2182 intra
473 2151 527 2191 se,
549 2140 718 2191 dicens,
741 2140 896 2180 scilicet
916 2139 1141 2191 cogitando
1161 2140 1271 2180 sicut

241 2210 474 2263 hypocrita,
509 2211 559 2252 de
593 2223 679 2264 quo
708 2211 779 2254 Job
804 2210 849 2251 ⁷:
890 2209 1123 2262 «Concepit
1158 2209 1269 2250 dolo-

240 2293 346 2332 rem,
375 2284 415 2322 et
439 2282 601 2335 peperit
624 2281 910 2334 iniquitatem,
933 2283 974 2321 et
1001 2283 1149 2320 uterus
1177 2281 1268 2331 ejus

239 2354 450 2404 praeparat
470 2352 600 2393 dolos.
625 2366 644 2389 1)
670 2351 787 2392 Unde
815 2351 1007 2403 sequitur
1022 2350 1233 2402 ¹iudicium
1254 2364 1262 2389 ε

239 2421 323 2462 Hic
351 2422 391 2463 si
418 2425 525 2464 esset
549 2421 766 2474 propheta,
792 2422 918 2463 sciret
948 2422 1093 2472 utique
1118 2431 1211 2472 quoe
1231 2424 1268 2462 ec

238 2490 380 2543 qualis
408 2495 471 2534 esc
501 2492 665 2542 mulier,
700 2503 793 2544 quse
824 2492 963 2544 tanqii
1002 2501 1107 2532 cum.
1135 2490 1185 2530 Et
1209 2490 1266 2530 ita

233 2561 454 2614 Judieahat
472 2574 569 2602 eum
589 2574 674 2603 non
691 2574 780 2603 esse
799 2561 1070 2615 prophetam,
1094 2561 1167 2602 sed
1186 2560 1263 2601 ho-

236 2632 396 2673 minem
433 2633 703 2684 ignorantem
719 2664 730 2683 ,
769 2632 912 2672 dicens
950 2631 994 2671 in
1026 2631 1149 2672 corde
1187 2643 1264 2671 suo

235 2702 340 2743 illud
356 2703 390 2744 ⁸:
418 2702 586 2755 «Signa
599 2706 741 2744 nostra
759 2715 845 2744 non
861 2702 1060 2751 vidimus,
1068 2704 1159 2754 jam
1178 2713 1264 2742 non

236 2775 299 2813 est
317 2772 536 2826 propheta.
555 2787 574 2811 n
613 2773 692 2814 Sed
711 2773 810 2814 huic
829 2775 964 2826 potest
994 2773 1073 2813 dici
1092 2772 1196 2813 illud
1215 2775 1228 2797 ⁹
1251 2784 1261 2812 :

241 2858 260 2883 (ι
278 2844 346 2884 An
364 2856 450 2885 non
470 2844 647 2896 cogitas,
669 2843 782 2896 quod
809 2843 918 2883 Deus
937 2843 1140 2883 excelsior
1159 2843 1263 2883 coelo

235 2914 300 2965 sit,
321 2917 361 2955 et
380 2926 508 2967 super
527 2913 744 2954 stellarum
763 2913 966 2954 verticem
985 2913 1262 2954 sublimetur?

238 2984 290 3025 Et
311 2985 412 3026 dicis
433 2999 441 3026 :
465 2985 575 3034 Quid
605 2985 719 3026 enim
747 2985 868 3026 novit
899 2985 1041 3026 Deus?
1073 2987 1114 3026 et
1141 2985 1262 3038 quasi

234 3066 309 3106 per
341 3056 568 3108 caliginem
598 3056 813 3109 judicat.»
860 3056 942 3097 Sed
985 3059 1096 3098 certe
1135 3056 1262 3109 «ipse

235 3125 354 3165 novit
380 3126 424 3166 in
449 3126 632 3167 tenebris
659 3126 896 3177 constituta,
921 3130 962 3168 et
992 3127 1068 3168 lux
1088 3139 1186 3167 cum
1212 3138 1261 3168 eo

236 3195 312 3244 est,
329 3207 348 3231 1)
377 3195 482 3236 sicut
497 3196 648 3237 dicitur
662 3197 708 3237 ¹⁰.
723 3196 773 3238 Et
792 3198 890 3237 nota
909 3198 1022 3250 quod
1041 3198 1122 3238 1100
1136 3197 1261 3238 1110ὀο

280 3277 286 3294 ¹
313 3275 424 3316 Cant„
451 3285 498 3318 lv,
523 3280 553 3309 9.
578 3295 618 3301 -
643 3279 653 3297 ²
681 3279 779 3319 lbid.,
810 3282 859 3311 11.
887 3297 927 3303 —
949 3279 963 3301 3
986 3279 1085 3320 lbid.,
1110 3287 1142 3319 1,
1169 3281 1199 3311 3.
1223 3297 1258 3302 -

237 3321 247 3340 ⁴
269 3322 388 3360 Iit-cli„
409 3331 458 3363 XI,
479 3325 530 3355 33.
558 3342 592 3347 —
620 3326 632 3345 ⁵
657 3325 756 3366 lbid.,
784 3334 885 3366 xxxi,
913 3329 964 3367 14,
988 3330 1036 3359 15.
1058 3344 1097 3350 —
1116 3327 1128 3348 ⁶
1148 3327 1259 3367 Prov„

237 3374 346 3407 xxm,
367 3370 404 3408 6,
428 3370 458 3400 7.
480 3386 519 3393 —
539 3371 549 3389 ⁷
567 3371 644 3410 Job,
664 3380 720 3412 xv,
741 3374 792 3404 35.
816 3390 852 3396 -—
873 3373 887 3396 ⁸
906 3373 997 3405 Psal.
1018 3381 1149 3413 Lxxui,
1171 3375 1201 3404 9.
1220 3390 1260 3396 —

237 3415 250 3439 ⁹
268 3415 340 3455 lob,
361 3423 446 3457 XXII,
472 3419 519 3458 12,
541 3420 589 3450 13.
611 3436 650 3443 —
671 3421 695 3442 ί·
715 3420 812 3460 Dan„
833 3429 872 3462 11,
893 3424 945 3454 22.
965 3440 1007 3446 —
1029 3423 1049 3444 ¹¹
1069 3422 1179 3460 Prov„
1199 3428 1256 3460 xv,

2289 151 2363 189 411

1350 243 1403 273 ex
1422 242 1523 273 vero
1543 230 1714 271 cadebat
1742 231 1787 271 in
1813 233 1982 274 falsum.
2020 233 2288 276 Manifestum
2307 238 2369 277 est

1349 301 1462 342 enim
1481 301 1593 354 quod
1613 301 1722 342 Deus
1741 304 1782 343 et
1807 303 1934 343 homo
1960 303 2131 344 divinus
2162 307 2280 346 novit
2299 319 2369 347 oc·-

1350 373 1462 414 culta
1480 385 1565 414 non
1585 373 1724 414 solum
1741 374 1965 425 bonorum,
1989 375 2057 415 sed
2088 375 2213 415 etiam
2236 377 2369 418 malo-

1349 455 1447 484 rum
1467 445 1494 469 ¹¹
1518 457 1558 484 z«
1578 443 1624 484 In
1643 445 1759 484 omni
1776 444 1868 485 loco
1881 445 1991 486 oculi
2008 444 2175 485 Domini
2188 448 2371 486 contem-

1348 514 1519 566 plantur
1538 514 1669 555 bonos
1689 516 1729 555 et
1747 515 1896 555 malos.
1923 529 1942 552 »
1967 513 2048 556 Sed
2078 514 2122 554 in
2150 515 2230 555 hoc
2254 527 2371 556 erra-

1348 584 1432 633 bat,
1455 584 1554 636 quia
1573 585 1652 624 hoc
1680 585 1873 626 credebat
1905 585 2119 626 Christum
2144 585 2342 636 ignorare
2358 617 2369 636 ,

1348 654 1451 694 dum
1488 666 1532 694 se
1570 656 1837 706 permittebat
1867 668 1891 696 a
1930 656 2108 697 muliere
2144 655 2372 708 peccatrice

1348 722 1554 774 contingi.
1570 723 1688 764 Unde
1706 724 1833 765 etiam
1851 726 1902 766 de
1921 726 2012 779 ipsa
2032 726 2140 766 male
2156 725 2373 778 jndicahat

1348 792 1552 833 dicendo:
1581 794 1689 840 Quia
1716 796 1935 847 peccatrix
1963 800 2040 845 esc,
2075 796 2196 849 quasi
2228 796 2368 837 dicat:

1347 863 1441 905 Non
1460 864 1639 915 admitti,
1663 865 1733 905 sed
1754 866 1898 918 repelli
1915 866 2097 907 deberet.
2120 867 2195 907 Hic
2214 869 2302 907 erat
2322 867 2373 908 de

1348 935 1432 975 11115
1452 936 1503 976 (10
1523 935 1678 989 quibus
1698 937 1840 978 lsaias
1861 938 1890 961 12
1909 950 1944 978 :a
1959 937 2117 978 Recede
2136 950 2161 977 a
2180 950 2263 989 me,
2285 950 2373 979 non

1347 1006 1657 1059 appropinques
1671 1006 1790 1057 mihi,
1805 1007 1905 1059 quia
1923 1007 2169 1049 immundus
2188 1020 2246 1049 05.
2265 1022 2284 1046 ι)
2305 1008 2373 1049 Sic

1347 1076 1474 1116 etiam
1505 1077 1610 1117 alter
1643 1076 1886 1117 Pharisaeus
1912 1077 2075 1118 dicebat
2105 1078 2155 1119 de
2178 1078 2374 1119 Publica-

1348 1158 1404 1187 no
1418 1147 1446 1169 ¹³
1471 1158 1510 1187 z«
1527 1147 1688 1187 Gratias
1709 1159 1794 1199 ago
1813 1147 1903 1198 tibi,
1925 1148 2025 1201 quia
2042 1159 2130 1189 non
2149 1160 2244 1189 sum
2266 1149 2373 1190 sicut

1348 1220 1488 1260 caeteri
1507 1219 1746 1270 hominum,
1767 1222 1971 1273 raptores,
1995 1220 2157 1273 injusti,
2173 1220 2369 1271 adulteri,

1348 1290 1465 1331 velut
1492 1290 1618 1331 etiam
1646 1290 1715 1330 hic
1738 1290 2004 1343 publicanus,
2025 1305 2044 1327 »
2070 1292 2148 1330 etc.
2175 1289 2252 1330 Hic
2272 1302 2372 1343 per-

1346 1372 1468 1401 verse
1489 1363 1529 1400 et
1547 1360 1657 1401 male
1680 1361 1920 1412 judicabat;
1950 1363 2153 1402 ettamen
2182 1361 2372 1403 Christus

1346 1432 1516 1482 propter
1550 1432 1644 1482 cJus
1676 1430 1836 1470 malum
1861 1430 2070 1482 J’udicium
2097 1442 2184 1471 non
2212 1431 2372 1472 dimisit

1345 1501 1482 1540 facere
1512 1500 1860 1540 misericordiam.
1900 1500 1957 1541 De
1987 1512 2072 1553 quo
2106 1513 2234 1553 supra
2264 1500 2372 1542 dixit

1346 1570 1570 1610 Pharisaeis
1589 1570 1617 1593 1¹⁹
1639 1585 1677 1611 2«
1691 1570 1784 1611 Non
1803 1573 1931 1623 egent
1950 1571 2024 1624 qui
2043 1571 2134 1611 sani
2153 1576 2267 1622 sunt,
2288 1584 2371 1612 me-

1345 1641 1463 1692 dico;
1485 1642 1556 1682 sed
1580 1643 1653 1695 qui
1682 1642 1792 1683 male
1821 1642 1992 1683 habent.
2029 1642 2121 1683 Non
2140 1642 2252 1682 enim
2272 1644 2371 1685 veni

1345 1723 1495 1753 vocare
1517 1713 1679 1764 justos,
1713 1713 1783 1753 sed
1813 1715 2049 1765 peccatores
2077 1713 2130 1754 ad
2164 1714 2368 1765 poeniten-

1343 1782 1497 1823 tiam.»
1517 1782 1671 1834 Magna
1690 1794 1796 1834 ergo
1824 1783 2109 1824 misericordia
2128 1784 2277 1825 Christi
2292 1785 2371 1825 fuit

1343 1855 1510 1893 ostensa
1529 1853 1574 1893 in
1599 1853 1859 1905 susceptione
1879 1854 2118 1906 peccatricis
2136 1854 2368 1895 accedentis

1343 1923 1394 1964 ad
1415 1923 1565 1964 Christi
1585 1925 1823 1964 contactum
1842 1924 1949 1964 inter
1971 1925 2117 1977 epulas
2137 1926 2366 1967 convivan-

1342 1994 1466 2044 tium,
1484 1996 1525 2034 et
1542 1994 1748 2034 versutias
1763 1995 2060 2047 judicantium.
2078 1996 2126 2036 In
2140 2009 2223 2049 quo
2241 1997 2369 2038 simul

1343 2065 1662 2105 commendatur
1677 2064 1825 2105 Christi
1842 2065 2062 2106 clementia
2075 2069 2115 2107 et
2130 2068 2370 2120 peccatricIS

1341 2135 1600 2189 poenitentia.
1643 2135 1760 2176 Unde
1791 2135 2020 2188 Gregorius
2037 2137 2095 2177 1⁵³:
2126 2138 2369 2190 «Cogitanti

1341 2206 1447 2246 mihi
1466 2206 1516 2246 de
1535 2206 1679 2247 Mariae
1700 2207 1961 2258 poenitentia,
1977 2208 2079 2249 flere
2095 2208 2233 2260 magis
2253 2208 2365 2260 libet,

1340 2290 1471 2330 quam
1490 2277 1648 2330 aliquid
1663 2277 1815 2319 dicere.
1833 2278 1904 2331 Cuj
1912 2291 1961 2319 us
1975 2279 2090 2320 enim
2106 2279 2173 2320 vel
2191 2292 2368 2321 saxeum

1339 2350 1484 2400 pectus
1520 2347 1604 2388 illae
1642 2348 1772 2400 hujus
1806 2349 2048 2400 peccatricis
2081 2349 2281 2403 lacrymae
2316 2352 2369 2391 ad

1339 2417 1584 2469 exemplum
1604 2417 1837 2469 poenitendi
1857 2429 1943 2458 non
1962 2418 2211 2460 emolliant?
2231 2420 2368 2473 Super

1339 2488 1614 2529 convivantes
1635 2488 1826 2538 ingressa
1844 2490 1920 2538 est,
1942 2488 2053 2529 inter
2072 2490 2216 2542 epulas
2235 2491 2367 2543 lacry-

1339 2569 1428 2597 mas
1447 2557 1574 2608 fudit3
1598 2557 1698 2609 quid
1717 2569 1821 2609 ergo
1841 2557 2081 2599 miramur?
2102 2559 2278 2600 Mariam
2297 2573 2366 2603 ve-

1336 2627 1538 2678 nientem,
1561 2627 1628 2668 vel
1647 2627 1876 2668 Dominum
1904 2629 2233 2682 suscipientem?
2262 2631 2366 2672 Sus-

1336 2698 1369 2738 01
1374 2698 1559 2750 pientem
1573 2698 1723 2746 dicam,
1742 2710 1798 2738 an
1812 2699 2049 2740 trahentem
2062 2701 2081 2739 ?
2097 2699 2177 2740 Sed
2195 2701 2362 2752 melius,

1335 2771 1634 2824 suscipientem
1662 2774 1702 2811 et
1732 2771 1993 2823 trahentem,
2023 2773 2125 2826 quia
2158 2773 2364 2815 nimirum

1334 2841 1403 2882 ille
1423 2854 1497 2894 per
1517 2842 1849 2883 misericordiam
1874 2843 2003 2883 traxit
2023 2843 2136 2883 intus
2152 2875 2162 2894 ,
2190 2846 2264 2897 qui
2288 2858 2363 2899 per

1334 2913 1709 2954 mansuetudinem
1729 2913 1910 2965 suscepit
1938 2913 2052 2954 foris.
2074 2928 2093 2951 »
2129 2914 2179 2955 Et
2198 2918 2261 2956 est
2294 2917 2362 2956 1110

1334 2984 1548 3025 moraliter
1566 2983 1815 3035 notandum,
1831 2983 1943 3036 quod
1957 2983 2002 3023 in
2019 2983 2088 3024 his
2099 2995 2173 3025 sex
2187 2997 2283 3038 quae
2303 2986 2358 3026 di·

1333 3057 1488 3095 cuntur
1507 3055 1558 3095 de
1576 3055 1655 3095 hac
1681 3054 1909 3107 peccatrice
1930 3055 2159 3107 poenitente
2173 3088 2182 3106 ,
2206 3057 2359 3097 scilicet

1333 3128 1445 3179 quod
1464 3128 1576 3167 retro
1595 3126 1730 3166 stabat
1749 3137 1869 3166 secus
1882 3126 2021 3178 pedes,
2033 3127 2212 3179 J'acebat,
2228 3127 2360 3180 lacry-

1332 3197 1413 3237 mis
1430 3197 1615 3249 rigabat,
1633 3195 1791 3249 capillis
1808 3196 2015 3248 tergebat,
2034 3197 2304 3238 osculabatur
2317 3201 2358 3239 et

1332 3310 1362 3341 3.
1388 3325 1423 3331 —-
1447 3309 1473 3331 ¹²
1495 3309 1574 3349 Isa„
1595 3315 1673 3346 va,
1693 3310 1725 3339 5.
1749 3324 1788 3331 —
1811 3309 1832 3327 ¹³
1854 3308 1930 3349 lnf.,
1956 3316 2062 3347 xv111,
2085 3310 2135 3339 1¹.
2152 3326 2193 3332 —
2215 3309 2238 3331 ¹⁶
2258 3310 2356 3351 Sup.,

1331 3362 1364 3395 V,
1384 3357 1435 3395 31,
1457 3356 1506 3387 32.
1527 3373 1567 3379 —-
1588 3356 1614 3378 ¹⁵
1632 3356 1748 3396 Greg.,
1767 3355 1832 3387 loc.
1852 3355 2007 3396 proxime
2027 3355 2084 3387 cit.

1373 3419 1417 3460 (a)
1438 3420 1520 3453 Caet.
1541 3419 1620 3452 edit.
1639 3420 1824 3461 lacrymam
1840 3422 1943 3463 tuam.

2397 2935 2466 2967 Qun
2475 2942 2520 2961 ve-

2381 2983 2431 3002 rus
2457 2983 2518 3009 poe-

2402 3015 2498 3041 nitens

2398 3055 2505 3082 habere

2379 3096 2494 3124 debeat.
