2634 3853
1022 123 1295 165 EXPOSITIO
1323 123 1378 164 IN
1409 122 1522 164 CAP.
1555 122 1606 163 II.
2301 131 2377 172 255

1405 213 1452 252 In
1471 213 1551 252 hac
1569 214 1712 252 autem
1731 211 2010 263 descriptione
2025 214 2275 255 universalis
2294 216 2378 256 im-

1350 283 1471 336 perii,
1516 282 1669 336 triplex
1704 283 1876 322 notatur
1904 282 2150 324 excellentia
2173 315 2184 333 ,
2224 285 2379 326 scilicet

95 224 146 253 bet
180 225 231 252 ha·
254 217 492 274 perfectioni
521 214 724 269 propriae,
757 217 797 255 et
827 214 976 256 deinde
1009 213 1277 254 aedificationi

95 265 232 334 12:333-
253 289 398 329 alienae
411 316 421 334 ,
443 284 542 338 quia
567 285 690 337 cujus
709 284 796 325 vita
814 283 1052 337 despicitur,
1079 283 1209 323 restat
1228 284 1275 321 ut

103 348 228 383 propriae

110 389 221 415 salutis.

253 362 342 412 ejus
361 357 606 411 praedicatio
633 359 944 397 contemnatur.
973 355 1110 407 Hujus
1135 354 1278 405 figura

250 427 462 482 praecessit
489 428 533 467 in
561 428 674 477 Elia,
703 428 776 481 qui
802 427 916 480 prius
943 425 1045 466 abiit
1070 425 1114 464 in
1136 425 1275 465 deser-

252 504 366 551 tum,
400 502 441 541 et
467 501 663 553 pervenit
688 500 740 541 ad
765 500 952 540 montem
975 497 1048 538 Dei
1075 497 1117 537 in
1147 496 1271 547 Oreb,

250 570 324 611 ubi
342 571 514 611 edoctus
531 573 613 612 est:
637 574 677 612 et
694 572 786 623 post
801 568 1006 622 sequitur,
1029 568 1140 620 quod
1155 568 1277 607 unxit

249 653 389 693 regeS,
407 645 448 683 et
467 641 693 696 prophetas
711 640 763 682 ad
782 640 975 693 regimen
995 639 1141 692 populi
1159 638 1246 679 Dei.

1352 354 1549 406 potentiae
1580 353 1624 393 in
1649 352 1955 405 praecipiendo,
1987 354 2206 406 sapientiae
2227 355 2271 395 in
2293 356 2380 396 dis-

1352 425 1582 474 cernendo,
1604 427 1644 464 et
1658 424 1833 476 311511ῐίεο
1870 424 1914 464 111
1934 425 2225 478 prosequendo
2249 440 2256 464 :
2278 425 2379 478 quia

1352 495 1444 535 haec
1470 495 1550 534 tria
1569 496 1713 535 futura
1731 498 1851 536 erant
1869 496 1914 535 in
1935 494 2122 547 Christo,
2145 496 2381 537 secundum

1353 565 1456 605 illud
1475 567 1669 607 Jeremioe
1687 570 1700 590 2
1725 581 1732 607 :
1765 581 1784 604 «
1802 566 1906 607 Ecce
1937 567 2025 608 dies
2059 567 2259 618 veniunt,
2281 568 2382 608 dicit

1353 635 1579 686 Dominus,
1619 639 1659 676 et
1684 636 1893 677 suscitabo
1930 637 2059 679 David
2090 650 2270 690 germen
2286 639 2381 691 jus-

1353 709 1446 747 tum
1472 720 1481 746 ι
1506 709 1547 747 et
1564 707 1763 758 regnabit
1781 719 1858 748 rex
1883 722 1890 748 :
1914 722 1932 746 n
1960 720 2053 749 ecce
2074 710 2273 762 potentia.
2302 709 2384 750 «Et

1353 777 1519 830 sapiens
1544 777 1622 818 erit
1659 791 1668 818 ε
1708 792 1728 816 ))
1761 790 1854 819 0000
1884 779 2101 831 sapientia.
2143 795 2162 818 α
2193 780 2244 821 Et
2262 780 2384 821 faciet

596 802 628 846 C
638 801 676 845 A
687 801 723 844 P
734 800 774 844 U
783 800 818 844 Τ
864 800 927 843 ΙΙ.
1349 848 1560 901 judicium
1580 852 1620 889 et
1633 848 1841 901 justitiam
1853 849 1897 889 in
1907 851 2039 890 terra:
2059 864 2077 887 »
2097 862 2191 891 ecce
2203 851 2380 903 Justitia,

111 931 231 977 Upiver-
303 929 341 965 1.
363 925 541 968 Factum
566 929 626 967 est
654 928 797 967 autem
822 924 871 965 in
897 922 1043 965 diebus
1062 922 1173 973 illis,
1197 924 1274 962 etc.
1352 923 1400 961 ut
1413 920 1463 961 sit
1483 920 1528 960 in
1545 932 1594 961 eo
1612 919 1856 960 omnimoda
1871 920 2083 973 perfectio.
2101 921 2315 970 Quantum
2330 922 2383 963 ad

91 972 229 1040 531ὲίζὲ-
251 995 490 1038 Terminata
515 998 633 1050 parte
652 996 745 1046 illa,
769 995 815 1035 in
834 1007 917 1048 qua
938 994 1085 1046 agitur
1105 993 1154 1034 de
1178 1005 1274 1033 con-
1353 991 1643 1032 excellentiam
1682 992 1727 1031 in
1762 991 2064 1044 praecipiendo,
2099 991 2198 1032 dicit
2221 1007 2229 1033 ε
2253 993 2384 1035 Eoet’t‘t

90 1055 166 1129 {¹1¹3}
167 1055 231 1130 {2533
250 1071 372 1120 ceptu
391 1066 620 1110 Salvatoris
647 1067 692 1107 in
713 1068 854 1116 utero,
885 1065 1076 1118 sequitur
1095 1076 1192 1118 pars
1213 1076 1277 1104 se·
1353 1063 1540 1106 edictum
1561 1075 1587 1105 a
1610 1063 1771 1105 Caesare
1791 1064 1994 1115 Auqusto,
2017 1066 2065 1105 ut
2077 1062 2384 1106 describeretur

90 1136 165 1164 ¹³50·
249 1138 408 1188 cienda,
436 1138 479 1177 in
507 1149 592 1190 qua
615 1137 761 1189 agitur
779 1137 829 1177 de
849 1138 946 1176 ortu
967 1135 1196 1176 Salvatoris
1225 1147 1277 1175 ex

249 1212 382 1259 uter03
401 1210 442 1249 et
454 1208 534 1255 hoc
546 1208 642 1248 facit
658 1208 702 1247 in
719 1207 915 1259 praesenti
930 1205 1127 1259 capitulo.
1144 1205 1279 1246 Habet

248 1282 390 1319 autem
423 1279 516 1319 haec
547 1290 643 1331 pars
674 1278 782 1318 'duas
814 1280 975 1329 partes,
1014 1277 1059 1316 in
1094 1289 1278 1329 quarum

246 1350 386 1403 prima
406 1350 712 1391 determinatur
739 1349 968 1390 nativitatis
988 1347 1139 1389 Christi
1165 1348 1277 1388 veri-

246 1424 331 1471 tas3
354 1421 400 1461 in
424 1420 609 1462 secunda
635 1420 939 1461 determinatur
960 1420 1168 1460 nascentis
1186 1420 1273 1459 hu-

247 1492 416 1533 militas.
431 1493 538 1542 Quia
556 1492 672 1533 enim
688 1492 875 1533 Christus
896 1492 938 1531 in
962 1492 1180 1533 nativitate
1200 1503 1278 1531 sua

2444 1155 2541 1188 Impe·=

1354 1141 1579 1178 universus
1600 1135 1726 1177 orbis.
1752 1134 1889 1176 Caesar
1919 1134 1997 1175 iste
2025 1134 2253 1186 Augustus
2283 1147 2380 1187 pro-

1354 1207 1446 1259 prio
1469 1207 1642 1247 nomine
1685 1206 1763 1247 fuit
1794 1204 2073 1256 Octavianus3
2109 1205 2179 1246 sed
2219 1218 2243 1246 a
2273 1205 2383 1247 ι111110
2410 1195 2536 1262 ᾗζξζζῗ,

1353 1278 1540 1329 Caesare,
1571 1278 1646 1331 qui
1677 1281 1800 1319 antea
1828 1277 2135 1330 imperaverat,
2170 1278 2307 1319 Caesar
2323 1281 2384 1319 est
2403 1284 2542 1345 ὓζῗῐξὲ

1353 1349 1707 1401 cognominatus,
1748 1361 1771 1388 a
1806 1360 1891 1400 quo
1923 1360 2071 1388 omnes
2108 1348 2384 1401 imperatores
2435 1367 2515 1406 sque-s

1352 1420 1519 1460 romani
1537 1422 1681 1472 postea
1701 1418 1885 1459 Caesares
1906 1418 2000 1459 dicti
2029 1422 2141 1459 sunt.
2420 1401 2544 1476 Ᾰῖἓῖζῃ

1407 1490 1488 1531 Iste
1522 1490 1649 1530 etiam
1699 1490 1833 1530 dictus
1882 1491 1945 1530 est
1994 1489 2242 1541 Augustus,
2283 1490 2385 1542 quia

2421 1483 2529 1509 cursio

2420 1523 2527 1552 vocati.

1354 1561 1671 1614 Rcmpublicam
1693 1560 1834 1610 auxit;
1858 1564 1898 1600 et
1931 1560 1983 1601 ab
2013 1560 2093 1601 isto
2129 1572 2276 1601 omnes
2312 1561 2384 1601 alii

247 1563 379 1604 factus
398 1566 460 1604 est
478 1575 532 1604 ex
551 1563 729 1604 muliere
743 1595 753 1613 ,
777 1566 817 1603 et
842 1564 974 1603 factus
993 1565 1055 1603 est
1076 1564 1154 1603 sub
1183 1563 1278 1615 lege

248 1645 323 1686 per
354 1633 666 1683 humilitatem;
704 1633 797 1674 ideo
828 1635 1060 1686 utrumque
1098 1634 1279 1686 pertinet

248 1703 300 1744 ad
319 1703 637 1756 Evangelistam
658 1704 951 1745 determinare.
975 1704 1026 1745 Et
1049 1704 1194 1757 incipit
1213 1717 1276 1745 se-

249 1775 386 1815 cunda
411 1787 510 1828 pars
535 1775 594 1815 ibi
623 1775 688 1828 (V.
712 1777 785 1826 21)
806 1790 813 1815 τ
846 1776 900 1817 Et
926 1780 1150 1828 postquam
1178 1786 1275 1818 con-

249 1848 453 1890 summati
481 1851 584 1890 sunt
620 1847 710 1889 dies
743 1850 857 1897 octo,
891 1850 969 1888 etc.
1004 1847 1149 1888 Prima
1183 1859 1279 1900 pars

248 1917 373 1958 habet
391 1920 475 1958 tres
493 1920 652 1971 partes,
673 1919 719 1959 in
738 1931 921 1971 quarum
942 1919 1080 1970 prima
1100 1919 1279 1959 ostendi-

247 1990 332 2039 tur,
360 1988 542 2040 qualiter
567 1989 718 2030 Christi
747 1989 946 2031 nativitas
971 1990 1050 2030 fuit
1080 2001 1278 2030 consum-

247 2046 378 2109 mata;
405 2058 451 2099 in
478 2060 682 2110 secunda,
717 2060 899 2113 qualiter
927 2061 980 2101 ab
1006 2061 1172 2113 angelis
1198 2073 1278 2101 an-

246 2129 453 2181 nuntiata,
472 2130 532 2170 ibi
553 2132 616 2181 (v.
635 2131 678 2184 8)
697 2146 705 2172 :
729 2131 785 2174 Εῑ
800 2135 991 2183 pastores
1012 2137 1135 2175 erant
1153 2133 1200 2174 in
1220 2143 1278 2175 re-

246 2201 382 2253 aione,
392 2203 470 2242 etc.
478 2215 488 2252 3
501 2202 545 2242 in
553 2202 689 2253 tertia,
704 2202 885 2255 qualiter
898 2215 971 2255 per
984 2206 1173 2256 pastores
1186 2216 1274 2243 ma-

183 2304 186 2307 .
246 2271 439 2313 nifestata
459 2275 500 2313 et
518 2272 753 2324 divulgata,
775 2273 834 2313 ibi
857 2274 913 2325 (v.
930 2275 992 2324 15)
1015 2288 1024 2313 :
1046 2274 1099 2315 Ec
1117 2275 1277 2325 factam

248 2348 332 2394 est,
354 2348 402 2385 ut
423 2343 730 2392 discesserunt,
762 2346 840 2384 etc.
864 2344 1008 2384 Prima
1035 2356 1132 2397 pars
1151 2345 1278 2384 habet

248 2415 335 2458 tres
360 2416 517 2466 partes,
546 2414 748 2466 quoniam
769 2414 821 2454 ad
841 2414 1107 2455 nativitatem
1128 2414 1277 2455 Salva-

248 2483 351 2524 toris
361 2484 697 2537 exprimendam,
711 2487 873 2537 oportet
881 2485 1098 2537 assignare
1109 2488 1278 2538 tempus

248 2557 289 2598 et
307 2554 463 2607 locum,
479 2558 520 2596 et
538 2556 727 2608 pariendi
741 2557 932 2597 modum.
951 2557 1154 2598 Describit
1166 2569 1272 2609 ergo

248 2624 520 2678 Evangelista
540 2626 584 2666 in
598 2627 735 2679 prima
753 2629 871 2680 parte
884 2630 1050 2680 tempus
1065 2627 1251 2668 debitum
1264 2643 1273 2679 ;

247 2696 290 2737 in
302 2697 498 2749 secunda,
511 2697 653 2739 locum
671 2698 886 2750 idoneum,
903 2698 962 2738 ibi
977 2700 1033 2750 (ν.
1047 2698 1083 2751 [1)
1097 2710 1107 2738 :
1124 2699 1277 2741 Ascen-

247 2768 465 2812 ditautem
485 2772 524 2812 et
538 2769 686 2823 ,Ioseph
706 2781 732 2812 a
755 2770 946 2822 Galilaea,
970 2773 1076 2821 etc.,·
1092 2770 1136 2810 in
1154 2771 1276 2811 tertia

247 2852 350 2882 vero
361 2839 550 2892 Virginis
567 2843 752 2894 partum,
768 2841 827 2881 ibi
848 2843 912 2893 (v.
936 2842 979 2892 6)
998 2852 1008 2881 :
1025 2841 1202 2885 Factum
1216 2846 1278 2885 est

248 2914 403 2961 aulem,
424 2922 519 2954 cum
539 2915 687 2963 essent,
709 2914 787 2953 etc.
813 2912 998 2966 Tempus
1020 2915 1162 2953 autem
1183 2912 1276 2953 ido-

247 2992 377 3022 neum
395 2982 624 3025 nativitatis
644 2983 793 3026 Christi
812 2983 892 3024 fnit
911 2986 1078 3036 tempus
1097 2984 1272 3025 univer-

248 3050 346 3092 salis
361 3052 528 3106 imperii
547 3053 829 3105 describendi,
851 3054 973 3107 quia,
994 3056 1044 3095 ut
1062 3055 1160 3096 dicit
1181 3054 1276 3096 Gre-

251 3122 398 3173 gorius
415 3122 445 3174 1,
465 3124 570 3165 «ille
588 3125 785 3167 veniebat
804 3125 849 3166 in
869 3137 1010 3176 carne,
1031 3126 1106 3179 qui
1124 3125 1275 3167 electos

249 3203 347 3233 suos
362 3194 586 3237 ascriberet
600 3196 647 3237 in
666 3197 915 3238 aeternitate.
939 3211 958 3235 ›>

292 3324 303 3346 ¹
327 3324 442 3365 Greg„
467 3325 503 3355 in
528 3326 668 3368 Evanq„
693 3328 788 3360 hom.
812 3336 888 3360 vm.
908 3344 948 3351 -
975 3327 987 3346 ²
1011 3327 1144 3367 Jerem„
1171 3336 1273 3371 xxiii,

249 3373 279 3403 5.
293 3388 335 3394 —
348 3372 361 3390 ³
380 3373 536 3411 Dan-,11‚
555 3374 607 3405 40.
626 3392 668 3398 -
681 3375 694 3394 ⁴
708 3376 838 3414 Jerem„
857 3382 968 3416 XXVII,
986 3376 1017 3417 7,
1035 3376 1064 3408 8.
1080 3393 1122 3400 -
1139 3376 1152 3399 5
1173 3377 1270 3416 Dan„

247 3425 294 3460 11,
314 3419 367 3452 44.
386 3435 426 3443 —
446 3419 458 3438 ⁶
476 3418 566 3453 Psal.
587 3427 694 3462 xxm,
716 3425 744 3456 1.

1352 1633 1554 1673 dicuntur
1586 1632 1788 1684 Augusti.
1823 1631 1874 1671 Et
1908 1632 1984 1672 iste
2015 1618 2188 1684 protulit
2207 1632 2381 1673 univer-

1353 1704 1438 1744 sale
1469 1703 1677 1753 edictum,
1701 1702 1800 1754 quia
1831 1701 2072 1742 universale
2104 1702 2288 1743 habebat
2307 1703 2380 1743 do-

1352 1776 1556 1826 minium,
1579 1774 1727 1815 nonin
1753 1785 1900 1814 omnes
1930 1776 1970 1814 et
2002 1773 2221 1825 singulas,
2244 1774 2316 1815 sed
2336 1774 2382 1814 in

1352 1845 1602 1898 principales
1620 1844 1808 1886 universi
1838 1846 1993 1896 partes.
2016 1843 2133 1885 Unde
2152 1844 2380 1897 imperium

1353 1928 1479 1956 suum
1501 1915 1580 1956 fuit
1599 1927 1825 1966 magnum,
1846 1915 2079 1955 secundum
2096 1915 2201 1955 illud
2220 1916 2379 1957 Danie-

1353 1987 1406 2029 lis
1425 1987 1468 2027 ³:
1495 2002 1515 2025 α
1535 1986 1585 2027 Et
1604 1998 1793 2038 regnum
1821 1988 2021 2038 quartum
2044 1986 2123 2026 erit
2155 1986 2269 2027 velut
2303 1987 2381 2028 fer-

1351 2071 1464 2099 rum.
1488 2057 1708 2107 Quomodo
1727 2057 1889 2098 ferrum
1910 2057 2161 2098 comminuit
2180 2060 2220 2098 et
2239 2058 2381 2099 domat

1352 2130 1518 2180 omnia,
1561 2129 1619 2170 sic
1655 2128 1914 2169 comminuet
1952 2131 1993 2169 et
2023 2131 2209 2170 conteret
2238 2129 2382 2170 omnia

1352 2203 1457 2253 haec.
1477 2217 1496 2241 ›)
1517 2202 1604 2243 Hoc
1614 2202 1694 2243 fuit
1711 2201 1999 2242 Romanorum
2012 2201 2255 2254 imperium,
2269 2202 2382 2255 quod

1351 2273 1622 2325 designatum
1643 2273 1721 2313 fuit
1746 2284 1821 2325 per
1840 2272 2069 2324 imperium
2099 2272 2381 2314 Nabuchodo-

1351 2356 1491 2394 nosor,
1506 2345 1556 2384 de
1568 2343 1709 2397 quoin
1720 2344 1901 2384 Jeremt'a
1912 2344 1966 2393 (a)
1981 2345 1995 2367 ⁴
2011 2357 2050 2383 z«
2063 2342 2156 2395 Ego
2171 2343 2266 2384 dedi
2285 2355 2378 2384 om-

1351 2427 1426 2456 nes
1451 2417 1583 2455 terras
1613 2415 1716 2454 istas
1745 2413 1789 2453 in
1820 2425 1951 2453 manu
1978 2412 2377 2465 Nabuchodonosor,

1350 2486 1467 2538 regis
1504 2485 1730 2539 Babylonis
1766 2485 1878 2526 servi
1914 2485 2022 2536 mei,
2047 2487 2089 2526 et
2127 2486 2312 2526 servient
2342 2486 2380 2527 01

1351 2570 1497 2599 omnes
1534 2559 1697 2609 gentes.
1731 2555 1840 2596 Gens
1871 2559 2038 2606 autem,
2080 2558 2121 2596 et
2166 2568 2377 2609 regnum,

1351 2629 1465 2683 quod
1494 2640 1581 2669 non
1612 2627 1805 2670 servierit
1839 2625 2255 2679 Nabuchodonosor,
2276 2629 2378 2670 visi-

1350 2700 1447 2741 tabo
1468 2711 1595 2751 super
1627 2701 1798 2750 gentem
1826 2698 1943 2738 illam
1957 2693 2091 2750 ,dicit
2113 2698 2332 2740 Dominus.
2355 2714 2374 2737 n

1352 2770 1399 2811 In
1420 2770 1488 2810 his
1510 2770 1674 2820 diebus,
1696 2768 1851 2809 scilicet
1864 2769 1995 2821 huJus
2006 2770 2142 2822 regni,
2167 2773 2256 2811 erat
2270 2773 2378 2811 tem-

1350 2853 1430 2896 pus
1456 2841 1664 2882 adventus
1697 2839 1871 2891 Christi,
1907 2840 2008 2892 quia
2041 2841 2199 2882 dicitur
2218 2841 2232 2863 5
2254 2856 2263 2882 :
2291 2857 2311 2880 (ι
2332 2841 2380 2882 In

1351 2913 1498 2954 diebus
1523 2914 1667 2954 autem
1698 2922 1929 2963 regnorum
1957 2910 2129 2952 illorum
2161 2912 2380 2953 suscitabit

1351 2983 1460 3025 Deus
1481 2983 1573 3025 coeli
1589 2994 1800 3035 regnum,
1822 2981 1936 3035 quod
1973 2981 2017 3022 in
2048 2984 2260 3024 aeternum
2294 2995 2380 3024 non

1351 3055 1656 3109 dissipabitur:
1685 3055 1725 3094 et
1744 3065 1928 3104 regnum
1959 3053 2052 3105 ejus
2084 3054 2204 3095 alteri
2223 3053 2379 3107 populo

1350 3139 1436 3169 non
1455 3126 1646 3167 tradetur
1677 3139 1685 3165 :
1716 3123 1978 3164 comminuet
2007 3126 2149 3165 autem
2168 3127 2209 3165 et
2228 3136 2380 3172 consu-

1350 3201 1437 3240 met
1454 3198 1655 3239 universa
1673 3207 1807 3247 regna
1826 3194 1933 3245 haec,
1957 3197 1997 3236 et
2016 3194 2159 3248 ipsum
2193 3195 2316 3236 stabit
2334 3194 2380 3234 in

1350 3268 1574 3310 aet'ernum.
1602 3281 1621 3305 ›>
1652 3265 1781 3306 Istius
1809 3264 1942 3306 solius
1962 3265 2086 3319 plena
2108 3267 2169 3306 est
2195 3264 2307 3306 orbis
2328 3264 2377 3317 (b)

1350 3340 1587 3393 descriptio,
1611 3337 1846 3379 secundum
1877 3336 1983 3377 illud
2006 3336 2163 3379 Psalmi
2182 3335 2196 3357 ⁶
2221 3350 2230 3377 ε
2257 3350 2278 3375 c<
2294 3335 2379 3377 Do-

1390 3424 1436 3466 (a)
1458 3423 1539 3456 Goet.
1559 3421 1639 3454 edit.
1658 3421 1699 3454 de
1719 3429 1787 3461 quo
1806 3419 1984 3453 Jeremias.
2001 3436 2040 3444 -
2066 3418 2108 3460 (ὁ)
2129 3419 2212 3453 Item
2235 3418 2316 3452 oris.
