2634 3853
117 936 176 962 Cur
189 934 232 961 Si-

89 1141 137 1167 rit.

257 111 336 151 ⁶274

257 197 448 248 conium,
491 194 769 248 subjungitur
805 191 875 232 hic
921 189 1042 230 tertio
1081 185 1281 239 praeconii

255 270 661 322 temperamentum,
690 262 924 304 humilians
945 260 996 300 ad
1024 256 1281 310 compatien=

256 342 378 391 dum3
419 339 531 381 unde
563 338 607 377 in
639 333 927 386 compassione
965 329 1233 371 terminatur.
1270 327 1279 347 ¹

263 429 281 452 «
305 413 470 455 Etenim
492 410 600 451 calix
620 409 663 447 in
685 417 816 446 manu
848 402 1038 452 Domini,
1065 400 1155 442 viui
1177 399 1282 440 meri

254 485 404 538 plenus
435 482 581 522 mixto.
616 493 635 515 »
663 478 758 518 ldeo
789 478 882 528 post
911 473 1062 515 Christi
1094 472 1280 524 dignita-

254 558 362 605 tem,
388 551 614 605 subjungit
632 547 938 589 infirmitatem.
964 544 1011 584 In
1039 544 1119 584 hoc
1139 545 1282 583 autem

252 626 586 679 temperamento
600 654 611 673 ,
641 621 780 674 primo
800 617 1077 672 praeuiittitur
1098 615 1281 668 proplie-

252 697 345 737 tieae
367 693 667 736 benedictionis
687 691 905 740 solatium3
934 687 1086 729 deinde
1114 686 1281 727 additur

251 767 474 808 dominicae
502 764 707 819 passionis
727 761 1002 815 mysterium3
1037 758 1156 798 tertio
1178 756 1277 797 sub-

246 839 452 892 jUngitur
466 839 668 877 materna·
682 831 986 887 compassionis
1006 828 1278 881 martyrium.

306 911 519 960 Quantum
541 909 592 948 ad
617 906 815 948 solatium
845 900 1146 944 benedictionis
1180 910 1281 951 pro-

89 984 232 1044 ffiffiffiss·
251 981 441 1035 pheticae,
460 978 733 1033 praemittitur
756 989 766 1017 :
787 977 842 1018 Ec
861 973 1079 1015 benedixit
1096 970 1187 1012 illis
1213 969 1282 1010 Si-

88 1059 229 1127 ]ἒέἑιὴῐὲε-
250 1063 392 1103 meon,
424 1051 464 1092 id
497 1053 578 1101 est,
613 1047 853 1089 benedictos
885 1042 1156 1098 praedicavit,
1190 1041 1280 1082 Ma-

248 1125 378 1175 riam,
401 1123 503 1176 quia
521 1121 729 1174 concepit,
754 1123 795 1160 et
818 1117 991 1170 Joseph,
1013 1115 1114 1168 quia
1133 1114 1280 1154 educa-

248 1197 322 1237 vit.
340 1195 457 1237 Unde
471 1197 633 1247 poterat
644 1194 703 1234 eis
714 1192 852 1233 dicere
866 1189 972 1230 illud
986 1188 1230 1229 davidicum
1242 1185 1275 1225 2:

254 1283 273 1306 «
296 1266 506 1309 Benedicti
527 1277 603 1307 vos
628 1277 653 1305 a
677 1263 881 1313 Domino,
907 1260 981 1313 qui
1001 1258 1095 1300 fecit
1126 1256 1278 1298 coelum

248 1342 289 1380 et
309 1342 479 1380 terram.
502 1352 521 1375 »
547 1335 861 1378 Benedicuntur
884 1332 998 1373 enim
1019 1331 1213 1382 parentes
1236 1327 1279 1367 in

247 1411 336 1452 filio
350 1441 360 1460 ,
381 1413 421 1450 et
439 1421 516 1463 pro
536 1408 641 1456 filio,
659 1405 894 1447 secundum
911 1402 1016 1443 illud
1037 1404 1049 1426 ³
1074 1415 1082 1441 ε
1115 1416 1133 1438 ((
1153 1399 1281 1440 Benc-

248 1481 354 1522 dixit
373 1480 468 1521 Heli
487 1479 680 1527 Elcanae,
709 1479 750 1517 et
781 1474 905 1517 uxori
931 1476 1044 1526 eJUS,
1064 1487 1083 1509 >³
1125 1471 1280 1511 scilicet

246 1564 323 1606 pro
343 1551 538 1591 Samuele
558 1549 717 1602 optimo
746 1557 896 1599 puero.
920 1544 1026 1585 Nota
1045 1542 1158 1595 quod
1175 1553 1280 1594 prae-

247 1622 430 1663 mittitur
458 1621 527 1661 hic
556 1617 790 1660 benedictio
820 1619 912 1656 tum
944 1614 997 1654 ad
1030 1613 1279 1654 consolatio-

246 1706 345 1734 nem
359 1725 371 1745 ,
394 1694 487 1733 tum
508 1691 562 1732 ad
582 1688 945 1736 confortationem,
966 1688 1058 1725 tum
1079 1684 1205 1724 etiam
1226 1683 1280 1724 ad

247 1762 672 1811 commendationem,
688 1772 742 1800 ne
756 1758 894 1812 passio
908 1756 1175 1810 praedicenda
1191 1758 1279 1796 tur-

247 1838 337 1887 bet,
358 1849 411 1876 ne
430 1836 585 1876 terreat
599 1866 609 1884 ,
632 1844 686 1873 ne
706 1831 901 1872 credatur
921 1828 1043 1880 culpa
1065 1828 1282 1881 proximo-

247 1922 344 1952 rum
364 1910 591 1962 parentum
612 1916 701 1946 esse
718 1904 762 1943 in
786 1913 924 1943 causa.
949 1900 1024 1941 Vel
1043 1899 1136 1939 ideo
1154 1900 1280 1939 bene-

248 1981 368 2031 dixit,
383 1982 431 2020 ut
446 1979 651 2031 signaret,
665 1973 775 2028 quod
788 1974 833 2013 in
843 1972 913 2012 illo
925 1971 964 2008 t«
980 1970 1166 2022 impletae
1179 1970 1280 2009 sunt

248 2051 562 2093 benedictiones
581 2050 751 2102 patrum
771 2059 780 2086 t
804 2058 823 2081 ))
895 2058 914 2082 ((
931 2041 1185 2084 Benedicani
1204 2041 1278 2080 be-

249 2122 540 2166 nedicentibus
559 2119 650 2160 tibi.
672 2134 691 2156 »
714 2116 788 2159 Vel
803 2115 911 2166 ideo,
935 2116 983 2154 ut
1004 2112 1188 2153 insinuet
1204 2123 1279 2164 per

249 2196 489 2250 passionem
526 2191 679 2233 Christi
714 2201 790 2230 nos
821 2188 873 2228 ab
908 2185 1026 2227 omni
1059 2183 1281 2224 maledicto

249 2267 447 2309 liberatos
465 2266 479 2287 ⁶
503 2279 512 2305 :
541 2279 560 2302 <‹
581 2261 770 2304 Christus
786 2271 862 2300 nos
882 2256 1062 2299 redemit
1081 2256 1131 2296 de
1152 2255 1278 2296 male-

249 2337 359 2378 dicto
378 2336 507 2388 legis,
530 2333 663 2373 factus
681 2341 759 2384 pro
785 2326 907 2368 nobis
926 2325 1247 2366 maledictum.»

305 2408 519 2458 Quantum
539 2404 591 2446 ad
606 2401 861 2456 mysterium
882 2397 1105 2438 dominicae
1124 2396 1282 2448 passio-

251 2481 339 2532 nis,
360 2479 553 2520 additur:
580 2476 642 2518 Ec
668 2473 787 2516 dimit
809 2470 867 2513 ud
896 2469 1084 2511 Marium
1103 2472 1284 2511 matrem

254 2552 376 2604 effus:
401 2552 508 2593 Ecce
525 2548 693 2601 positus
714 2547 773 2586 est
793 2543 861 2584 hie
885 2542 934 2583 in
959 2541 1154 2590 ruinam,
1175 2543 1215 2582 et
1235 2541 1284 2581 iu

253 2622 603 2666 resurrectionem
620 2615 850 2658 multorum
874 2613 922 2654 in
953 2611 1098 2653 Israel.
1127 2610 1177 2651 Et
1206 2611 1285 2651 hoc

254 2694 398 2736 divino
414 2690 603 2745 ι1111110101
621 2704 631 2729 :
657 2703 676 2727 (1
695 2687 742 2727 111
763 2684 972 2739 judicium
994 2695 1075 2736 ego
1103 2682 1148 2722 in
1170 2682 1285 2723 hunc

255 2765 468 2806 mundum
487 2762 611 2813 veni,
632 2763 679 2802 ut
699 2759 771 2812 qui
793 2770 881 2799 non
899 2756 1066 2806 vident,
1087 2754 1281 2805 videant3

255 2839 296 2878 et
316 2837 388 2890 qui
407 2835 577 2885 vident,
609 2832 708 2874 caeci
734 2832 852 2872 fiant.
878 2844 898 2868 >³
914 2829 927 2850 ⁸
948 2843 967 2867 (‹
992 2827 1044 2869 Et
1066 2827 1145 2868 erit
1164 2827 1285 2869 vobis

255 2907 458 2949 Dominus
489 2906 533 2945 in
567 2902 941 2945 sanctificationem
961 2914 971 2950 ;
1013 2900 1058 2939 in
1102 2898 1284 2951 lapidem

255 2982 399 3021 autem
418 2976 660 3019 offensionis
680 2978 720 3016 et
739 2975 783 3014 in
799 2976 961 3027 petram
980 2970 1166 3012 scandali
1183 2970 1286 3011 dua-

254 3053 336 3094 bus
355 3049 551 3092 domibus
579 3046 726 3096 lsrael,
759 3045 805 3084 in
825 3044 1044 3096 laqueum,
1068 3044 1108 3082 et
1127 3041 1173 3081 in
1192 3042 1286 3082 rui-

254 3136 354 3166 nam
385 3118 674 3164 habitantibus
701 3115 949 3158 Jerusalem.
979 3128 998 3152 »
1023 3112 1075 3155 Et
1102 3113 1196 3154 ideo
1221 3113 1284 3154 di-

296 3231 305 3252 ¹
328 3229 415 3262 Psal.
440 3234 557 3266 Lxxlv,
583 3227 615 3257 9.
640 3240 681 3247 —-
706 3223 720 3244 2
744 3222 835 3254 Psal.
865 3228 966 3260 cxiii,
996 3221 1044 3251 15.
1063 3236 1105 3242 —
1126 3220 1139 3240 ³
1166 3221 1173 3250 1
1196 3219 1285 3260 Req„

256 3287 294 3319 11,
312 3280 364 3310 20.
379 3276 444 3301 —-⁴
467 3275 562 3312 Gen„
578 3279 674 3310 nix,
692 3271 743 3300 26.
765 3286 806 3291 —-
825 3269 838 3289 ⁵
859 3268 952 3305 Gen„
972 3274 1036 3306 xii,
1055 3268 1084 3297 3.
1107 3282 1145 3288 ——
1166 3266 1178 3286 ⁶
1194 3266 1283 3306 Gal„

255 3334 315 3367 111,
344 3327 394 3357 13.
422 3340 462 3346 —-
491 3322 501 3341 ⁷
529 3322 639 3358 Joan„
670 3325 722 3358 ix,
754 3318 805 3348 39.
838 3331 877 3338 -
909 3315 920 3332 ⁸
955 3315 1034 3351 Isa„
1065 3321 1145 3353 viu,
1174 3315 1224 3345 14.
1245 3332 1285 3337 .-

255 3373 424 3410 ⁹1Pe3r„
447 3379 488 3412 11,
506 3370 538 3400 ’7.
558 3385 598 3392 -
616 3368 642 3390 ¹⁰
664 3367 689 3398 11
712 3365 803 3402 Corn,
826 3371 866 3401 11,
888 3364 944 3401 133,
968 3362 1016 3392 16.
1040 3377 1079 3384 -
1101 3361 1120 3381 ¹¹
1154 3361 1283 3400 Tim-en„

257 3428 311 3459 111,
345 3421 390 3450 12.
419 3436 459 3441 —
494 3418 518 3438 ’ἢ
544 3415 656 3451 Helua,
687 3421 756 3452 xii,
783 3414 814 3442 3.
840 3427 881 3432 -
908 3409 932 3429 ¹³
961 3409 1040 3448 Isti,
1068 3416 1146 3444 xri,
1183 3412 1285 3440 11.-

986 96 1267 141 EVANGELH
1297 62 1483 137 SANcri‘
1509 95 1657 138 Lucia

1358 185 1467 225 citur
1484 188 1665 238 positus,
1688 186 1842 227 scilicet
1856 186 1999 228 divino
2012 187 2186 239 judicio.
2205 190 2219 212 ⁹
2231 185 2388 229 «Vobis

1359 256 1496 307 igitur
1522 257 1657 297 honor
1685 256 1973 308 credentibus3
2008 269 2094 298 non
2122 258 2388 299 credentibus

1359 329 1522 378 autem,
1543 327 1650 380 lapis
1669 340 1797 380 quein
1818 328 2152 380 reprobaverunt
2171 329 2384 370 aedifican-

1359 400 1440 448 tos,
1461 398 1529 437 hic.
1556 400 1689 439 sactus
1718 401 1780 438 est
1807 398 1913 450 lapis
1933 398 2175 439 offensionis
2200 402 2240 439 et
2267 412 2388 440 scan-

1359 468 1459 519 dali,
1483 468 1548 509 his
1574 470 1648 522 qui
1674 469 1896 509 offendunt
1924 470 2069 509 verbo.
2093 483 2112 506 »
2139 468 2190 509 Et
2208 468 2288 509 hoc
2311 482 2388 522 pro

1359 539 1483 591 culpa
1498 539 1703 592 ipsorum.
1721 540 1866 581 Simile
1881 540 2032 580 dicitur
2046 540 2097 580 de
2110 539 2321 592 Apostolis
2336 540 2385 581 ¹⁰:

1364 610 1555 651 «Christi
1576 611 1712 652 bouus
1740 598 1855 652 odor*
1871 623 2020 652 sumus
2045 610 2152 661 Deo;
2174 610 2265 651 aliis
2291 611 2386 664 qui-

1358 682 1454 723 dem
1489 683 1592 724 odor
1626 684 1772 723 mortis
1806 683 1849 723 in
1882 685 2086 733 mortem,
2119 682 2211 722 aliis
2247 685 2385 723 autem

1357 753 1461 793 odor
1480 754 1579 794 vitae
1599 754 1643 794 in
1663 754 1810 795 vitam.
1834 769 1852 791 n
1874 754 1924 794 Et
1943 754 2050 794 ratio
2066 753 2197 806 huJ'us
2217 755 2278 793 est
2295 765 2389 794 con-

1357 824 1548 864 tradictio
1573 825 1747 874 erroris;
1780 828 1952 878 propter
1979 825 2091 878 quod
2114 824 2308 865 additur:
2337 824 2391 867 Ec

1357 894 1406 935 in
1435 896 1609 948 sigynum
1645 895 1718 936 cui
1750 897 2080 939 contradicetur.
2104 897 2129 918 ¹¹
2159 911 2178 935 «
2198 895 2391 937 Tetendit

1357 977 1504 1006 arcum
1521 978 1664 1015 suum,
1687 970 1726 1006 ct
1746 967 1887 1019 posuit
1906 979 1975 1007 me
1995 967 2114 1019 quasi
2139 968 2315 1019 signum
2336 967 2388 1007 ad

1356 1036 1571 1088 sagittam.
1608 1052 1626 1075 n
1662 1037 1748 1077 Hoc
1783 1037 1936 1078 dicitur
1972 1040 2145 1090 propter
2180 1036 2391 1078 contradi—

1356 1110 1497 1149 centes
1513 1109 1538 1130 ¹²
1556 1123 1564 1149 :
1586 1124 1605 1146 «
1624 1108 1867 1160 Recogitate
1891 1121 2006 1158 eum,
2021 1108 2094 1161 qui
2115 1108 2242 1149 talem
2262 1108 2387 1148 susti-

1357 1180 1450 1221 nuit
1478 1193 1502 1220 a
1535 1180 1823 1233 peccatoribus
1859 1180 2086 1221 adversum
2116 1180 2388 1232 semetipsum

1357 1252 1744 1292 contradictionem.
1776 1267 1795 1289 n
1822 1251 1873 1292 Et
1902 1251 1980 1291 ista
2010 1250 2281 1291 contradictio
2311 1250 2391 1289 fuit

1356 1323 1518 1363 occasio
1545 1323 1705 1373 ruinae,
1723 1325 1764 1363 et
1783 1334 1911 1363 causa
1932 1322 1976 1362 111
1996 1322 2141 1362 multis
2157 1322 2205 1362 ¹³:
2233 1337 2252 1360 (1
2269 1321 2390 1362 Peri-

1356 1395 1462 1435 bunt
1493 1395 1596 1446 viri,
1631 1395 1705 1448 qui
1736 1395 2029 1435 contradicunt
2054 1394 2145 1434 tibi.
2174 1407 2193 1431 >³
2222 1394 2273 1434 Et
2296 1394 2389 1435 ideo

1355 1466 1507 1507 dicitur
1532 1468 1558 1488 ¹⁶
1583 1481 1592 1506 :
1622 1481 1640 1504 <‹
1661 1466 1754 1507 Non
1775 1466 2033 1506 contradicas
2051 1466 2184 1507 verbo
2203 1465 2392 1507 veritatis

1354 1537 1443 1576 ullo
1465 1537 1606 1577 modo.
1627 1551 1645 1574 n

1409 1606 1625 1655 Quantum
1655 1606 1707 1647 ad
1735 1606 1994 1659 martyrium
2036 1608 2238 1647 maternae
2266 1619 2386 1648 com-

1354 1678 1582 1730 passionis,
1607 1678 1760 1719 dicitur
1788 1680 1860 1728 (v.
1883 1680 1987 1731 35):
2020 1680 2061 1719 E
2064 1682 2079 1720 ῑ
2104 1682 2221 1720 tuam
2249 1679 2390 1732 ipsius

1355 1750 1547 1791 animam
1580 1749 1867 1802 pertransibit
1898 1749 2096 1802 qladius,
2136 1750 2179 1791 id
2210 1753 2298 1801 est,
2329 1751 2390 1790 tui

1354 1820 1489 1873 ipsius
1509 1820 1680 1872 gladius
1701 1821 2016 1873 compassionis.
2039 1821 2157 1862 Unde
2179 1821 2259 1874 ipsi
2281 1833 2392 1862 com-

1355 1892 1458 1944 petit
1484 1891 1588 1933 illud
1611 1892 1662 1932 15;
1694 1892 1911 1933 «Ferrum
1931 1892 2175 1945 pertransiit
2202 1893 2390 1933 animam

1354 1964 1463 2015 ejus.
1491 1977 1510 2000 n
1546 1962 1740 2011 Dolores,
1764 1975 1870 2015 quos
1896 1963 2067 2015 pariens
2087 1963 2255 2014 effugit,
2281 1967 2392 2005 tem-

1355 2046 1456 2086 pore
1475 2033 1682 2087 passionis
1701 2033 1916 2073 sustinuit.
1936 2032 2053 2073 Unde
2071 2033 2315 2075 Bernardus
2332 2035 2359 2057 ¹⁸
2376 2049 2386 2077 z

1362 2121 1380 2144 «
1413 2105 1524 2146 Dum
1554 2106 1793 2158 perforatur
1829 2099 1974 2145 lancea
2010 2104 2079 2145 ille
2112 2107 2213 2146 tuus
2245 2105 2387 2158 Jesus,

1355 2178 1550 2218 omnium
1573 2177 1763 2230 quidem,
1787 2176 1859 2217 sed
1880 2175 2115 2228 specialiter
2136 2177 2253 2226 tuus,
2269 2179 2390 2218 tuam

1355 2250 1487 2303 ipsius
1512 2249 1700 2290 animam
1727 2248 1932 2289 mundam
1961 2247 2130 2300 gladius
2157 2249 2387 2300 pertransi-

1357 2322 1440 2372 vit,
1464 2322 1563 2375 quia
1578 2322 1669 2374 jam
1688 2321 1758 2361 ille
1779 2320 2065 2373 expiraverat3
2088 2321 2201 2362 unde
2219 2323 2260 2361 te
2280 2321 2392 2374 plus-

1357 2405 1487 2446 quam
1508 2396 1741 2445 martyrem
1761 2392 2056 2445 praedicamus.
2079 2407 2098 2430 »
2118 2391 2170 2433 Et
2187 2392 2391 2445 Hierony-

1357 2477 1454 2505 mus
1474 2464 1529 2504 ¹⁷:
1557 2479 1576 2503 <‹
1602 2462 1708 2513 Quia
1734 2465 1875 2504 mente
1903 2476 2026 2516 passa
2055 2465 2140 2515 est,
2162 2464 2388 2517 plusquam

1357 2541 1521 2592 martyr
1544 2538 1636 2579 fuit.
1658 2552 1678 2576 ›>
1705 2537 1842 2588 Unde,
1867 2538 1968 2590 quia
1992 2538 2083 2590 ipsa
2103 2538 2307 2579 veraciter
2326 2537 2387 2578 di-

1357 2611 1538 2663 ligebat,
1560 2622 1614 2650 ex
1631 2609 1784 2649 affectu
1803 2609 1952 2649 intimo
1973 2609 2251 2650 vehementer
2273 2621 2388 2650 com-

1358 2682 1611 2736 patiebatur.
1634 2680 1719 2721 Alii
1748 2692 1871 2732 vero,
1893 2680 1967 2733 qui
1987 2680 2111 2722 corde
2132 2692 2219 2721 non
2238 2680 2388 2732 dilige-

1359 2755 1482 2804 bant,
1504 2754 1752 2795 exultabant
1764 2765 1777 2805 ;
1801 2756 1842 2793 et
1866 2753 1959 2794 ideo
1979 2753 2172 2794 additur:
2203 2752 2252 2794 Uc
2271 2761 2387 2792 reve-

1360 2828 1499 2870 lentur
1531 2837 1587 2868 esc
1616 2826 1765 2868 multis
1797 2823 1994 2866 cordibus
2021 2823 2309 2876 comisationes.
2339 2822 2403 2879 Uc,

1359 2901 1421 2939 est
1439 2898 1509 2938 hic
1528 2896 1849 2937 consecutivum
1872 2894 1940 2947 (a),
1964 2894 2063 2947 quia
2091 2893 2171 2934 hoc
2189 2905 2390 2934 consecu-

1358 2971 1453 3010 tum
1472 2970 1534 3009 est
1553 2967 1604 3008 ad
1630 2967 1870 3020 passionem
1891 2964 2057 3014 Christi,
2078 2965 2177 3017 quia
2195 2964 2391 3005 videlicet

1358 3040 1604 3082 ,ludaeorum
1635 3036 1870 3078 carnalium
1893 3037 1933 3077 et
1962 3034 2285 3088 hypocritarum
2313 3035 2392 3076 fuit

1359 3111 1496 3153 cordis
1530 3109 1731 3161 iniquitas
1765 3106 1967 3149 revelata.
1990 3106 2018 3131 ¹⁸
2047 3121 2066 3145 «
2097 3106 2204 3147 Cum
2241 3118 2392 3147 sanare

1362 3242 1382 3261 ¹⁴
1404 3239 1522 3280 Ecclz'.,
1549 3246 1594 3278 1v,
1622 3239 1672 3270 30.
1693 3255 1734 3260 —
1753 3237 1777 3258 ¹⁵
1797 3236 1887 3268 Psal.
1916 3244 1982 3275 ew,
2010 3238 2059 3269 18.
2079 3253 2119 3261 —-
2136 3237 2162 3258 ¹⁸
2185 3239 2298 3278 Rern„
2326 3237 2388 3277 inf.

1358 3291 1460 3320 octav.
1476 3287 1642 3324 Assumpt.
1664 3285 1816 3325 B.Vz‘›·9.,
1837 3286 2104 3324 scrm.,u.1li.—
2128 3285 2154 3306 1⁷
2176 3284 2329 3325 Hieron.,
2348 3283 2394 3314 ud

1361 3336 1457 3367 Eust.
1477 3335 1508 3365 et
1528 3331 1680 3371 Paulam,
1705 3331 1803 3372 epist.
1824 3339 1856 3363 x.
1877 3349 1919 3355 —
1938 3331 1965 3353 ¹⁸
1989 3332 2073 3373 Osca,
2099 3339 2160 3372 vn,
2185 3335 2214 3364 1.

1405 3405 1448 3446 (a)
1473 3406 1552 3436 Coet.
1573 3404 1653 3434 edil.
1674 3404 1906 3434 consecutum.
