2634 3853
974 160 1246 203 EXPOSITIO
1276 160 1328 202 IN
1357 160 1471 201 CAP.
1502 160 1592 201 XII.

223 249 465 303 vegetabili.
500 247 551 288 Et
596 247 734 299 primo
783 248 1005 300 praemittit
1054 250 1252 290 similitu-

225 322 366 363 dinem
402 318 639 360 sensibilem
655 350 665 367 ,
704 318 853 360 deinde
900 320 1040 361 subdit
1078 321 1252 373 adapta-

223 393 396 432 tionem.

279 461 506 503 Praemittit
526 472 630 512 ergo
650 460 982 511 similitudinem,
1007 475 1103 502 cum
1125 463 1248 503 dicit:

228 533 498 576 Considerate
528 533 622 574 lilia
650 543 729 584 quo
761 533 881 575 modo
915 539 1103 577 creseunt
1127 549 1142 576 .·
1170 545 1255 576 non

227 605 431 653 laborant,
448 614 578 656 neque
595 606 710 645 nent.
735 603 982 644 Ambrosius
997 606 1007 626 ¹
1030 619 1038 645 :
1063 620 1081 642 11
1100 605 1256 658 Aperta

227 675 498 728 comparatio.
531 674 634 714 Lilia
653 686 760 724 non,
784 674 892 715 sicut
918 676 1044 715 ceteri
1075 676 1252 726 fruetus,

227 746 413 799 aliquem
450 745 736 797 agricolarum
772 745 932 786 cultum
962 746 1201 798 requirunt.
1232 761 1251 784 »

229 817 348 858 Unde
367 817 458 869 ipsa
478 818 671 856 crescunt
689 827 773 856 non
794 816 985 857 humano
1006 818 1159 867 studio,
1185 817 1257 857 sed

230 887 375 928 divino
409 886 615 939 imperio,
648 886 761 938 quod
791 886 938 927 datum
970 887 1047 927 fuit
1083 888 1134 927 ab
1168 888 1259 940 ipso

230 959 381 1000 mundi
402 959 576 1000 exordio
595 959 609 979 ²
634 973 642 999 :
671 974 689 995 (1
710 958 924 1000 Germinet
951 962 1064 1000 terra
1083 960 1259 1000 herbam

230 1030 461 1080 virentem,
485 1045 504 1068 ›)
525 1032 600 1071 etc.
626 1029 677 1070 Et
698 1030 796 1082 quia
818 1041 924 1082 opus
947 1031 1104 1070 summi
1124 1030 1262 1071 Artifi-

233 1102 290 1142 cis
310 1104 372 1142 est
393 1101 663 1155 excellentius
688 1100 805 1140 omni
826 1113 951 1153 opere
969 1101 1169 1142 humanae
1190 1113 1261 1141 ar-

232 1173 306 1223 tis,
335 1172 428 1213 ideo
461 1171 574 1212 addit
605 1185 614 1211 :
647 1171 752 1213 Dico
787 1177 922 1213 autem
953 1172 1070 1214 vobis
1097 1184 1110 1213 .·
1132 1183 1261 1224 neque

233 1244 436 1286 Salomon
457 1244 500 1284 in
522 1244 637 1285 omni
657 1242 794 1295 qloria
814 1253 893 1284 sua.
924 1243 1179 1285 vestiebatur
1200 1244 1262 1284 si-

234 1319 456 1358 autunum
475 1297 529 1355 ea?
550 1315 664 1356 istis.
688 1314 736 1354 Et
760 1317 903 1354 tamen
926 1313 1127 1355 Salomon
1154 1314 1264 1354 circa

235 1388 433 1426 ornatum
457 1386 641 1426 vestium
671 1385 750 1425 fuit
778 1385 1111 1435 curiosissimus,
1137 1385 1265 1426 simul

234 1456 395 1497 habens
423 1456 686 1496 voluntatem
703 1488 713 1505 ,
735 1456 985 1496 industriam
1015 1459 1056 1496 et
1086 1456 1263 1496 faculta-

234 1528 320 1567 tem
341 1526 393 1567 ad
409 1527 650 1567 ornandum
671 1538 728 1566 se.
751 1525 868 1566 Unde
882 1526 932 1567 de
951 1526 1040 1579 ipso
1061 1526 1262 1566 dicitur³z

237 1613 256 1636 11
290 1596 445 1639 Videns
476 1597 629 1648 regina
663 1597 771 1638 Saba
805 1609 975 1638 omnem
1014 1598 1265 1649 sapientiam

236 1667 472 1708 Salomonis
489 1700 499 1718 ,
520 1682 538 1705 n
564 1670 660 1719 etc.;
686 1669 877 1721 sequitur
901 1679 910 1707 :
940 1683 958 1706 (1
988 1668 1162 1708 Ordines
1183 1668 1264 1707 mi-

234 1738 538 1789 nistrantium,
568 1742 788 1791 vestesque
821 1751 968 1779 eorum
989 1771 999 1789 ,
1029 1741 1070 1779 et
1101 1739 1267 1791 pincer-

235 1821 329 1861 nas,
363 1814 403 1850 et
432 1809 676 1850 holocausta
705 1822 801 1862 quae
832 1810 1034 1849 offerebat
1070 1809 1114 1848 in
1141 1809 1266 1849 domo

235 1879 431 1930 Domini,
464 1892 550 1920 non
581 1880 763 1920 habebat
796 1880 908 1920 ultra
932 1880 982 1932 (a)
1005 1879 1216 1932 spiritum.
1241 1894 1260 1917 »

236 1950 287 1992 Et
313 1952 406 1992 haec
440 1952 585 1992 omnia
615 1952 883 1992 ordinaverat
919 1951 1151 1993 secundum
1182 1951 1266 1991 bu-

237 2034 408 2063 manam
440 2022 694 2063 industriam
721 2023 1083 2075 ingeniosissime;
1108 2023 1179 2063 sed
1208 2025 1268 2063 ta·

237 2105 336 2134 men
356 2094 555 2146 operibus
574 2097 614 2134 et
633 2094 850 2134 industriae
870 2097 1062 2145 naturae,
1088 2106 1185 2146 quae
1206 2096 1266 2134 est

236 2176 343 2217 opus
362 2165 450 2215 Dei,
478 2176 649 2218 aequare
667 2177 754 2205 non
772 2167 947 2217 poterat.
969 2164 1087 2205 Unde
1104 2164 1262 2205 Beda¹⁶2

239 2250 258 2274 11
280 2235 382 2285 Quae
402 2248 595 2289 purpura
614 2247 768 2288 regum
783 2267 792 2284 ,
815 2248 911 2288 quae
937 2236 1101 2287 pictura
1120 2235 1266 2276 textri-

237 2319 334 2347 cum
353 2309 488 2360 potest
504 2307 680 2348 floribus
703 2306 953 2358 comparari.
977 2320 995 2343 ›)

291 2377 469 2429 Deinde,
493 2380 586 2430 post
605 2376 921 2417 similitudinem
943 2376 1083 2417 subdit
1103 2376 1269 2428 adapta—

236 2447 415 2498 tionem,
443 2450 485 2488 et
510 2447 635 2488 infert
665 2447 978 2487 conclusionem
1001 2450 1012 2494 (
1026 2459 1067 2487 v.
1091 2448 1166 2497 028)
1188 2461 1195 2486 :
1221 2447 1268 2488 Si

237 2522 378 2562 autem
396 2519 555 2570 foenum
578 2517 689 2570 quod
708 2516 832 2559 hodie
854 2518 980 2559 estin
997 2528 1098 2570 aqro
1118 2521 1158 2560 et
1173 2527 1267 2559 eras

237 2590 285 2630 in
298 2589 511 2631 clibanum
524 2589 728 2637 mittitur,
746 2588 789 2628 id
807 2590 882 2638 est,
898 2588 978 2629 cito
992 2588 1211 2629 marcescit
1225 2589 1238 2610 5
1254 2602 1262 2629 ;

242 2675 262 2699 (1
280 2660 402 2701 Fiant
420 2660 531 2700 sicut
551 2659 712 2700 foenum
732 2660 959 2710 tectorum,
977 2660 1111 2712 quod,
1133 2660 1267 2712 prius-

237 2743 365 2784 quam
396 2730 600 2772 evellatur
622 2762 632 2780 ,
667 2730 834 2771 exaruit
858 2744 867 2779 ;
899 2744 918 2767 »
950 2733 990 2770 01
1018 2730 1195 2772 Jacobus
1218 2731 1231 2751 ⁶
1254 2745 1263 2770 :

243 2817 262 2841 «
293 2801 476 2843 Exortus
509 2804 572 2842 est
603 2800 664 2841 sol
694 2813 792 2841 cum
821 2801 997 2852 ardore,
1028 2804 1069 2842 et
1100 2802 1267 2842 arefecit

236 2874 400 2915 foenum
414 2906 425 2925 ,
448 2876 489 2915 et
509 2874 586 2914 1105
606 2875 698 2926 ers
717 2873 867 2915 decidit
890 2889 899 2915 z
923 2890 941 2912 ›>
968 2875 1078 2916 Deus
1098 2876 1160 2917 sie
1180 2885 1268 2916 ves-

238 2946 305 2995 tu,
323 2945 502 2997 pulchro
524 2944 678 2984 scilicet
693 2947 846 2985 ornatu
865 2947 906 2984 et
930 2945 1078 2986 decoro
1096 2960 1104 2986 :
1128 2945 1265 2986 Beda:

241 3029 260 3053 11
295 3014 387 3066 Ipse
418 3015 532 3056 color
557 3015 709 3056 dicitur
738 3016 1041 3057 vestimentum
1071 3016 1188 3056 floris
1211 3031 1220 3056 ε
1242 3031 1261 3054 ))

243 3085 404 3132 Quanto
433 3086 571 3138 maqis
607 3096 680 3128 vos
702 3118 715 3137 ,
731 3085 902 3138 pusittoe
931 3086 1038 3137 111101·
1059 3087 1141 3128 ,9111
1174 3090 1264 3138 est,

239 3157 398 3209 quanto
418 3156 555 3207 magis
572 3169 648 3198 vos
664 3156 833 3207 vestiet,
853 3157 979 3197 etiam
999 3158 1034 3197 si
1052 3158 1267 3199 modicum

238 3225 472 3267 habueritis
487 3226 538 3267 de
557 3227 654 3279 fide,
676 3227 776 3280 quia
796 3230 884 3268 tam
903 3228 1068 3269 ratione
1084 3231 1263 3281 naturae,

283 3311 291 3328 ¹
309 3309 439 3349 Ambr„
460 3309 494 3340 in
513 3309 602 3349 Luc„
628 3309 687 3342 lib.
712 3311 791 3349 Vll,
811 3320 846 3342 n.
869 3312 939 3343 127.
959 3329 999 3334 —
1018 3312 1032 3332 2
1050 3311 1145 3348 Gen„
1166 3320 1191 3351 1,
1216 3315 1266 3344 11.

239 3373 281 3381 —
307 3357 321 3378 ³
347 3357 392 3388 111
420 3356 513 3396 fleg„
539 3364 578 3397 X,
605 3359 636 3388 5.
659 3374 700 3381 —
728 3359 738 3376 ⁴
769 3359 865 3399 Bed.,
892 3359 950 3390 ubi
971 3368 1048 3399 sup.
1072 3377 1112 3382 —
1137 3359 1149 3381 5
1176 3359 1266 3391 Psal.

240 3411 383 3444 cxxviii,
409 3405 440 3436 6.
461 3420 502 3427 -·
526 3403 540 3424 6
564 3404 647 3444 dac„
671 3412 701 3445 1,
727 3408 777 3437 11.
800 3423 843 3429 —
862 3405 876 3427 ⁷
896 3407 1030 3447 Mattlz„
1056 3414 1128 3446 xlv,
1155 3407 1206 3440 31.
1226 3424 1268 3430 —

241 3451 252 3470 ⁸
270 3450 362 3484 Psal.
382 3458 514 3490 Lxxvu,
537 3453 589 3491 22,
610 3453 661 3483 24.
685 3468 724 3475 —
745 3453 756 3471 ⁹
776 3454 787 3485 1
811 3453 904 3491 Tim„
925 3462 972 3495 vr,
995 3455 1045 3485 17.

428 3520 528 3551 ΤΟΜ.
559 3521 604 3550 X.

2270 172 2343 214 561

1326 261 1455 301 quam
1481 249 1643 290 ratione
1663 250 1761 291 fidei
1787 253 2038 304 praecellitis
2062 255 2177 298 Unde
2198 257 2346 312 Petro,

1325 321 1375 360 de
1395 320 1467 361 Dei
1486 321 1714 372 potentiam
1734 322 1778 362 in
1792 324 2025 364 temtestate
2042 325 2260 380 dubitanti,
2281 330 2350 370 di-

1325 392 1433 431 citur
1453 392 1466 412 ⁷
1490 405 1497 430 :
1521 406 1539 430 «
1572 392 1744 434 Modicae
1774 394 1892 444 fidei,
1919 407 2049 448 quare
2081 397 2307 440 dubitasti?
2328 415 2346 438 n

1326 459 1531 499 Modicam
1552 461 1678 501 fidem
1709 461 1836 502 habet
1862 462 1913 503 de
1939 463 2147 515 regimine
2167 469 2353 518 paternae

1326 530 1602 582 providentiae
1626 563 1639 581 ,
1674 532 1747 584 qui
1776 533 1895 574 timet
1927 535 2112 586 quotidie
2147 537 2256 577 mori
2292 539 2353 579 fa-

1328 613 1395 640 me
1413 600 1426 621 8
1449 613 1458 641 :
1483 616 1502 639 <‹
1525 600 1616 641 Non
1637 602 1902 644 crediderunt
1920 604 1964 644 in
1983 604 2140 657 Deum,
2165 619 2242 648 nec
2261 620 2357 661 spe-

1328 674 1532 712 raverunt
1562 673 1606 712 in
1646 673 1820 714 salutari
1857 676 1962 726 ejus.
1999 689 2018 713 »
2053 675 2104 716 Ε1
2132 677 2355 730 sequitur:

1336 758 1354 781 (1
1376 743 1426 783 Ε1
1448 745 1663 786 mandavit
1697 746 1882 787 nubibus
1913 748 2105 801 desuper,
2138 752 2178 790 et
2205 751 2359 803 januas

1331 814 1423 854 coeli
1443 815 1622 867 aperuit.
1642 815 1693 855 Et
1712 816 1818 867 pluit
1835 817 1916 857 illis
1935 830 2094 860 manna
2113 821 2165 862 ad
2182 822 2360 863 mandu-

1332 885 1535 937 candum,
1558 901 1576 924 ))
1614 888 1691 926 010.
1728 886 1770 927 Si
1801 888 1893 939 quis
1924 889 2061 941 igitur
2093 903 2206 932 verae
2235 892 2358 944 fidei,

1332 958 1506 998 credens
1543 958 1687 998 omnia
1727 960 1960 1011 gubernari
1998 974 2181 1016 superna
2217 964 2361 1017 provi-

1333 1030 1471 1070 dentia
1489 1061 1501 1079 ,
1532 1043 1628 1071 cum
1659 1032 1927 1084 providentia
1957 1033 2031 1075 Dei
2056 1038 2263 1088 majorem
2289 1049 2362 1078 cu-

1334 1113 1426 1141 ram
1446 1105 1567 1153 gerat
1586 1105 1626 1142 et
1644 1115 1794 1154 gerere
1813 1105 1962 1146 debeat
1985 1106 2035 1147 de
2057 1108 2362 1160 praecellentio-

1335 1173 1454 1213 ribus
1475 1175 1515 1213 et
1545 1173 1836 1227 dignioribus,
1873 1178 1913 1216 et
1944 1176 2295 1230 durabilioribus,
2324 1182 2365 1220 01

1336 1243 1638 1290 rationalibus,
1670 1258 1800 1298 quam
1831 1247 1881 1287 de
1912 1247 2224 1291 irrationalibus
2246 1281 2260 1300 ,
2292 1253 2366 1291 aut

1337 1315 1386 1355 de
1406 1316 1715 1367 vegetabilibus
1736 1331 1744 1358 :
1769 1320 1809 1358 01
1829 1318 1880 1359 de
1899 1319 1964 1359 bis
1984 1320 2094 1372 gerit
2113 1321 2242 1362 talem
2262 1334 2366 1375 pro-

1337 1385 1590 1437 videntiam,
1613 1388 1725 1440 quod
1744 1388 1804 1428 nil
1822 1389 1881 1429 eis
1901 1389 2016 1430 deest
2038 1405 2047 1431 ε
2072 1391 2205 1433 multo
2224 1393 2364 1445 magis

1339 1468 1443 1508 ergo
1468 1456 1514 1507 (b)
1535 1469 1681 1498 curam
1702 1460 1813 1510 gerit
1839 1459 1890 1500 de
1912 1460 1964 1500 iis
1984 1474 2081 1514 quae
2106 1465 2294 1515 spectant
2314 1463 2367 1504 ad

1338 1527 1535 1578 regimen
1571 1528 1756 1569 hominis
1777 1561 1789 1580 ,
1833 1533 2032 1583 tanquam
2078 1533 2364 1585 pretiosioris,

1339 1597 1613 1649 immortaliS,
1648 1603 1688 1640 et
1710 1601 1820 1641 inter
1856 1605 2027 1644 caeteras
2059 1607 2272 1645 creaturas
2305 1605 2367 1646 di-

1339 1668 1523 1719 gnioris,
1556 1670 1655 1722 quia
1692 1671 1909 1712 rationalis
1946 1676 2010 1714 est
2045 1674 2097 1715 ad
2133 1674 2368 1727 imaginem

1341 1738 1413 1779 Dei
1433 1740 1579 1780 factus.
1601 1741 1674 1781 Est
1696 1754 1800 1794 ergo
1819 1744 1925 1784 ratio
1944 1744 2023 1785 ista
2042 1745 2365 1798 irrefragabilis,

1340 1810 1463 1862 quia,
1486 1812 1521 1850 si
1548 1811 1644 1864 quis
1671 1813 1931 1855 contrarium
1958 1815 2089 1868 hujus
2108 1817 2241 1869 dicat,
2262 1818 2370 1859 tollit

1340 1881 1536 1932 regimen
1574 1882 1732 1924 divinae
1770 1886 2068 1939 providentiae,
2101 1891 2141 1928 et
2178 1889 2370 1930 ordinem

1341 1952 1556 2003 universi3
1579 1957 1619 1994 et
1637 1954 1729 1996 ideo
1747 1969 1833 1997 non
1853 1960 1914 1998 est
1932 1960 2098 1999 tantum
2120 1960 2296 2002 modicae
2316 1961 2367 2001 fi-

1341 2022 1426 2071 dei,
1450 2036 1602 2064 verum
1632 2026 1759 2066 etiam
1790 2029 2115 2071 examinationis
2140 2043 2367 2084 perversae.

1394 2096 1460 2134 29.
1482 2094 1539 2137 Et
1558 2106 1631 2138 vos
1659 2098 1789 2140 nolite
1810 2110 1993 2151 quaerere
2010 2101 2115 2154 quid
2139 2103 2370 2145 manduce-

1343 2164 1418 2214 tis,
1450 2167 1527 2205 etc.
1562 2165 1638 2206 Hic
1666 2171 1817 2220 quarto
1843 2174 2012 2212 revocat
2040 2184 2064 2212 a
2093 2173 2371 2215 sollicitudine

1341 2235 1530 2276 avaritiae
1554 2249 1628 2288 per
1650 2239 1909 2290 promissum
1936 2241 2223 2285 desiderabile.
2255 2244 2372 2286 Circa

1342 2305 1453 2357 quod
1487 2306 1568 2346 tria
1605 2307 1934 2351 introducuntur
1969 2327 1978 2352 :
2014 2313 2226 2356 dissuadet
2256 2317 2370 2356 enim

1342 2376 1667 2418 sollicitudinem
1694 2380 1884 2422 avaritiae
1911 2385 1952 2422 et
1980 2384 2238 2437 cupiditatis,
2269 2398 2367 2439 pro-

1343 2447 1547 2488 mittendo
1563 2448 1858 2492 sufficientiam
1867 2452 2025 2504 viatici,
2039 2456 2371 2508 superexcellen-

1341 2518 1443 2559 tiam
1458 2519 1638 2571 praemii,
1656 2523 1697 2561 et
1714 2524 2146 2575 superabundantiam
2158 2527 2363 2569 thesauri.

1400 2586 1542 2627 Primo
1593 2587 1728 2640 igitur
1780 2590 1993 2633 dissuadet
2045 2594 2370 2637 sollicitudinem

1342 2659 1530 2700 avaritiae
1564 2663 1604 2700 et
1635 2661 1874 2714 cupiditatis
1892 2695 1903 2714 ,
1932 2665 2215 2717 promittendo
2250 2668 2369 2708 suffi-

1341 2731 1537 2772 cientiam
1564 2731 1739 2783 viatici,
1773 2746 1870 2775 cum
1902 2735 2032 2777 dicit:
2056 2737 2114 2780 Ec
2142 2748 2214 2780 vos
2242 2739 2372 2783 nolite

1342 2814 1524 2855 quaerere
1543 2804 1651 2856 quid
1676 2806 1942 2850 manducetis
1955 2840 1965 2860 ,
1982 2813 2058 2852 aut
2077 2810 2184 2863 quid
2199 2811 2370 2864 bibatis,

1342 2874 1535 2916 videlicet
1554 2878 1602 2915 ut
1633 2877 1775 2929 cupidi
1807 2879 1848 2918 et
1876 2878 2032 2920 curiosi
2061 2887 2260 2933 quaerunt
2278 2915 2289 2934 ,
2320 2885 2369 2923 ut

1342 2946 1559 2987 abundent
1577 2949 1617 2987 et
1636 2948 1880 3000 superbiant
1902 2963 1911 2989 :
1931 2950 2024 2991 ideo
2043 2952 2158 2993 addit
2180 2968 2189 2994 :
2210 2955 2271 2996 Et
2292 2964 2368 2996 no-

1343 3014 1414 3056 tite
1435 3005 1483 3055 in
1501 3014 1676 3057 sublime
1704 3015 1817 3068 tolli,
1840 3029 1917 3069 pro
1941 3019 2215 3072 acquisitione
2234 3024 2366 3062 terre-

1342 3096 1514 3125 norum.
1536 3085 1549 3106 ⁹
1575 3101 1593 3124 11
1613 3085 1821 3127 Divitibus
1846 3087 1980 3140 hujus
1999 3090 2144 3131 saeculi
2163 3091 2365 3144 praecipe,

1342 3152 1427 3195 non
1446 3155 1629 3196 sublime
1650 3169 1818 3210 sapere,
1841 3170 1918 3200 nec
1947 3171 2116 3213 sperare
2136 3161 2180 3201 in
2208 3161 2367 3203 incerto

1342 3226 1601 3269 divitiarum.
1626 3243 1645 3266 ›>
1664 3228 1771 3270 Nam
1790 3230 1849 3271 sic
1867 3233 2036 3274 terrena
2055 3245 2260 3286 quaerere,
2279 3245 2367 3275 non

1343 3300 1404 3338 est
1434 3298 1659 3341 hominum
1691 3300 1945 3353 coelestium,
1978 3303 2052 3344 sed
2082 3306 2364 3347 terrenorum.

1386 3406 1432 3484 (ag
1457 3406 1536 3440 0oet.
1567 3407 1647 3440 edit.
1683 3408 1777 3443 citra.
1810 3427 1849 3433 —-
1884 3409 1924 3451 (b)
1958 3410 2075 3452 Suppl.
2102 3412 2240 3445 credere
2268 3414 2370 3447 debet

1342 3462 1409 3494 quo
1438 3478 1445 3485 .

2134 3521 2185 3560 36
