<?xml version="1.0" encoding="UTF-8"?>
<!DOCTYPE html PUBLIC "-//W3C//DTD XHTML 1.0 Transitional//EN"
    "http://www.w3.org/TR/xhtml1/DTD/xhtml1-transitional.dtd">
<html xmlns="http://www.w3.org/1999/xhtml" xml:lang="en" lang="en">
 <head>
  <title>
</title>
<meta http-equiv="Content-Type" content="text/html;charset=utf-8" />
  <meta name='ocr-system' content='tesseract 3.04.00' />
  <meta name='ocr-capabilities' content='ocr_page ocr_carea ocr_par ocr_line ocrx_word'/>
</head>
<body>
  <div class='ocr_page' id='page_1' title='image "./operaomniasixtiv10bonauoft_0473.png"; bbox 0 0 2634 3853; ppageno 0'>
   <div class='ocr_carea' id='block_1_1' title="bbox 975 219 1571 263">
    <p class='ocr_par' dir='ltr' id='par_1_1' title="bbox 975 219 1571 263">
     <span class='ocr_line' id='line_1_1' title="bbox 975 219 1571 263; baseline -0.005 -1"><span class='ocrx_word' id='word_1_1' title='bbox 975 221 1248 263; x_wconf 84' lang='lat' dir='ltr'><strong>EXPOSITIO</strong></span> <span class='ocrx_word' id='word_1_2' title='bbox 1277 220 1329 261; x_wconf 94' lang='lat' dir='ltr'>IN</span> <span class='ocrx_word' id='word_1_3' title='bbox 1358 220 1471 260; x_wconf 87' lang='lat' dir='ltr'><strong>CAP.</strong></span> <span class='ocrx_word' id='word_1_4' title='bbox 1506 219 1571 260; x_wconf 87' lang='lat' dir='ltr'>IX.</span> 
     </span>
    </p>
   </div>
   <div class='ocr_carea' id='block_1_2' title="bbox 200 309 1232 1281">
    <p class='ocr_par' dir='ltr' id='par_1_2' title="bbox 200 309 1232 1281">
     <span class='ocr_line' id='line_1_2' title="bbox 211 309 1232 365; baseline -0.008 -9"><span class='ocrx_word' id='word_1_5' title='bbox 211 316 262 357; x_wconf 90' lang='lat' dir='ltr'>ad</span> <span class='ocrx_word' id='word_1_6' title='bbox 292 313 570 357; x_wconf 84' lang='lat' dir='ltr'>dubitandum</span> <span class='ocrx_word' id='word_1_7' title='bbox 598 313 769 365; x_wconf 88' lang='lat' dir='ltr'>propter</span> <span class='ocrx_word' id='word_1_8' title='bbox 795 310 1041 353; x_wconf 86' lang='lat' dir='ltr'>varietatem</span> <span class='ocrx_word' id='word_1_9' title='bbox 1062 309 1232 362; x_wconf 86' lang='lat' dir='ltr'>opinan-</span> 
     </span>
     <span class='ocr_line' id='line_1_3' title="bbox 209 380 1232 432; baseline -0.004 -7"><span class='ocrx_word' id='word_1_10' title='bbox 209 386 329 425; x_wconf 85' lang='lat' dir='ltr'><strong>tium.</strong></span> <span class='ocrx_word' id='word_1_11' title='bbox 353 383 469 424; x_wconf 83' lang='lat' dir='ltr'>Unde</span> <span class='ocrx_word' id='word_1_12' title='bbox 489 383 710 424; x_wconf 83' lang='lat' dir='ltr'>subditur:</span> <span class='ocrx_word' id='word_1_13' title='bbox 734 381 1039 430; x_wconf 78' lang='lat' dir='ltr'>Ethoesitabac,</span> <span class='ocrx_word' id='word_1_14' title='bbox 1058 390 1102 422; x_wconf 87' lang='grc'>00</span> <span class='ocrx_word' id='word_1_15' title='bbox 1120 380 1232 432; x_wconf 78' lang='lat' dir='ltr'>quod</span> 
     </span>
     <span class='ocr_line' id='line_1_4' title="bbox 207 451 1231 506; baseline -0.005 -9"><span class='ocrx_word' id='word_1_16' title='bbox 207 455 416 497; x_wconf 78' lang='lat' dir='ltr'><em>diceretur</em></span> <span class='ocrx_word' id='word_1_17' title='bbox 438 454 492 506; x_wconf 86' lang='lat' dir='ltr'>(v.</span> <span class='ocrx_word' id='word_1_18' title='bbox 509 456 545 504; x_wconf 86' lang='lat'>8)</span> <span class='ocrx_word' id='word_1_19' title='bbox 570 466 595 495; x_wconf 87' lang='grc' dir='ltr'>α</span> <span class='ocrx_word' id='word_1_20' title='bbox 617 452 898 506; x_wconf 73' lang='lat' dir='ltr'>quibusdam:</span> <span class='ocrx_word' id='word_1_21' title='bbox 923 452 1034 500; x_wconf 74' lang='lat' dir='ltr'>Quia</span> <span class='ocrx_word' id='word_1_22' title='bbox 1048 451 1231 493; x_wconf 75' lang='lat' dir='ltr'>Joamtes</span> 
     </span>
     <span class='ocr_line' id='line_1_5' title="bbox 205 522 1230 574; baseline -0.006 -7"><span class='ocrx_word' id='word_1_23' title='bbox 205 526 397 567; x_wconf 69' lang='lat' dir='ltr'>surrexit</span> <span class='ocrx_word' id='word_1_24' title='bbox 427 536 454 567; x_wconf 83' lang='grc' dir='ltr'><em>α</em></span> <span class='ocrx_word' id='word_1_25' title='bbox 473 527 664 567; x_wconf 74' lang='lat' dir='ltr'>mortuis.</span> <span class='ocrx_word' id='word_1_26' title='bbox 694 523 744 564; x_wconf 89' lang='lat' dir='ltr'>Et</span> <span class='ocrx_word' id='word_1_27' title='bbox 764 522 863 563; x_wconf 90' lang='lat' dir='ltr'>huic</span> <span class='ocrx_word' id='word_1_28' title='bbox 881 522 1071 574; x_wconf 85' lang='lat' dir='ltr'>opinioni</span> <span class='ocrx_word' id='word_1_29' title='bbox 1092 522 1230 573; x_wconf 78' lang='lat' dir='ltr'>magis</span> 
     </span>
     <span class='ocr_line' id='line_1_6' title="bbox 205 591 1230 636; baseline -0.005 0"><span class='ocrx_word' id='word_1_30' title='bbox 205 596 446 636; x_wconf 77' lang='lat' dir='ltr'>adhaerebat</span> <span class='ocrx_word' id='word_1_31' title='bbox 464 596 662 636; x_wconf 88' lang='lat' dir='ltr'>Herodes.</span> <span class='ocrx_word' id='word_1_32' title='bbox 687 593 803 634; x_wconf 82' lang='lat' dir='ltr'>Unde</span> <span class='ocrx_word' id='word_1_33' title='bbox 829 593 841 614; x_wconf 87' lang='lat'><strong>¹</strong></span> <span class='ocrx_word' id='word_1_34' title='bbox 874 606 882 632; x_wconf 92' lang='lat'>:</span> <span class='ocrx_word' id='word_1_35' title='bbox 919 606 937 630; x_wconf 74' lang='lat' dir='ltr'>c(</span> <span class='ocrx_word' id='word_1_36' title='bbox 955 591 1129 632; x_wconf 88' lang='lat' dir='ltr'>Audivit</span> <span class='ocrx_word' id='word_1_37' title='bbox 1149 591 1230 631; x_wconf 93' lang='lat' dir='ltr'>He-</span> 
     </span>
     <span class='ocr_line' id='line_1_7' title="bbox 204 662 1232 714; baseline -0.004 -9"><span class='ocrx_word' id='word_1_38' title='bbox 204 665 326 706; x_wconf 90' lang='lat' dir='ltr'>rodes</span> <span class='ocrx_word' id='word_1_39' title='bbox 356 666 566 707; x_wconf 78' lang='lat' dir='ltr'>tetrarcha</span> <span class='ocrx_word' id='word_1_40' title='bbox 592 666 747 706; x_wconf 84' lang='lat' dir='ltr'>famam</span> <span class='ocrx_word' id='word_1_41' title='bbox 777 662 896 712; x_wconf 87' lang='lat' dir='ltr'>Jesu,</span> <span class='ocrx_word' id='word_1_42' title='bbox 929 665 968 702; x_wconf 92' lang='lat' dir='ltr'>et</span> <span class='ocrx_word' id='word_1_43' title='bbox 1002 662 1059 702; x_wconf 87' lang='lat' dir='ltr'>ait</span> <span class='ocrx_word' id='word_1_44' title='bbox 1088 662 1232 714; x_wconf 88' lang='lat' dir='ltr'>pueris</span> 
     </span>
     <span class='ocr_line' id='line_1_8' title="bbox 203 733 1230 787; baseline -0.004 -11"><span class='ocrx_word' id='word_1_45' title='bbox 203 735 291 777; x_wconf 84' lang='lat' dir='ltr'>suis</span> <span class='ocrx_word' id='word_1_46' title='bbox 314 747 324 775; x_wconf 73' lang='grc' dir='ltr'>ε</span> <span class='ocrx_word' id='word_1_47' title='bbox 345 736 421 777; x_wconf 88' lang='lat' dir='ltr'>Hic</span> <span class='ocrx_word' id='word_1_48' title='bbox 437 739 499 777; x_wconf 90' lang='lat' dir='ltr'>est</span> <span class='ocrx_word' id='word_1_49' title='bbox 519 736 700 777; x_wconf 81' lang='lat' dir='ltr'>Joannes</span> <span class='ocrx_word' id='word_1_50' title='bbox 720 734 918 787; x_wconf 80' lang='lat' dir='ltr'>Baptista,</span> <span class='ocrx_word' id='word_1_51' title='bbox 937 733 1025 785; x_wconf 90' lang='lat' dir='ltr'>ipse</span> <span class='ocrx_word' id='word_1_52' title='bbox 1045 733 1230 773; x_wconf 81' lang='lat' dir='ltr'>surrexit</span> 
     </span>
     <span class='ocr_line' id='line_1_9' title="bbox 203 804 1228 858; baseline -0.004 -12"><span class='ocrx_word' id='word_1_53' title='bbox 203 818 229 846; x_wconf 91' lang='lat' dir='ltr'>a</span> <span class='ocrx_word' id='word_1_54' title='bbox 259 807 458 858; x_wconf 83' lang='lat' dir='ltr'>mortuis,</span> <span class='ocrx_word' id='word_1_55' title='bbox 505 809 546 848; x_wconf 90' lang='lat' dir='ltr'>et</span> <span class='ocrx_word' id='word_1_56' title='bbox 577 807 670 846; x_wconf 88' lang='lat' dir='ltr'>ideo</span> <span class='ocrx_word' id='word_1_57' title='bbox 707 805 884 845; x_wconf 86' lang='lat' dir='ltr'>virtutes</span> <span class='ocrx_word' id='word_1_58' title='bbox 927 804 1155 856; x_wconf 82' lang='lat' dir='ltr'>operantur</span> <span class='ocrx_word' id='word_1_59' title='bbox 1184 804 1228 843; x_wconf 89' lang='lat' dir='ltr'>in</span> 
     </span>
     <span class='ocr_line' id='line_1_10' title="bbox 203 873 1228 929; baseline -0.004 -12"><span class='ocrx_word' id='word_1_60' title='bbox 203 888 266 917; x_wconf 91' lang='lat' dir='ltr'>eo.</span> <span class='ocrx_word' id='word_1_61' title='bbox 299 892 318 915; x_wconf 71' lang='grc' dir='ltr'>ι)</span> <span class='ocrx_word' id='word_1_62' title='bbox 352 877 450 918; x_wconf 81' lang='lat' dir='ltr'>Haec</span> <span class='ocrx_word' id='word_1_63' title='bbox 482 879 625 918; x_wconf 91' lang='lat' dir='ltr'>autem</span> <span class='ocrx_word' id='word_1_64' title='bbox 659 875 911 929; x_wconf 83' lang='lat' dir='ltr'>opinabatur</span> <span class='ocrx_word' id='word_1_65' title='bbox 930 876 1098 927; x_wconf 86' lang='lat' dir='ltr'>propter</span> <span class='ocrx_word' id='word_1_66' title='bbox 1125 873 1228 914; x_wconf 85' lang='lat' dir='ltr'>emi-</span> 
     </span>
     <span class='ocr_line' id='line_1_11' title="bbox 202 944 1226 998; baseline -0.004 -11"><span class='ocrx_word' id='word_1_67' title='bbox 202 947 388 988; x_wconf 90' lang='lat' dir='ltr'>nentiam</span> <span class='ocrx_word' id='word_1_68' title='bbox 425 947 655 988; x_wconf 84' lang='lat' dir='ltr'>sanctitatis</span> <span class='ocrx_word' id='word_1_69' title='bbox 692 946 810 996; x_wconf 72' lang='lat' dir='ltr'>vitae,</span> <span class='ocrx_word' id='word_1_70' title='bbox 849 945 950 998; x_wconf 89' lang='lat' dir='ltr'>quia</span> <span class='ocrx_word' id='word_1_71' title='bbox 967 976 976 993; x_wconf 88' lang='lat'>,</span> <span class='ocrx_word' id='word_1_72' title='bbox 1016 944 1121 984; x_wconf 88' lang='lat' dir='ltr'>sicut</span> <span class='ocrx_word' id='word_1_73' title='bbox 1159 944 1226 984; x_wconf 89' lang='lat' dir='ltr'>di-</span> 
     </span>
     <span class='ocr_line' id='line_1_12' title="bbox 202 1014 1222 1063; baseline -0.004 -6"><span class='ocrx_word' id='word_1_74' title='bbox 202 1017 332 1059; x_wconf 71' lang='lat' dir='ltr'>citur²</span> <span class='ocrx_word' id='word_1_75' title='bbox 349 1033 356 1058; x_wconf 93' lang='lat'>:</span> <span class='ocrx_word' id='word_1_76' title='bbox 381 1017 597 1059; x_wconf 87' lang='lat' dir='ltr'>«Herodes</span> <span class='ocrx_word' id='word_1_77' title='bbox 611 1019 753 1058; x_wconf 90' lang='lat' dir='ltr'>autem</span> <span class='ocrx_word' id='word_1_78' title='bbox 769 1016 983 1056; x_wconf 79' lang='lat' dir='ltr'>metuebat</span> <span class='ocrx_word' id='word_1_79' title='bbox 1002 1014 1021 1055; x_wconf 88' lang='lat' dir='ltr'>J</span> <span class='ocrx_word' id='word_1_80' title='bbox 1026 1026 1222 1063; x_wconf 90' lang='lat' dir='ltr'>oannem,</span> 
     </span>
     <span class='ocr_line' id='line_1_13' title="bbox 203 1085 1227 1140; baseline -0.002 -13"><span class='ocrx_word' id='word_1_81' title='bbox 203 1088 337 1129; x_wconf 88' lang='lat' dir='ltr'>sciens</span> <span class='ocrx_word' id='word_1_82' title='bbox 349 1101 447 1130; x_wconf 92' lang='lat' dir='ltr'>eum</span> <span class='ocrx_word' id='word_1_83' title='bbox 463 1089 604 1130; x_wconf 89' lang='lat' dir='ltr'>virum</span> <span class='ocrx_word' id='word_1_84' title='bbox 621 1090 784 1140; x_wconf 74' lang='lat' dir='ltr'>Justum</span> <span class='ocrx_word' id='word_1_85' title='bbox 804 1089 844 1128; x_wconf 90' lang='lat' dir='ltr'>et</span> <span class='ocrx_word' id='word_1_86' title='bbox 864 1088 1072 1126; x_wconf 86' lang='lat' dir='ltr'>sanctum.</span> <span class='ocrx_word' id='word_1_87' title='bbox 1087 1099 1106 1123; x_wconf 72' lang='grc'>1)</span> <span class='ocrx_word' id='word_1_88' title='bbox 1120 1085 1227 1125; x_wconf 84' lang='lat' dir='ltr'>Huic</span> 
     </span>
     <span class='ocr_line' id='line_1_14' title="bbox 201 1145 1227 1212; baseline -0.003 -13"><span class='ocrx_word' id='word_1_89' title='bbox 201 1160 344 1199; x_wconf 89' lang='lat' dir='ltr'>autem</span> <span class='ocrx_word' id='word_1_90' title='bbox 359 1158 547 1212; x_wconf 84' lang='lat' dir='ltr'>opinioni</span> <span class='ocrx_word' id='word_1_91' title='bbox 559 1145 642 1198; x_wconf 86' lang='lat' dir='ltr'>non</span> <span class='ocrx_word' id='word_1_92' title='bbox 654 1157 834 1197; x_wconf 77' lang='lat' dir='ltr'>firmiter</span> <span class='ocrx_word' id='word_1_93' title='bbox 846 1156 1088 1197; x_wconf 81' lang='lat' dir='ltr'>adhaerebat</span> <span class='ocrx_word' id='word_1_94' title='bbox 1102 1171 1110 1197; x_wconf 92' lang='lat'>:</span> <span class='ocrx_word' id='word_1_95' title='bbox 1134 1156 1227 1196; x_wconf 88' lang='lat' dir='ltr'>ideo</span> 
     </span>
     <span class='ocr_line' id='line_1_15' title="bbox 200 1226 1222 1281; baseline -0.004 -12"><span class='ocrx_word' id='word_1_96' title='bbox 200 1228 351 1269; x_wconf 88' lang='lat' dir='ltr'>dicitur</span> <span class='ocrx_word' id='word_1_97' title='bbox 389 1229 503 1281; x_wconf 90' lang='lat' dir='ltr'>quod</span> <span class='ocrx_word' id='word_1_98' title='bbox 530 1228 773 1278; x_wconf 76' lang='lat' dir='ltr'>hoesz&#39;tabat,</span> <span class='ocrx_word' id='word_1_99' title='bbox 803 1226 843 1277; x_wconf 53' lang='lat' dir='ltr'>td</span> <span class='ocrx_word' id='word_1_100' title='bbox 869 1229 953 1277; x_wconf 90' lang='lat' dir='ltr'>est,</span> <span class='ocrx_word' id='word_1_101' title='bbox 981 1226 1222 1275; x_wconf 80' lang='lat' dir='ltr'>vacillabat,</span> 
     </span>
    </p>
   </div>
   <div class='ocr_carea' id='block_1_3' title="bbox 196 1288 1222 1419">
    <p class='ocr_par' dir='ltr' id='par_1_3' title="bbox 196 1288 1222 1419">
     <span class='ocr_line' id='line_1_16' title="bbox 198 1288 1222 1349; baseline -0.001 -8"><span class='ocrx_word' id='word_1_102' title='bbox 198 1302 433 1342; x_wconf 89' lang='lat' dir='ltr'>secundum</span> <span class='ocrx_word' id='word_1_103' title='bbox 473 1288 576 1341; x_wconf 87' lang='lat' dir='ltr'>illud</span> <span class='ocrx_word' id='word_1_104' title='bbox 610 1300 753 1341; x_wconf 84' lang='lat' dir='ltr'>Jacobi</span> <span class='ocrx_word' id='word_1_105' title='bbox 791 1304 804 1325; x_wconf 83' lang='lat'>³</span> <span class='ocrx_word' id='word_1_106' title='bbox 843 1312 899 1340; x_wconf 76' lang='lat' dir='ltr'>z«</span> <span class='ocrx_word' id='word_1_107' title='bbox 914 1298 994 1348; x_wconf 84' lang='lat' dir='ltr'>Qui</span> <span class='ocrx_word' id='word_1_108' title='bbox 1030 1299 1222 1349; x_wconf 84' lang='lat' dir='ltr'>haesitat,</span> 
     </span>
     <span class='ocr_line' id='line_1_17' title="bbox 196 1367 1221 1419; baseline 0 -11"><span class='ocrx_word' id='word_1_109' title='bbox 196 1368 345 1408; x_wconf 90' lang='lat' dir='ltr'>similis</span> <span class='ocrx_word' id='word_1_110' title='bbox 361 1369 423 1407; x_wconf 90' lang='lat' dir='ltr'>est</span> <span class='ocrx_word' id='word_1_111' title='bbox 441 1368 587 1408; x_wconf 88' lang='lat' dir='ltr'>fluctui</span> <span class='ocrx_word' id='word_1_112' title='bbox 607 1368 751 1417; x_wconf 87' lang='lat' dir='ltr'>maris,</span> <span class='ocrx_word' id='word_1_113' title='bbox 774 1367 847 1419; x_wconf 89' lang='lat' dir='ltr'>qui</span> <span class='ocrx_word' id='word_1_114' title='bbox 875 1379 900 1406; x_wconf 92' lang='lat' dir='ltr'>a</span> <span class='ocrx_word' id='word_1_115' title='bbox 927 1369 1054 1407; x_wconf 91' lang='lat' dir='ltr'>vento</span> <span class='ocrx_word' id='word_1_116' title='bbox 1076 1379 1221 1408; x_wconf 89' lang='lat' dir='ltr'>move-</span> 
     </span>
    </p>
   </div>
   <div class='ocr_carea' id='block_1_4' title="bbox 183 1437 1226 3328">
    <p class='ocr_par' dir='ltr' id='par_1_4' title="bbox 183 1437 1226 3033">
     <span class='ocr_line' id='line_1_18' title="bbox 196 1437 1225 1490; baseline -0.001 -11"><span class='ocrx_word' id='word_1_117' title='bbox 196 1441 279 1489; x_wconf 86' lang='lat' dir='ltr'>tur,</span> <span class='ocrx_word' id='word_1_118' title='bbox 298 1439 339 1478; x_wconf 91' lang='lat' dir='ltr'>et</span> <span class='ocrx_word' id='word_1_119' title='bbox 355 1438 663 1478; x_wconf 84' lang='lat' dir='ltr'>circumfertur.</span> <span class='ocrx_word' id='word_1_120' title='bbox 691 1452 710 1475; x_wconf 72' lang='lat' dir='ltr'>n</span> <span class='ocrx_word' id='word_1_121' title='bbox 743 1437 794 1477; x_wconf 91' lang='lat' dir='ltr'>Et</span> <span class='ocrx_word' id='word_1_122' title='bbox 826 1438 907 1477; x_wconf 91' lang='lat' dir='ltr'>hoc</span> <span class='ocrx_word' id='word_1_123' title='bbox 937 1440 1026 1477; x_wconf 86' lang='lat' dir='ltr'>erat</span> <span class='ocrx_word' id='word_1_124' title='bbox 1054 1441 1225 1490; x_wconf 89' lang='lat' dir='ltr'>propter</span> 
     </span>
     <span class='ocr_line' id='line_1_19' title="bbox 195 1507 1225 1562; baseline 0 -12"><span class='ocrx_word' id='word_1_125' title='bbox 195 1510 298 1550; x_wconf 89' lang='lat' dir='ltr'>alias</span> <span class='ocrx_word' id='word_1_126' title='bbox 317 1509 557 1562; x_wconf 89' lang='lat' dir='ltr'>opiniones;</span> <span class='ocrx_word' id='word_1_127' title='bbox 580 1509 693 1549; x_wconf 91' lang='lat' dir='ltr'>unde</span> <span class='ocrx_word' id='word_1_128' title='bbox 715 1508 860 1549; x_wconf 88' lang='lat' dir='ltr'>subdit</span> <span class='ocrx_word' id='word_1_129' title='bbox 884 1522 893 1548; x_wconf 89' lang='lat'>:</span> <span class='ocrx_word' id='word_1_130' title='bbox 914 1509 949 1549; x_wconf 82' lang='lat' dir='ltr'><strong><em>A</em></strong></span> <span class='ocrx_word' id='word_1_131' title='bbox 972 1507 1225 1560; x_wconf 77' lang='lat' dir='ltr'>quibusdam</span> 
     </span>
     <span class='ocr_line' id='line_1_20' title="bbox 196 1579 1226 1633; baseline -0.005 -10"><span class='ocrx_word' id='word_1_132' title='bbox 196 1592 291 1623; x_wconf 84' lang='lat' dir='ltr'>vero</span> <span class='ocrx_word' id='word_1_133' title='bbox 311 1594 325 1622; x_wconf 93' lang='grc'>.·</span> <span class='ocrx_word' id='word_1_134' title='bbox 348 1581 465 1633; x_wconf 76' lang='lat' dir='ltr'>Quia</span> <span class='ocrx_word' id='word_1_135' title='bbox 484 1580 605 1622; x_wconf 79' lang='lat' dir='ltr'>Elias</span> <span class='ocrx_word' id='word_1_136' title='bbox 629 1580 856 1632; x_wconf 75' lang='lat' dir='ltr'>apparuit,</span> <span class='ocrx_word' id='word_1_137' title='bbox 879 1579 1095 1620; x_wconf 82' lang='lat' dir='ltr'>dicebatur</span> <span class='ocrx_word' id='word_1_138' title='bbox 1114 1579 1226 1619; x_wconf 76' lang='lat' dir='ltr'>seili-</span> 
     </span>
     <span class='ocr_line' id='line_1_21' title="bbox 195 1650 1225 1704; baseline -0.003 -12"><span class='ocrx_word' id='word_1_139' title='bbox 195 1654 272 1692; x_wconf 87' lang='lat' dir='ltr'>cet.</span> <span class='ocrx_word' id='word_1_140' title='bbox 284 1651 334 1692; x_wconf 86' lang='lat' dir='ltr'>Et</span> <span class='ocrx_word' id='word_1_141' title='bbox 350 1652 442 1692; x_wconf 83' lang='lat' dir='ltr'>haec</span> <span class='ocrx_word' id='word_1_142' title='bbox 454 1651 596 1704; x_wconf 90' lang='lat' dir='ltr'>opinio</span> <span class='ocrx_word' id='word_1_143' title='bbox 610 1650 835 1692; x_wconf 86' lang='lat' dir='ltr'>videbatur</span> <span class='ocrx_word' id='word_1_144' title='bbox 851 1650 1084 1702; x_wconf 88' lang='lat' dir='ltr'>probabilis</span> <span class='ocrx_word' id='word_1_145' title='bbox 1098 1662 1225 1703; x_wconf 88' lang='lat' dir='ltr'>prop-</span> 
     </span>
     <span class='ocr_line' id='line_1_22' title="bbox 194 1722 1224 1777; baseline -0.002 -11"><span class='ocrx_word' id='word_1_146' title='bbox 194 1727 258 1766; x_wconf 86' lang='lat' dir='ltr'>ter</span> <span class='ocrx_word' id='word_1_147' title='bbox 276 1725 548 1766; x_wconf 86' lang='lat' dir='ltr'>eminentiam</span> <span class='ocrx_word' id='word_1_148' title='bbox 569 1723 786 1777; x_wconf 82' lang='lat' dir='ltr'>potestatis</span> <span class='ocrx_word' id='word_1_149' title='bbox 800 1723 814 1745; x_wconf 75' lang='lat'><strong>⁴</strong></span> <span class='ocrx_word' id='word_1_150' title='bbox 835 1737 843 1763; x_wconf 90' lang='lat'>:</span> <span class='ocrx_word' id='word_1_151' title='bbox 869 1738 888 1761; x_wconf 85' lang='lat'>«</span> <span class='ocrx_word' id='word_1_152' title='bbox 905 1722 1098 1763; x_wconf 79' lang='lat' dir='ltr'>Surrexit</span> <span class='ocrx_word' id='word_1_153' title='bbox 1113 1724 1224 1764; x_wconf 87' lang='lat' dir='ltr'>Elias</span> 
     </span>
     <span class='ocr_line' id='line_1_23' title="bbox 192 1793 1223 1849; baseline 0 -13"><span class='ocrx_word' id='word_1_154' title='bbox 192 1796 411 1849; x_wconf 86' lang='lat' dir='ltr'>propheta,</span> <span class='ocrx_word' id='word_1_155' title='bbox 433 1795 554 1848; x_wconf 87' lang='lat' dir='ltr'>quasi</span> <span class='ocrx_word' id='word_1_156' title='bbox 588 1795 716 1847; x_wconf 84' lang='lat' dir='ltr'>ignis.</span> <span class='ocrx_word' id='word_1_157' title='bbox 736 1809 755 1832; x_wconf 86' lang='lat'>»</span> <span class='ocrx_word' id='word_1_158' title='bbox 788 1793 839 1834; x_wconf 90' lang='lat' dir='ltr'>Et</span> <span class='ocrx_word' id='word_1_159' title='bbox 858 1794 1050 1847; x_wconf 88' lang='lat' dir='ltr'>sequitur</span> <span class='ocrx_word' id='word_1_160' title='bbox 1073 1809 1081 1835; x_wconf 93' lang='lat'><strong>:</strong></span> <span class='ocrx_word' id='word_1_161' title='bbox 1112 1811 1131 1834; x_wconf 86' lang='lat'>«</span> <span class='ocrx_word' id='word_1_162' title='bbox 1155 1795 1223 1836; x_wconf 90' lang='lat' dir='ltr'>Sic</span> 
     </span>
     <span class='ocr_line' id='line_1_24' title="bbox 193 1865 1217 1918; baseline -0.004 -11"><span class='ocrx_word' id='word_1_163' title='bbox 193 1866 473 1918; x_wconf 84' lang='lat' dir='ltr'>amplificatus</span> <span class='ocrx_word' id='word_1_164' title='bbox 492 1868 554 1906; x_wconf 88' lang='lat' dir='ltr'>est</span> <span class='ocrx_word' id='word_1_165' title='bbox 583 1865 693 1906; x_wconf 87' lang='lat' dir='ltr'>Elias</span> <span class='ocrx_word' id='word_1_166' title='bbox 724 1865 769 1904; x_wconf 89' lang='lat' dir='ltr'>in</span> <span class='ocrx_word' id='word_1_167' title='bbox 790 1865 1057 1906; x_wconf 88' lang='lat' dir='ltr'>mirabilibus</span> <span class='ocrx_word' id='word_1_168' title='bbox 1077 1867 1178 1906; x_wconf 87' lang='lat' dir='ltr'>suis.</span> <span class='ocrx_word' id='word_1_169' title='bbox 1198 1881 1217 1904; x_wconf 86' lang='grc'>))</span> 
     </span>
     <span class='ocr_line' id='line_1_25' title="bbox 192 1935 1220 1990; baseline 0 -13"><span class='ocrx_word' id='word_1_170' title='bbox 192 1936 244 1977; x_wconf 90' lang='lat' dir='ltr'>Et</span> <span class='ocrx_word' id='word_1_171' title='bbox 263 1937 355 1977; x_wconf 81' lang='lat' dir='ltr'>haec</span> <span class='ocrx_word' id='word_1_172' title='bbox 392 1936 536 1989; x_wconf 84' lang='lat' dir='ltr'>opinio</span> <span class='ocrx_word' id='word_1_173' title='bbox 569 1935 808 1976; x_wconf 85' lang='lat' dir='ltr'>credibilior</span> <span class='ocrx_word' id='word_1_174' title='bbox 836 1935 1073 1987; x_wconf 83' lang='lat' dir='ltr'>videbatur,</span> <span class='ocrx_word' id='word_1_175' title='bbox 1106 1938 1220 1990; x_wconf 88' lang='lat' dir='ltr'>quia,</span> 
     </span>
     <span class='ocr_line' id='line_1_26' title="bbox 191 2005 1221 2059; baseline 0.001 -12"><span class='ocrx_word' id='word_1_176' title='bbox 191 2006 298 2047; x_wconf 87' lang='lat' dir='ltr'>sicut</span> <span class='ocrx_word' id='word_1_177' title='bbox 334 2007 488 2048; x_wconf 86' lang='lat' dir='ltr'>dicitur</span> <span class='ocrx_word' id='word_1_178' title='bbox 515 2008 544 2057; x_wconf 77' lang='lat'>⁵,</span> <span class='ocrx_word' id='word_1_179' title='bbox 586 2021 604 2044; x_wconf 81' lang='lat'>(‹</span> <span class='ocrx_word' id='word_1_180' title='bbox 623 2005 806 2047; x_wconf 86' lang='lat' dir='ltr'>Joannes</span> <span class='ocrx_word' id='word_1_181' title='bbox 843 2006 1014 2058; x_wconf 87' lang='lat' dir='ltr'>quidem</span> <span class='ocrx_word' id='word_1_182' title='bbox 1047 2007 1221 2059; x_wconf 81' lang='lat' dir='ltr'>signum</span> 
     </span>
     <span class='ocr_line' id='line_1_27' title="bbox 190 2077 1218 2119; baseline 0 -1"><span class='ocrx_word' id='word_1_183' title='bbox 190 2078 286 2119; x_wconf 88' lang='lat' dir='ltr'>fecit</span> <span class='ocrx_word' id='word_1_184' title='bbox 304 2078 484 2119; x_wconf 93' lang='lat' dir='ltr'>nullum.</span> <span class='ocrx_word' id='word_1_185' title='bbox 509 2092 527 2115; x_wconf 75' lang='lat' dir='ltr'>n</span> <span class='ocrx_word' id='word_1_186' title='bbox 554 2078 670 2118; x_wconf 88' lang='lat' dir='ltr'>Unde</span> <span class='ocrx_word' id='word_1_187' title='bbox 693 2077 883 2118; x_wconf 86' lang='lat' dir='ltr'>Christus</span> <span class='ocrx_word' id='word_1_188' title='bbox 903 2078 1060 2118; x_wconf 85' lang='lat' dir='ltr'>faciens</span> <span class='ocrx_word' id='word_1_189' title='bbox 1090 2079 1218 2119; x_wconf 88' lang='lat' dir='ltr'>mira-</span> 
     </span>
     <span class='ocr_line' id='line_1_28' title="bbox 190 2148 1221 2199; baseline 0.001 -9"><span class='ocrx_word' id='word_1_190' title='bbox 190 2149 285 2190; x_wconf 89' lang='lat' dir='ltr'>cula</span> <span class='ocrx_word' id='word_1_191' title='bbox 305 2148 442 2199; x_wconf 84' lang='lat' dir='ltr'>magis</span> <span class='ocrx_word' id='word_1_192' title='bbox 461 2148 684 2189; x_wconf 89' lang='lat' dir='ltr'>videbatur</span> <span class='ocrx_word' id='word_1_193' title='bbox 703 2148 839 2198; x_wconf 87' lang='lat' dir='ltr'>Elias;</span> <span class='ocrx_word' id='word_1_194' title='bbox 867 2149 937 2189; x_wconf 91' lang='lat' dir='ltr'>sed</span> <span class='ocrx_word' id='word_1_195' title='bbox 959 2152 1101 2189; x_wconf 89' lang='lat' dir='ltr'>tamen</span> <span class='ocrx_word' id='word_1_196' title='bbox 1122 2150 1221 2191; x_wconf 91' lang='lat' dir='ltr'>huic</span> 
     </span>
     <span class='ocr_line' id='line_1_29' title="bbox 189 2219 1217 2272; baseline 0 -11"><span class='ocrx_word' id='word_1_197' title='bbox 189 2231 276 2261; x_wconf 92' lang='lat' dir='ltr'>non</span> <span class='ocrx_word' id='word_1_198' title='bbox 304 2231 452 2260; x_wconf 88' lang='lat' dir='ltr'>omnes</span> <span class='ocrx_word' id='word_1_199' title='bbox 473 2219 777 2269; x_wconf 88' lang='lat' dir='ltr'>assentiebant;</span> <span class='ocrx_word' id='word_1_200' title='bbox 807 2222 978 2272; x_wconf 87' lang='lat' dir='ltr'>propter</span> <span class='ocrx_word' id='word_1_201' title='bbox 1004 2221 1119 2272; x_wconf 88' lang='lat' dir='ltr'>quod</span> <span class='ocrx_word' id='word_1_202' title='bbox 1145 2222 1217 2261; x_wconf 87' lang='lat' dir='ltr'>ad-</span> 
     </span>
     <span class='ocr_line' id='line_1_30' title="bbox 188 2290 1221 2342; baseline 0.004 -12"><span class='ocrx_word' id='word_1_203' title='bbox 188 2290 272 2331; x_wconf 86' lang='lat' dir='ltr'>dit:</span> <span class='ocrx_word' id='word_1_204' title='bbox 296 2290 359 2331; x_wconf 82' lang='lat' dir='ltr'>Ab</span> <span class='ocrx_word' id='word_1_205' title='bbox 379 2291 482 2332; x_wconf 77' lang='lat' dir='ltr'>aliis</span> <span class='ocrx_word' id='word_1_206' title='bbox 499 2293 640 2332; x_wconf 82' lang='lat' dir='ltr'>autem</span> <span class='ocrx_word' id='word_1_207' title='bbox 651 2304 665 2330; x_wconf 95' lang='lat'>.·</span> <span class='ocrx_word' id='word_1_208' title='bbox 689 2290 797 2336; x_wconf 75' lang='lat' dir='ltr'>Quia</span> <span class='ocrx_word' id='word_1_209' title='bbox 813 2290 1019 2342; x_wconf 77' lang='lat' dir='ltr'>propheta</span> <span class='ocrx_word' id='word_1_210' title='bbox 1039 2302 1151 2333; x_wconf 66' lang='lat' dir='ltr'>tenus</span> <span class='ocrx_word' id='word_1_211' title='bbox 1171 2292 1221 2334; x_wconf 82' lang='lat' dir='ltr'>de</span> 
     </span>
     <span class='ocr_line' id='line_1_31' title="bbox 189 2358 1220 2414; baseline 0 -12"><span class='ocrx_word' id='word_1_212' title='bbox 189 2361 384 2413; x_wconf 76' lang='lat' dir='ltr'>antiquis</span> <span class='ocrx_word' id='word_1_213' title='bbox 398 2361 601 2402; x_wconf 71' lang='lat' dir='ltr'>surrexit.</span> <span class='ocrx_word' id='word_1_214' title='bbox 632 2358 683 2399; x_wconf 90' lang='lat' dir='ltr'>Et</span> <span class='ocrx_word' id='word_1_215' title='bbox 702 2360 795 2400; x_wconf 81' lang='lat' dir='ltr'>haec</span> <span class='ocrx_word' id='word_1_216' title='bbox 823 2360 1107 2412; x_wconf 82' lang='lat' dir='ltr'>opinabantur</span> <span class='ocrx_word' id='word_1_217' title='bbox 1125 2375 1220 2414; x_wconf 91' lang='lat' dir='ltr'>pro-</span> 
     </span>
     <span class='ocr_line' id='line_1_32' title="bbox 186 2428 1219 2481; baseline 0.001 -12"><span class='ocrx_word' id='word_1_218' title='bbox 186 2431 280 2481; x_wconf 87' lang='lat' dir='ltr'>pter</span> <span class='ocrx_word' id='word_1_219' title='bbox 310 2429 504 2470; x_wconf 87' lang='lat' dir='ltr'>notitiam</span> <span class='ocrx_word' id='word_1_220' title='bbox 532 2428 744 2478; x_wconf 80' lang='lat' dir='ltr'>veritatis,</span> <span class='ocrx_word' id='word_1_221' title='bbox 773 2429 873 2480; x_wconf 89' lang='lat' dir='ltr'>quia</span> <span class='ocrx_word' id='word_1_222' title='bbox 907 2430 1141 2470; x_wconf 86' lang='lat' dir='ltr'>secundum</span> <span class='ocrx_word' id='word_1_223' title='bbox 1173 2431 1219 2470; x_wconf 89' lang='lat' dir='ltr'>il-</span> 
     </span>
     <span class='ocr_line' id='line_1_33' title="bbox 186 2497 1219 2551; baseline 0.002 -12"><span class='ocrx_word' id='word_1_224' title='bbox 186 2499 282 2540; x_wconf 78' lang='grc'>111116</span> <span class='ocrx_word' id='word_1_225' title='bbox 298 2511 338 2539; x_wconf 75' lang='lat'>2«</span> <span class='ocrx_word' id='word_1_226' title='bbox 358 2497 451 2540; x_wconf 91' lang='lat' dir='ltr'>Non</span> <span class='ocrx_word' id='word_1_227' title='bbox 465 2498 586 2539; x_wconf 86' lang='lat' dir='ltr'>faciet</span> <span class='ocrx_word' id='word_1_228' title='bbox 605 2498 807 2538; x_wconf 89' lang='lat' dir='ltr'>Dominus</span> <span class='ocrx_word' id='word_1_229' title='bbox 820 2498 925 2538; x_wconf 86' lang='lat' dir='ltr'>Deus</span> <span class='ocrx_word' id='word_1_230' title='bbox 936 2499 1219 2551; x_wconf 86' lang='lat' dir='ltr'>verbum,nisi</span> 
     </span>
     <span class='ocr_line' id='line_1_34' title="bbox 187 2569 1218 2611; baseline -0.001 0"><span class='ocrx_word' id='word_1_231' title='bbox 187 2569 437 2611; x_wconf 87' lang='lat' dir='ltr'>revelaverit</span> <span class='ocrx_word' id='word_1_232' title='bbox 469 2571 678 2610; x_wconf 87' lang='lat' dir='ltr'>secretum</span> <span class='ocrx_word' id='word_1_233' title='bbox 707 2581 833 2609; x_wconf 89' lang='lat' dir='ltr'>suum</span> <span class='ocrx_word' id='word_1_234' title='bbox 866 2569 917 2608; x_wconf 88' lang='lat' dir='ltr'>ad</span> <span class='ocrx_word' id='word_1_235' title='bbox 944 2581 1087 2611; x_wconf 86' lang='lat' dir='ltr'>servos</span> <span class='ocrx_word' id='word_1_236' title='bbox 1119 2582 1218 2610; x_wconf 88' lang='lat' dir='ltr'>suos</span> 
     </span>
     <span class='ocr_line' id='line_1_35' title="bbox 185 2639 1216 2693; baseline 0 -12"><span class='ocrx_word' id='word_1_237' title='bbox 185 2640 427 2693; x_wconf 86' lang='lat' dir='ltr'>prophetas.</span> <span class='ocrx_word' id='word_1_238' title='bbox 446 2654 466 2677; x_wconf 87' lang='lat'>»</span> <span class='ocrx_word' id='word_1_239' title='bbox 497 2639 548 2680; x_wconf 88' lang='lat' dir='ltr'>Et</span> <span class='ocrx_word' id='word_1_240' title='bbox 579 2639 636 2679; x_wconf 91' lang='grc'>510</span> <span class='ocrx_word' id='word_1_241' title='bbox 665 2641 778 2691; x_wconf 82' lang='lat' dir='ltr'>patet</span> <span class='ocrx_word' id='word_1_242' title='bbox 808 2639 923 2691; x_wconf 84' lang='lat' dir='ltr'>quod</span> <span class='ocrx_word' id='word_1_243' title='bbox 951 2639 1106 2692; x_wconf 79' lang='lat' dir='ltr'>triplex</span> <span class='ocrx_word' id='word_1_244' title='bbox 1127 2643 1216 2681; x_wconf 88' lang='lat' dir='ltr'>erat</span> 
     </span>
     <span class='ocr_line' id='line_1_36' title="bbox 184 2710 1216 2764; baseline 0.001 -13"><span class='ocrx_word' id='word_1_245' title='bbox 184 2711 345 2763; x_wconf 86' lang='lat' dir='ltr'>opinio,</span> <span class='ocrx_word' id='word_1_246' title='bbox 364 2713 536 2763; x_wconf 83' lang='lat' dir='ltr'>propter</span> <span class='ocrx_word' id='word_1_247' title='bbox 555 2710 765 2763; x_wconf 84' lang='lat' dir='ltr'>triplicem</span> <span class='ocrx_word' id='word_1_248' title='bbox 781 2710 1071 2751; x_wconf 77' lang='lat' dir='ltr'>excellentiam</span> <span class='ocrx_word' id='word_1_249' title='bbox 1087 2724 1216 2764; x_wconf 87' lang='lat' dir='ltr'>quam</span> 
     </span>
     <span class='ocr_line' id='line_1_37' title="bbox 185 2779 1217 2835; baseline 0.002 -14"><span class='ocrx_word' id='word_1_250' title='bbox 185 2781 412 2821; x_wconf 83' lang='lat' dir='ltr'>audiebant</span> <span class='ocrx_word' id='word_1_251' title='bbox 432 2780 482 2821; x_wconf 90' lang='lat' dir='ltr'>de</span> <span class='ocrx_word' id='word_1_252' title='bbox 506 2779 682 2830; x_wconf 87' lang='lat' dir='ltr'>Christo,</span> <span class='ocrx_word' id='word_1_253' title='bbox 707 2780 859 2820; x_wconf 89' lang='lat' dir='ltr'>scilicet</span> <span class='ocrx_word' id='word_1_254' title='bbox 881 2781 1126 2832; x_wconf 76' lang='lat' dir='ltr'>sanctitatis,</span> <span class='ocrx_word' id='word_1_255' title='bbox 1146 2795 1217 2835; x_wconf 85' lang='lat' dir='ltr'>po-</span> 
     </span>
     <span class='ocr_line' id='line_1_38' title="bbox 183 2850 1216 2901; baseline 0.001 -9"><span class='ocrx_word' id='word_1_256' title='bbox 183 2851 358 2901; x_wconf 83' lang='lat' dir='ltr'>testatis,</span> <span class='ocrx_word' id='word_1_257' title='bbox 378 2852 419 2891; x_wconf 91' lang='lat' dir='ltr'>et</span> <span class='ocrx_word' id='word_1_258' title='bbox 437 2851 598 2891; x_wconf 83' lang='lat' dir='ltr'>notitiae</span> <span class='ocrx_word' id='word_1_259' title='bbox 618 2850 822 2891; x_wconf 62' lang='lat' dir='ltr'>veritatis</span> <span class='ocrx_word' id='word_1_260' title='bbox 844 2850 894 2891; x_wconf 90' lang='lat' dir='ltr'>Et</span> <span class='ocrx_word' id='word_1_261' title='bbox 916 2851 1008 2892; x_wconf 91' lang='lat' dir='ltr'>ideo</span> <span class='ocrx_word' id='word_1_262' title='bbox 1034 2851 1216 2894; x_wconf 87' lang='lat' dir='ltr'>invicem</span> 
     </span>
     <span class='ocr_line' id='line_1_39' title="bbox 185 2921 1216 2974; baseline 0.003 -13"><span class='ocrx_word' id='word_1_263' title='bbox 185 2922 472 2972; x_wconf 88' lang='lat' dir='ltr'>conferebant;</span> <span class='ocrx_word' id='word_1_264' title='bbox 497 2924 538 2962; x_wconf 91' lang='lat' dir='ltr'>et</span> <span class='ocrx_word' id='word_1_265' title='bbox 557 2921 732 2974; x_wconf 89' lang='lat' dir='ltr'>quidam</span> <span class='ocrx_word' id='word_1_266' title='bbox 745 2921 841 2972; x_wconf 89' lang='lat' dir='ltr'>hoc,</span> <span class='ocrx_word' id='word_1_267' title='bbox 864 2923 904 2962; x_wconf 92' lang='lat' dir='ltr'>et</span> <span class='ocrx_word' id='word_1_268' title='bbox 924 2922 1097 2974; x_wconf 87' lang='lat' dir='ltr'>quidam</span> <span class='ocrx_word' id='word_1_269' title='bbox 1112 2924 1216 2964; x_wconf 86' lang='lat' dir='ltr'>illud</span> 
     </span>
     <span class='ocr_line' id='line_1_40' title="bbox 187 2991 426 3033; baseline 0.008 -2"><span class='ocrx_word' id='word_1_270' title='bbox 187 2991 426 3033; x_wconf 85' lang='lat' dir='ltr'>credebant.</span> 
     </span>
    </p>

    <p class='ocr_par' dir='ltr' id='par_1_5' title="bbox 186 3060 1215 3328">
     <span class='ocr_line' id='line_1_41' title="bbox 237 3060 1215 3105; baseline 0.005 -5"><span class='ocrx_word' id='word_1_271' title='bbox 237 3060 402 3101; x_wconf 88' lang='lat' dir='ltr'>Tertius</span> <span class='ocrx_word' id='word_1_272' title='bbox 436 3064 578 3103; x_wconf 90' lang='lat' dir='ltr'>autem</span> <span class='ocrx_word' id='word_1_273' title='bbox 605 3062 704 3102; x_wconf 88' lang='lat' dir='ltr'>finis</span> <span class='ocrx_word' id='word_1_274' title='bbox 735 3062 813 3103; x_wconf 88' lang='lat' dir='ltr'>fuit</span> <span class='ocrx_word' id='word_1_275' title='bbox 848 3062 1042 3104; x_wconf 79' lang='lat' dir='ltr'>excitatio</span> <span class='ocrx_word' id='word_1_276' title='bbox 1074 3065 1215 3105; x_wconf 85' lang='lat' dir='ltr'>confe-</span> 
     </span>
     <span class='ocr_line' id='line_1_42' title="bbox 188 3130 1211 3187; baseline 0.005 -17"><span class='ocrx_word' id='word_1_277' title='bbox 188 3130 378 3171; x_wconf 90' lang='lat' dir='ltr'>rentium</span> <span class='ocrx_word' id='word_1_278' title='bbox 398 3132 449 3172; x_wconf 89' lang='lat' dir='ltr'>ad</span> <span class='ocrx_word' id='word_1_279' title='bbox 470 3132 790 3182; x_wconf 83' lang='lat' dir='ltr'>admirandum3</span> <span class='ocrx_word' id='word_1_280' title='bbox 813 3133 905 3173; x_wconf 91' lang='lat' dir='ltr'>ideo</span> <span class='ocrx_word' id='word_1_281' title='bbox 926 3134 1068 3174; x_wconf 89' lang='lat' dir='ltr'>subdit</span> <span class='ocrx_word' id='word_1_282' title='bbox 1088 3136 1142 3187; x_wconf 86' lang='lat' dir='ltr'>(v.</span> <span class='ocrx_word' id='word_1_283' title='bbox 1156 3136 1211 3187; x_wconf 83' lang='lat'>9):</span> 
     </span>
     <span class='ocr_line' id='line_1_43' title="bbox 186 3200 1215 3256; baseline 0.004 -15"><span class='ocrx_word' id='word_1_284' title='bbox 186 3200 241 3242; x_wconf 80' lang='lat' dir='ltr'>Et</span> <span class='ocrx_word' id='word_1_285' title='bbox 263 3201 327 3243; x_wconf 74' lang='lat' dir='ltr'>ait</span> <span class='ocrx_word' id='word_1_286' title='bbox 347 3201 559 3244; x_wconf 82' lang='lat' dir='ltr'>Herodes:</span> <span class='ocrx_word' id='word_1_287' title='bbox 576 3203 780 3246; x_wconf 72' lang='lat' dir='ltr'>Joarmem</span> <span class='ocrx_word' id='word_1_288' title='bbox 795 3214 867 3256; x_wconf 73' lang='lat' dir='ltr'>eqo</span> <span class='ocrx_word' id='word_1_289' title='bbox 889 3203 1105 3256; x_wconf 74' lang='lat' dir='ltr'>decollavi,</span> <span class='ocrx_word' id='word_1_290' title='bbox 1128 3208 1215 3246; x_wconf 84' lang='lat' dir='ltr'>tan-</span> 
     </span>
     <span class='ocr_line' id='line_1_44' title="bbox 186 3271 1214 3328; baseline 0.006 -18"><span class='ocrx_word' id='word_1_291' title='bbox 186 3282 317 3322; x_wconf 82' lang='lat' dir='ltr'>quam</span> <span class='ocrx_word' id='word_1_292' title='bbox 347 3271 499 3313; x_wconf 87' lang='lat' dir='ltr'>scilicet</span> <span class='ocrx_word' id='word_1_293' title='bbox 523 3272 740 3316; x_wconf 86' lang='lat' dir='ltr'>hominem</span> <span class='ocrx_word' id='word_1_294' title='bbox 766 3274 991 3316; x_wconf 86' lang='lat' dir='ltr'>mortalem</span> <span class='ocrx_word' id='word_1_295' title='bbox 1019 3278 1061 3315; x_wconf 91' lang='lat' dir='ltr'>et</span> <span class='ocrx_word' id='word_1_296' title='bbox 1078 3276 1214 3328; x_wconf 86' lang='lat' dir='ltr'>passi-</span> 
     </span>
    </p>
   </div>
   <div class='ocr_carea' id='block_1_5' title="bbox 184 3399 1214 3539">
    <p class='ocr_par' dir='ltr' id='par_1_6' title="bbox 184 3399 1214 3539">
     <span class='ocr_line' id='line_1_45' title="bbox 229 3399 1212 3444; baseline 0.007 -14"><span class='ocrx_word' id='word_1_297' title='bbox 229 3399 237 3418; x_wconf 93' lang='lat'><strong>¹</strong></span> <span class='ocrx_word' id='word_1_298' title='bbox 257 3400 393 3440; x_wconf 62' lang='lat' dir='ltr'>Mutila„</span> <span class='ocrx_word' id='word_1_299' title='bbox 415 3407 487 3440; x_wconf 76' lang='lat' dir='ltr'>XIV,</span> <span class='ocrx_word' id='word_1_300' title='bbox 509 3403 540 3433; x_wconf 86' lang='grc'>1.</span> <span class='ocrx_word' id='word_1_301' title='bbox 558 3418 599 3425; x_wconf 92' lang='lat'>—-</span> <span class='ocrx_word' id='word_1_302' title='bbox 618 3403 631 3424; x_wconf 59' lang='grc' dir='ltr'><strong>ἓ</strong></span> <span class='ocrx_word' id='word_1_303' title='bbox 645 3403 763 3443; x_wconf 59' lang='lat' dir='ltr'>Marc„</span> <span class='ocrx_word' id='word_1_304' title='bbox 785 3411 840 3444; x_wconf 78' lang='lat' dir='ltr'>vl,</span> <span class='ocrx_word' id='word_1_305' title='bbox 859 3406 909 3436; x_wconf 78' lang='lat'>20.</span> <span class='ocrx_word' id='word_1_306' title='bbox 932 3421 972 3429; x_wconf 91' lang='lat'>—</span> <span class='ocrx_word' id='word_1_307' title='bbox 993 3405 1006 3426; x_wconf 77' lang='lat'>³</span> <span class='ocrx_word' id='word_1_308' title='bbox 1022 3405 1106 3443; x_wconf 70' lang='lat' dir='ltr'>lac„</span> <span class='ocrx_word' id='word_1_309' title='bbox 1130 3413 1161 3444; x_wconf 85' lang='lat'>1,</span> <span class='ocrx_word' id='word_1_310' title='bbox 1181 3408 1212 3438; x_wconf 79' lang='grc' dir='ltr'>ὃ.</span> 
     </span>
     <span class='ocr_line' id='line_1_46' title="bbox 184 3446 1214 3493; baseline 0.008 -17"><span class='ocrx_word' id='word_1_311' title='bbox 184 3462 226 3470; x_wconf 92' lang='grc'>-</span> <span class='ocrx_word' id='word_1_312' title='bbox 247 3446 259 3465; x_wconf 84' lang='lat'>⁴</span> <span class='ocrx_word' id='word_1_313' title='bbox 283 3446 401 3484; x_wconf 85' lang='lat' dir='ltr'>Eccli.‚</span> <span class='ocrx_word' id='word_1_314' title='bbox 419 3454 545 3488; x_wconf 72' lang='lat' dir='ltr'>XLvm,</span> <span class='ocrx_word' id='word_1_315' title='bbox 567 3451 598 3488; x_wconf 81' lang='lat'>1,</span> <span class='ocrx_word' id='word_1_316' title='bbox 616 3450 647 3480; x_wconf 86' lang='lat'>4.</span> <span class='ocrx_word' id='word_1_317' title='bbox 663 3466 704 3473; x_wconf 91' lang='lat'>—</span> <span class='ocrx_word' id='word_1_318' title='bbox 724 3451 735 3469; x_wconf 78' lang='lat'>⁵</span> <span class='ocrx_word' id='word_1_319' title='bbox 753 3454 862 3489; x_wconf 82' lang='lat' dir='ltr'>Joan.,</span> <span class='ocrx_word' id='word_1_320' title='bbox 884 3459 916 3491; x_wconf 85' lang='lat' dir='ltr'>v,</span> <span class='ocrx_word' id='word_1_321' title='bbox 938 3453 988 3484; x_wconf 83' lang='lat'>41.</span> <span class='ocrx_word' id='word_1_322' title='bbox 1013 3469 1048 3474; x_wconf 77' lang='lat'>—</span> <span class='ocrx_word' id='word_1_323' title='bbox 1071 3453 1082 3470; x_wconf 75' lang='lat'><em>⁶</em></span> <span class='ocrx_word' id='word_1_324' title='bbox 1099 3452 1214 3493; x_wconf 70' lang='lat' dir='ltr'>Amos,</span> 
     </span>
     <span class='ocr_line' id='line_1_47' title="bbox 186 3493 1212 3539; baseline 0.008 -15"><span class='ocrx_word' id='word_1_325' title='bbox 186 3500 244 3532; x_wconf 77' lang='lat'>111,</span> <span class='ocrx_word' id='word_1_326' title='bbox 270 3494 301 3525; x_wconf 86' lang='lat'>7.</span> <span class='ocrx_word' id='word_1_327' title='bbox 328 3510 367 3516; x_wconf 85' lang='lat'><em>-</em></span> <span class='ocrx_word' id='word_1_328' title='bbox 389 3494 398 3512; x_wconf 83' lang='lat'><strong>⁷</strong></span> <span class='ocrx_word' id='word_1_329' title='bbox 419 3493 549 3533; x_wconf 65' lang='lat' dir='ltr'>Matth„</span> <span class='ocrx_word' id='word_1_330' title='bbox 572 3502 642 3535; x_wconf 79' lang='lat' dir='ltr'>xiv,</span> <span class='ocrx_word' id='word_1_331' title='bbox 666 3498 702 3537; x_wconf 80' lang='lat'>4,</span> <span class='ocrx_word' id='word_1_332' title='bbox 728 3499 779 3529; x_wconf 82' lang='lat'>10.</span> <span class='ocrx_word' id='word_1_333' title='bbox 802 3515 838 3521; x_wconf 93' lang='grc'><strong>-</strong></span> <span class='ocrx_word' id='word_1_334' title='bbox 860 3500 871 3517; x_wconf 78' lang='lat'>⁸</span> <span class='ocrx_word' id='word_1_335' title='bbox 893 3498 982 3530; x_wconf 75' lang='lat' dir='ltr'>Psal.</span> <span class='ocrx_word' id='word_1_336' title='bbox 1010 3507 1132 3539; x_wconf 77' lang='lat' dir='ltr'>Lxxvi,</span> <span class='ocrx_word' id='word_1_337' title='bbox 1162 3503 1212 3533; x_wconf 85' lang='lat'>15.</span> 
     </span>
    </p>
   </div>
   <div class='ocr_carea' id='block_1_6' title="bbox 2254 223 2331 262">
    <p class='ocr_par' dir='ltr' id='par_1_7' title="bbox 2254 223 2331 262">
     <span class='ocr_line' id='line_1_48' title="bbox 2254 223 2331 262; baseline 0.026 -2"><span class='ocrx_word' id='word_1_338' title='bbox 2254 223 2331 262; x_wconf 75' lang='lat'>453</span> 
     </span>
    </p>
   </div>
   <div class='ocr_carea' id='block_1_7' title="bbox 1287 307 2332 3332">
    <p class='ocr_par' dir='ltr' id='par_1_8' title="bbox 1297 307 2332 1562">
     <span class='ocr_line' id='line_1_49' title="bbox 1307 307 2332 360; baseline 0 -12"><span class='ocrx_word' id='word_1_339' title='bbox 1307 308 1452 348; x_wconf 89' lang='lat' dir='ltr'>bilem.</span> <span class='ocrx_word' id='word_1_340' title='bbox 1488 307 1609 347; x_wconf 87' lang='lat' dir='ltr'>Hunc</span> <span class='ocrx_word' id='word_1_341' title='bbox 1646 307 1920 348; x_wconf 86' lang='lat' dir='ltr'>decollaverat</span> <span class='ocrx_word' id='word_1_342' title='bbox 1950 307 2135 348; x_wconf 89' lang='lat' dir='ltr'>Herodes</span> <span class='ocrx_word' id='word_1_343' title='bbox 2162 309 2332 360; x_wconf 89' lang='lat' dir='ltr'>propter</span> 
     </span>
     <span class='ocr_line' id='line_1_50' title="bbox 1305 376 2326 428; baseline -0.002 -9"><span class='ocrx_word' id='word_1_344' title='bbox 1305 378 1325 419; x_wconf 90' lang='lat' dir='ltr'>J</span> <span class='ocrx_word' id='word_1_345' title='bbox 1329 378 1476 419; x_wconf 89' lang='lat' dir='ltr'>oannis</span> <span class='ocrx_word' id='word_1_346' title='bbox 1492 377 1728 427; x_wconf 86' lang='lat' dir='ltr'>veritatem,</span> <span class='ocrx_word' id='word_1_347' title='bbox 1749 378 1791 417; x_wconf 88' lang='lat' dir='ltr'>et</span> <span class='ocrx_word' id='word_1_348' title='bbox 1809 376 1982 417; x_wconf 91' lang='lat' dir='ltr'>Herodis</span> <span class='ocrx_word' id='word_1_349' title='bbox 1996 377 2326 428; x_wconf 77' lang='lat' dir='ltr'>malignitatem3</span> 
     </span>
     <span class='ocr_line' id='line_1_51' title="bbox 1305 447 2329 500; baseline -0.002 -11"><span class='ocrx_word' id='word_1_350' title='bbox 1305 449 1538 489; x_wconf 89' lang='lat' dir='ltr'>secundum</span> <span class='ocrx_word' id='word_1_351' title='bbox 1559 448 1671 500; x_wconf 89' lang='lat' dir='ltr'>quod</span> <span class='ocrx_word' id='word_1_352' title='bbox 1703 447 1855 487; x_wconf 88' lang='lat' dir='ltr'>dicitur</span> <span class='ocrx_word' id='word_1_353' title='bbox 1874 451 1887 473; x_wconf 88' lang='lat'><strong>⁷</strong></span> <span class='ocrx_word' id='word_1_354' title='bbox 1912 461 1920 487; x_wconf 72' lang='grc' dir='ltr'>ς</span> <span class='ocrx_word' id='word_1_355' title='bbox 1950 463 1969 486; x_wconf 75' lang='grc'>(1</span> <span class='ocrx_word' id='word_1_356' title='bbox 1987 447 2157 487; x_wconf 83' lang='lat' dir='ltr'>Dicebat</span> <span class='ocrx_word' id='word_1_357' title='bbox 2175 447 2329 487; x_wconf 90' lang='lat' dir='ltr'>Herodi</span> 
     </span>
     <span class='ocr_line' id='line_1_52' title="bbox 1304 518 2329 560; baseline -0.003 0"><span class='ocrx_word' id='word_1_358' title='bbox 1304 519 1510 560; x_wconf 84' lang='lat' dir='ltr'>Joannes:</span> <span class='ocrx_word' id='word_1_359' title='bbox 1535 518 1627 558; x_wconf 93' lang='lat' dir='ltr'>Non</span> <span class='ocrx_word' id='word_1_360' title='bbox 1652 518 1745 558; x_wconf 92' lang='lat' dir='ltr'>licet</span> <span class='ocrx_word' id='word_1_361' title='bbox 1764 518 1839 557; x_wconf 89' lang='lat' dir='ltr'>tibi</span> <span class='ocrx_word' id='word_1_362' title='bbox 1863 518 2020 558; x_wconf 88' lang='lat' dir='ltr'>habere</span> <span class='ocrx_word' id='word_1_363' title='bbox 2042 530 2222 558; x_wconf 81' lang='lat' dir='ltr'>uxorem</span> <span class='ocrx_word' id='word_1_364' title='bbox 2243 519 2329 557; x_wconf 80' lang='lat' dir='ltr'>fra-</span> 
     </span>
     <span class='ocr_line' id='line_1_53' title="bbox 1304 587 2331 641; baseline -0.003 -11"><span class='ocrx_word' id='word_1_365' title='bbox 1304 591 1381 630; x_wconf 86' lang='lat' dir='ltr'>tris</span> <span class='ocrx_word' id='word_1_366' title='bbox 1400 590 1477 630; x_wconf 90' lang='lat' dir='ltr'>tui.</span> <span class='ocrx_word' id='word_1_367' title='bbox 1500 604 1518 626; x_wconf 77' lang='grc'>»</span> <span class='ocrx_word' id='word_1_368' title='bbox 1552 589 1602 629; x_wconf 88' lang='lat' dir='ltr'>Et</span> <span class='ocrx_word' id='word_1_369' title='bbox 1623 589 1814 641; x_wconf 79' lang='lat' dir='ltr'>sequitur</span> <span class='ocrx_word' id='word_1_370' title='bbox 1832 591 1988 641; x_wconf 89' lang='lat' dir='ltr'>postea,</span> <span class='ocrx_word' id='word_1_371' title='bbox 2012 587 2125 640; x_wconf 88' lang='lat' dir='ltr'>quod</span> <span class='ocrx_word' id='word_1_372' title='bbox 2146 588 2199 627; x_wconf 92' lang='lat' dir='ltr'>ob</span> <span class='ocrx_word' id='word_1_373' title='bbox 2220 588 2331 627; x_wconf 88' lang='lat' dir='ltr'>hanc</span> 
     </span>
     <span class='ocr_line' id='line_1_54' title="bbox 1304 657 2330 709; baseline -0.004 -8"><span class='ocrx_word' id='word_1_374' title='bbox 1304 672 1473 701; x_wconf 86' lang='lat' dir='ltr'>causam</span> <span class='ocrx_word' id='word_1_375' title='bbox 1506 672 1604 700; x_wconf 89' lang='lat' dir='ltr'>eum</span> <span class='ocrx_word' id='word_1_376' title='bbox 1632 674 1651 697; x_wconf 89' lang='grc'>«</span> <span class='ocrx_word' id='word_1_377' title='bbox 1679 659 1912 700; x_wconf 88' lang='lat' dir='ltr'>decollavit.</span> <span class='ocrx_word' id='word_1_378' title='bbox 1944 673 1963 695; x_wconf 84' lang='grc'>»</span> <span class='ocrx_word' id='word_1_379' title='bbox 1992 658 2042 698; x_wconf 89' lang='lat' dir='ltr'>Et</span> <span class='ocrx_word' id='word_1_380' title='bbox 2071 658 2128 698; x_wconf 90' lang='lat' dir='ltr'>ita</span> <span class='ocrx_word' id='word_1_381' title='bbox 2156 670 2210 698; x_wconf 80' lang='lat' dir='ltr'>ex</span> <span class='ocrx_word' id='word_1_382' title='bbox 2241 657 2330 709; x_wconf 91' lang='lat' dir='ltr'>ipsa</span> 
     </span>
     <span class='ocr_line' id='line_1_55' title="bbox 1303 729 2331 783; baseline -0.006 -10"><span class='ocrx_word' id='word_1_383' title='bbox 1303 735 1439 772; x_wconf 88' lang='lat' dir='ltr'>morte</span> <span class='ocrx_word' id='word_1_384' title='bbox 1454 730 1670 783; x_wconf 78' lang='lat' dir='ltr'>judicabat</span> <span class='ocrx_word' id='word_1_385' title='bbox 1688 730 1738 781; x_wconf 78' lang='lat' dir='ltr'>(a)</span> <span class='ocrx_word' id='word_1_386' title='bbox 1756 730 1799 769; x_wconf 91' lang='lat' dir='ltr'>in</span> <span class='ocrx_word' id='word_1_387' title='bbox 1813 729 1987 779; x_wconf 84' lang='lat' dir='ltr'>Joanne,</span> <span class='ocrx_word' id='word_1_388' title='bbox 2005 731 2331 781; x_wconf 87' lang='lat' dir='ltr'>quantumcum-</span> 
     </span>
     <span class='ocr_line' id='line_1_56' title="bbox 1303 799 2329 856; baseline -0.004 -13"><span class='ocrx_word' id='word_1_389' title='bbox 1303 815 1386 856; x_wconf 88' lang='lat' dir='ltr'>que</span> <span class='ocrx_word' id='word_1_390' title='bbox 1437 812 1623 852; x_wconf 82' lang='lat' dir='ltr'>magnus</span> <span class='ocrx_word' id='word_1_391' title='bbox 1669 800 1968 852; x_wconf 70' lang='lat' dir='ltr'>praedicaretur</span> <span class='ocrx_word' id='word_1_392' title='bbox 1984 831 1994 850; x_wconf 89' lang='lat'>,</span> <span class='ocrx_word' id='word_1_393' title='bbox 2040 799 2329 839; x_wconf 86' lang='lat' dir='ltr'>infirmitatem</span> 
     </span>
     <span class='ocr_line' id='line_1_57' title="bbox 1302 869 2328 924; baseline -0.004 -10"><span class='ocrx_word' id='word_1_394' title='bbox 1302 885 1404 915; x_wconf 87' lang='lat' dir='ltr'>esse.</span> <span class='ocrx_word' id='word_1_395' title='bbox 1428 872 1478 913; x_wconf 91' lang='lat' dir='ltr'>Et</span> <span class='ocrx_word' id='word_1_396' title='bbox 1496 873 1717 924; x_wconf 89' lang='lat' dir='ltr'>propterea</span> <span class='ocrx_word' id='word_1_397' title='bbox 1737 882 1789 910; x_wconf 76' lang='lat' dir='ltr'>ex</span> <span class='ocrx_word' id='word_1_398' title='bbox 1820 870 1900 909; x_wconf 91' lang='lat' dir='ltr'>hac</span> <span class='ocrx_word' id='word_1_399' title='bbox 1925 869 2236 921; x_wconf 88' lang='lat' dir='ltr'>comparatione</span> <span class='ocrx_word' id='word_1_400' title='bbox 2255 869 2328 910; x_wconf 90' lang='lat' dir='ltr'>ad-</span> 
     </span>
     <span class='ocr_line' id='line_1_58' title="bbox 1302 941 2325 990; baseline -0.004 -5"><span class='ocrx_word' id='word_1_401' title='bbox 1302 944 1537 985; x_wconf 88' lang='lat' dir='ltr'>mirabatur</span> <span class='ocrx_word' id='word_1_402' title='bbox 1562 941 1715 983; x_wconf 86' lang='lat' dir='ltr'>Christi</span> <span class='ocrx_word' id='word_1_403' title='bbox 1752 941 1974 990; x_wconf 80' lang='lat' dir='ltr'>virtutem3</span> <span class='ocrx_word' id='word_1_404' title='bbox 2009 941 2121 980; x_wconf 86' lang='lat' dir='ltr'>unde</span> <span class='ocrx_word' id='word_1_405' title='bbox 2152 941 2325 981; x_wconf 89' lang='lat' dir='ltr'>subdit:</span> 
     </span>
     <span class='ocr_line' id='line_1_59' title="bbox 1307 1011 2328 1064; baseline -0.004 -7"><span class='ocrx_word' id='word_1_406' title='bbox 1307 1016 1408 1064; x_wconf 74' lang='lat' dir='ltr'>Quis</span> <span class='ocrx_word' id='word_1_407' title='bbox 1428 1018 1488 1057; x_wconf 79' lang='lat' dir='ltr'>est</span> <span class='ocrx_word' id='word_1_408' title='bbox 1508 1017 1650 1056; x_wconf 80' lang='lat' dir='ltr'>autem</span> <span class='ocrx_word' id='word_1_409' title='bbox 1669 1014 1760 1063; x_wconf 76' lang='lat' dir='ltr'>iste,</span> <span class='ocrx_word' id='word_1_410' title='bbox 1781 1012 1831 1053; x_wconf 80' lang='lat' dir='ltr'>cle</span> <span class='ocrx_word' id='word_1_411' title='bbox 1849 1022 1927 1064; x_wconf 81' lang='lat' dir='ltr'>quo</span> <span class='ocrx_word' id='word_1_412' title='bbox 1949 1022 2020 1064; x_wconf 75' lang='grc'>090</span> <span class='ocrx_word' id='word_1_413' title='bbox 2037 1011 2147 1054; x_wconf 72' lang='lat' dir='ltr'>talia</span> <span class='ocrx_word' id='word_1_414' title='bbox 2162 1012 2295 1054; x_wconf 75' lang='lat' dir='ltr'>auctio</span> <span class='ocrx_word' id='word_1_415' title='bbox 2308 1015 2328 1053; x_wconf 69' lang='grc' dir='ltr'><em>Ρ</em></span> 
     </span>
     <span class='ocr_line' id='line_1_60' title="bbox 1301 1083 2330 1136; baseline -0.004 -9"><span class='ocrx_word' id='word_1_416' title='bbox 1301 1086 1344 1127; x_wconf 89' lang='lat' dir='ltr'>id</span> <span class='ocrx_word' id='word_1_417' title='bbox 1364 1088 1447 1136; x_wconf 85' lang='lat' dir='ltr'>est,</span> <span class='ocrx_word' id='word_1_418' title='bbox 1480 1087 1567 1126; x_wconf 88' lang='lat' dir='ltr'>tam</span> <span class='ocrx_word' id='word_1_419' title='bbox 1587 1097 1749 1136; x_wconf 76' lang='lat' dir='ltr'>magna</span> <span class='ocrx_word' id='word_1_420' title='bbox 1767 1083 1995 1133; x_wconf 80' lang='lat' dir='ltr'>mirabilia3</span> <span class='ocrx_word' id='word_1_421' title='bbox 2026 1084 2137 1124; x_wconf 88' lang='lat' dir='ltr'>unde</span> <span class='ocrx_word' id='word_1_422' title='bbox 2165 1086 2330 1135; x_wconf 81' lang='lat' dir='ltr'>poterat</span> 
     </span>
     <span class='ocr_line' id='line_1_61' title="bbox 1301 1155 2328 1208; baseline -0.002 -11"><span class='ocrx_word' id='word_1_423' title='bbox 1301 1157 1470 1208; x_wconf 52' lang='lat' dir='ltr'>dicere?</span> <span class='ocrx_word' id='word_1_424' title='bbox 1503 1170 1512 1196; x_wconf 75' lang='grc' dir='ltr'>ε</span> <span class='ocrx_word' id='word_1_425' title='bbox 1551 1171 1570 1193; x_wconf 68' lang='grc'>(1</span> <span class='ocrx_word' id='word_1_426' title='bbox 1598 1155 1698 1205; x_wconf 81' lang='lat' dir='ltr'>Quis</span> <span class='ocrx_word' id='word_1_427' title='bbox 1724 1155 1831 1196; x_wconf 90' lang='lat' dir='ltr'>Deus</span> <span class='ocrx_word' id='word_1_428' title='bbox 1864 1166 2048 1206; x_wconf 84' lang='lat' dir='ltr'>magnus</span> <span class='ocrx_word' id='word_1_429' title='bbox 2080 1155 2187 1195; x_wconf 88' lang='lat' dir='ltr'>sicut</span> <span class='ocrx_word' id='word_1_430' title='bbox 2218 1155 2328 1195; x_wconf 86' lang='lat' dir='ltr'>Deus</span> 
     </span>
     <span class='ocr_line' id='line_1_62' title="bbox 1301 1225 2327 1279; baseline -0.002 -11"><span class='ocrx_word' id='word_1_431' title='bbox 1301 1229 1470 1269; x_wconf 87' lang='lat' dir='ltr'>noster?</span> <span class='ocrx_word' id='word_1_432' title='bbox 1503 1227 1567 1267; x_wconf 92' lang='lat' dir='ltr'>Tu</span> <span class='ocrx_word' id='word_1_433' title='bbox 1597 1238 1641 1267; x_wconf 88' lang='lat' dir='ltr'>es</span> <span class='ocrx_word' id='word_1_434' title='bbox 1659 1227 1733 1279; x_wconf 91' lang='lat' dir='ltr'>qui</span> <span class='ocrx_word' id='word_1_435' title='bbox 1752 1226 1852 1266; x_wconf 87' lang='lat' dir='ltr'>facis</span> <span class='ocrx_word' id='word_1_436' title='bbox 1876 1225 2112 1266; x_wconf 83' lang='lat' dir='ltr'>mirabilia:</span> <span class='ocrx_word' id='word_1_437' title='bbox 2138 1240 2156 1263; x_wconf 76' lang='lat' dir='ltr'>n</span> <span class='ocrx_word' id='word_1_438' title='bbox 2184 1226 2327 1278; x_wconf 89' lang='lat' dir='ltr'>qualia</span> 
     </span>
     <span class='ocr_line' id='line_1_63' title="bbox 1299 1297 2322 1347; baseline -0.001 -8"><span class='ocrx_word' id='word_1_439' title='bbox 1299 1299 1454 1339; x_wconf 89' lang='lat' dir='ltr'>scilicet</span> <span class='ocrx_word' id='word_1_440' title='bbox 1472 1310 1558 1338; x_wconf 90' lang='lat' dir='ltr'>non</span> <span class='ocrx_word' id='word_1_441' title='bbox 1583 1300 1702 1338; x_wconf 86' lang='lat' dir='ltr'>erant</span> <span class='ocrx_word' id='word_1_442' title='bbox 1726 1298 1880 1347; x_wconf 86' lang='lat' dir='ltr'>audita,</span> <span class='ocrx_word' id='word_1_443' title='bbox 1903 1297 2134 1337; x_wconf 88' lang='lat' dir='ltr'>secundum</span> <span class='ocrx_word' id='word_1_444' title='bbox 2155 1297 2257 1337; x_wconf 91' lang='lat' dir='ltr'>illud</span> <span class='ocrx_word' id='word_1_445' title='bbox 2279 1301 2292 1322; x_wconf 76' lang='lat'>⁹</span> <span class='ocrx_word' id='word_1_446' title='bbox 2313 1312 2322 1338; x_wconf 76' lang='lat' dir='ltr'>t</span> 
     </span>
     <span class='ocr_line' id='line_1_64' title="bbox 1305 1368 2325 1420; baseline -0.003 -10"><span class='ocrx_word' id='word_1_447' title='bbox 1305 1385 1324 1406; x_wconf 88' lang='lat'>«</span> <span class='ocrx_word' id='word_1_448' title='bbox 1343 1370 1379 1409; x_wconf 88' lang='lat' dir='ltr'>A</span> <span class='ocrx_word' id='word_1_449' title='bbox 1399 1369 1554 1409; x_wconf 85' lang='lat' dir='ltr'>saeculo</span> <span class='ocrx_word' id='word_1_450' title='bbox 1574 1381 1660 1408; x_wconf 90' lang='lat' dir='ltr'>non</span> <span class='ocrx_word' id='word_1_451' title='bbox 1680 1371 1741 1408; x_wconf 89' lang='lat' dir='ltr'>est</span> <span class='ocrx_word' id='word_1_452' title='bbox 1760 1368 1972 1418; x_wconf 87' lang='lat' dir='ltr'>auditum,</span> <span class='ocrx_word' id='word_1_453' title='bbox 1995 1368 2095 1420; x_wconf 88' lang='lat' dir='ltr'>quia</span> <span class='ocrx_word' id='word_1_454' title='bbox 2112 1368 2206 1420; x_wconf 90' lang='lat' dir='ltr'>quis</span> <span class='ocrx_word' id='word_1_455' title='bbox 2226 1379 2325 1420; x_wconf 87' lang='lat' dir='ltr'>ape-</span> 
     </span>
     <span class='ocr_line' id='line_1_65' title="bbox 1297 1438 2321 1488; baseline -0.001 -8"><span class='ocrx_word' id='word_1_456' title='bbox 1297 1440 1385 1481; x_wconf 89' lang='lat' dir='ltr'>ruit</span> <span class='ocrx_word' id='word_1_457' title='bbox 1413 1441 1556 1480; x_wconf 92' lang='lat' dir='ltr'>oculos</span> <span class='ocrx_word' id='word_1_458' title='bbox 1585 1440 1682 1479; x_wconf 85' lang='lat' dir='ltr'>caeci</span> <span class='ocrx_word' id='word_1_459' title='bbox 1703 1439 1805 1479; x_wconf 85' lang='lat' dir='ltr'>nati.</span> <span class='ocrx_word' id='word_1_460' title='bbox 1836 1438 1924 1478; x_wconf 90' lang='lat' dir='ltr'>Nisi</span> <span class='ocrx_word' id='word_1_461' title='bbox 1946 1441 2054 1479; x_wconf 86' lang='lat' dir='ltr'>esset</span> <span class='ocrx_word' id='word_1_462' title='bbox 2083 1439 2152 1479; x_wconf 88' lang='lat' dir='ltr'>hic</span> <span class='ocrx_word' id='word_1_463' title='bbox 2172 1452 2196 1479; x_wconf 91' lang='lat' dir='ltr'>a</span> <span class='ocrx_word' id='word_1_464' title='bbox 2216 1439 2321 1488; x_wconf 88' lang='lat' dir='ltr'>Deo,</span> 
     </span>
     <span class='ocr_line' id='line_1_66' title="bbox 1297 1509 2025 1562; baseline -0.004 -12"><span class='ocrx_word' id='word_1_465' title='bbox 1297 1522 1383 1551; x_wconf 91' lang='lat' dir='ltr'>non</span> <span class='ocrx_word' id='word_1_466' title='bbox 1404 1512 1565 1562; x_wconf 86' lang='lat' dir='ltr'>poterat</span> <span class='ocrx_word' id='word_1_467' title='bbox 1586 1510 1722 1550; x_wconf 87' lang='lat' dir='ltr'>facere</span> <span class='ocrx_word' id='word_1_468' title='bbox 1742 1509 1989 1562; x_wconf 91' lang='lat' dir='ltr'>quidquam.</span> <span class='ocrx_word' id='word_1_469' title='bbox 2006 1523 2025 1546; x_wconf 85' lang='grc'>))</span> 
     </span>
    </p>

    <p class='ocr_par' dir='ltr' id='par_1_9' title="bbox 1291 1579 2325 2480">
     <span class='ocr_line' id='line_1_67' title="bbox 1350 1579 2324 1629; baseline -0.003 -8"><span class='ocrx_word' id='word_1_470' title='bbox 1350 1580 1534 1629; x_wconf 83' lang='lat' dir='ltr'>Quartus</span> <span class='ocrx_word' id='word_1_471' title='bbox 1560 1580 1657 1620; x_wconf 89' lang='lat' dir='ltr'>finis</span> <span class='ocrx_word' id='word_1_472' title='bbox 1685 1580 1762 1620; x_wconf 85' lang='lat' dir='ltr'>fuit</span> <span class='ocrx_word' id='word_1_473' title='bbox 1799 1579 1994 1620; x_wconf 81' lang='lat' dir='ltr'>excitatio</span> <span class='ocrx_word' id='word_1_474' title='bbox 2023 1579 2324 1619; x_wconf 86' lang='lat' dir='ltr'>admirantium</span> 
     </span>
     <span class='ocr_line' id='line_1_68' title="bbox 1296 1649 2323 1702; baseline -0.003 -11"><span class='ocrx_word' id='word_1_475' title='bbox 1296 1651 1349 1692; x_wconf 88' lang='lat' dir='ltr'>ad</span> <span class='ocrx_word' id='word_1_476' title='bbox 1370 1650 1731 1702; x_wconf 77' lang='lat' dir='ltr'>conspiciendum3</span> <span class='ocrx_word' id='word_1_477' title='bbox 1760 1652 1931 1702; x_wconf 89' lang='lat' dir='ltr'>propter</span> <span class='ocrx_word' id='word_1_478' title='bbox 1956 1649 2069 1702; x_wconf 91' lang='lat' dir='ltr'>quod</span> <span class='ocrx_word' id='word_1_479' title='bbox 2098 1649 2291 1689; x_wconf 87' lang='lat' dir='ltr'>subditur</span> <span class='ocrx_word' id='word_1_480' title='bbox 2313 1661 2323 1689; x_wconf 91' lang='lat'><strong>:</strong></span> 
     </span>
     <span class='ocr_line' id='line_1_69' title="bbox 1297 1720 2322 1774; baseline -0.003 -12"><span class='ocrx_word' id='word_1_481' title='bbox 1297 1723 1357 1764; x_wconf 75' lang='lat' dir='ltr'>Ec</span> <span class='ocrx_word' id='word_1_482' title='bbox 1376 1721 1583 1774; x_wconf 69' lang='lat' dir='ltr'>qzcoerebctt</span> <span class='ocrx_word' id='word_1_483' title='bbox 1602 1720 1742 1762; x_wconf 76' lang='lat' dir='ltr'>videre</span> <span class='ocrx_word' id='word_1_484' title='bbox 1762 1731 1872 1762; x_wconf 80' lang='lat' dir='ltr'>eum.</span> <span class='ocrx_word' id='word_1_485' title='bbox 1901 1720 2097 1760; x_wconf 88' lang='lat' dir='ltr'>Libenter</span> <span class='ocrx_word' id='word_1_486' title='bbox 2126 1720 2240 1760; x_wconf 89' lang='lat' dir='ltr'>enim</span> <span class='ocrx_word' id='word_1_487' title='bbox 2260 1720 2322 1761; x_wconf 88' lang='lat' dir='ltr'>vi-</span> 
     </span>
     <span class='ocr_line' id='line_1_70' title="bbox 1296 1790 2325 1844; baseline -0.002 -12"><span class='ocrx_word' id='word_1_488' title='bbox 1296 1793 1445 1832; x_wconf 85' lang='lat' dir='ltr'>demus</span> <span class='ocrx_word' id='word_1_489' title='bbox 1465 1791 1579 1844; x_wconf 87' lang='lat' dir='ltr'>quod</span> <span class='ocrx_word' id='word_1_490' title='bbox 1599 1790 1876 1831; x_wconf 87' lang='lat' dir='ltr'>admiramur.</span> <span class='ocrx_word' id='word_1_491' title='bbox 1899 1790 1987 1831; x_wconf 89' lang='lat' dir='ltr'>Hoc</span> <span class='ocrx_word' id='word_1_492' title='bbox 2004 1793 2146 1830; x_wconf 85' lang='lat' dir='ltr'>tamen</span> <span class='ocrx_word' id='word_1_493' title='bbox 2162 1802 2247 1830; x_wconf 91' lang='lat' dir='ltr'>non</span> <span class='ocrx_word' id='word_1_494' title='bbox 2262 1792 2325 1830; x_wconf 89' lang='lat' dir='ltr'>est</span> 
     </span>
     <span class='ocr_line' id='line_1_71' title="bbox 1297 1860 2321 1912; baseline -0.001 -10"><span class='ocrx_word' id='word_1_495' title='bbox 1297 1866 1398 1902; x_wconf 87' lang='lat' dir='ltr'>tunc</span> <span class='ocrx_word' id='word_1_496' title='bbox 1426 1864 1656 1912; x_wconf 77' lang='lat' dir='ltr'>assecutus,</span> <span class='ocrx_word' id='word_1_497' title='bbox 1693 1861 1925 1901; x_wconf 89' lang='lat' dir='ltr'>secundum</span> <span class='ocrx_word' id='word_1_498' title='bbox 1958 1861 2070 1912; x_wconf 89' lang='lat' dir='ltr'>quod</span> <span class='ocrx_word' id='word_1_499' title='bbox 2089 1860 2242 1900; x_wconf 85' lang='lat' dir='ltr'>dicitur</span> <span class='ocrx_word' id='word_1_500' title='bbox 2260 1861 2287 1882; x_wconf 86' lang='lat'>¹⁰</span> <span class='ocrx_word' id='word_1_501' title='bbox 2310 1872 2321 1901; x_wconf 88' lang='lat'>:</span> 
     </span>
     <span class='ocr_line' id='line_1_72' title="bbox 1301 1931 2324 1984; baseline 0 -12"><span class='ocrx_word' id='word_1_502' title='bbox 1301 1948 1319 1972; x_wconf 84' lang='lat'>&lt;‹</span> <span class='ocrx_word' id='word_1_503' title='bbox 1340 1932 1437 1973; x_wconf 84' lang='lat' dir='ltr'>Dico</span> <span class='ocrx_word' id='word_1_504' title='bbox 1457 1932 1569 1972; x_wconf 89' lang='lat' dir='ltr'>enim</span> <span class='ocrx_word' id='word_1_505' title='bbox 1596 1931 1717 1972; x_wconf 90' lang='lat' dir='ltr'>vobis</span> <span class='ocrx_word' id='word_1_506' title='bbox 1744 1932 1858 1984; x_wconf 87' lang='lat' dir='ltr'>quod</span> <span class='ocrx_word' id='word_1_507' title='bbox 1892 1931 2015 1971; x_wconf 88' lang='lat' dir='ltr'>multi</span> <span class='ocrx_word' id='word_1_508' title='bbox 2041 1931 2257 1984; x_wconf 73' lang='lat' dir='ltr'>prophetae</span> <span class='ocrx_word' id='word_1_509' title='bbox 2283 1932 2324 1972; x_wconf 91' lang='lat' dir='ltr'>et</span> 
     </span>
     <span class='ocr_line' id='line_1_73' title="bbox 1294 2002 2323 2055; baseline -0.003 -11"><span class='ocrx_word' id='word_1_510' title='bbox 1294 2015 1417 2055; x_wconf 81' lang='lat' dir='ltr'>reges</span> <span class='ocrx_word' id='word_1_511' title='bbox 1442 2002 1671 2043; x_wconf 89' lang='lat' dir='ltr'>voluerunt</span> <span class='ocrx_word' id='word_1_512' title='bbox 1692 2002 1834 2043; x_wconf 91' lang='lat' dir='ltr'>videre</span> <span class='ocrx_word' id='word_1_513' title='bbox 1856 2014 1951 2054; x_wconf 85' lang='lat' dir='ltr'>quae</span> <span class='ocrx_word' id='word_1_514' title='bbox 1980 2013 2056 2042; x_wconf 88' lang='lat' dir='ltr'>vos</span> <span class='ocrx_word' id='word_1_515' title='bbox 2086 2002 2259 2052; x_wconf 77' lang='lat' dir='ltr'>videtiS,</span> <span class='ocrx_word' id='word_1_516' title='bbox 2282 2004 2323 2042; x_wconf 90' lang='lat' dir='ltr'>et</span> 
     </span>
     <span class='ocr_line' id='line_1_74' title="bbox 1293 2072 2322 2123; baseline 0 -10"><span class='ocrx_word' id='word_1_517' title='bbox 1293 2085 1380 2114; x_wconf 90' lang='lat' dir='ltr'>non</span> <span class='ocrx_word' id='word_1_518' title='bbox 1400 2073 1644 2123; x_wconf 78' lang='lat' dir='ltr'>viderunt‚›)</span> <span class='ocrx_word' id='word_1_519' title='bbox 1665 2075 1741 2113; x_wconf 88' lang='lat' dir='ltr'>etc.</span> <span class='ocrx_word' id='word_1_520' title='bbox 1762 2072 1848 2112; x_wconf 91' lang='lat' dir='ltr'>Hoc</span> <span class='ocrx_word' id='word_1_521' title='bbox 1867 2072 1993 2112; x_wconf 87' lang='lat' dir='ltr'>etiam</span> <span class='ocrx_word' id='word_1_522' title='bbox 2012 2084 2098 2112; x_wconf 90' lang='lat' dir='ltr'>non</span> <span class='ocrx_word' id='word_1_523' title='bbox 2118 2072 2198 2112; x_wconf 90' lang='lat' dir='ltr'>fuit</span> <span class='ocrx_word' id='word_1_524' title='bbox 2217 2084 2322 2113; x_wconf 87' lang='lat' dir='ltr'>asse-</span> 
     </span>
     <span class='ocr_line' id='line_1_75' title="bbox 1295 2142 2319 2196; baseline 0 -11"><span class='ocrx_word' id='word_1_525' title='bbox 1295 2148 1433 2195; x_wconf 86' lang='lat' dir='ltr'>cutus,</span> <span class='ocrx_word' id='word_1_526' title='bbox 1457 2144 1556 2196; x_wconf 89' lang='lat' dir='ltr'>quia</span> <span class='ocrx_word' id='word_1_527' title='bbox 1575 2143 1760 2183; x_wconf 88' lang='lat' dir='ltr'>studiose</span> <span class='ocrx_word' id='word_1_528' title='bbox 1785 2143 1993 2195; x_wconf 85' lang='lat' dir='ltr'>quaesivit.</span> <span class='ocrx_word' id='word_1_529' title='bbox 2018 2142 2135 2183; x_wconf 90' lang='lat' dir='ltr'>Unde</span> <span class='ocrx_word' id='word_1_530' title='bbox 2154 2142 2197 2182; x_wconf 90' lang='lat' dir='ltr'>in</span> <span class='ocrx_word' id='word_1_531' title='bbox 2220 2144 2319 2185; x_wconf 76' lang='lat' dir='ltr'>Pro-</span> 
     </span>
     <span class='ocr_line' id='line_1_76' title="bbox 1293 2213 2322 2265; baseline -0.005 -7"><span class='ocrx_word' id='word_1_532' title='bbox 1293 2215 1450 2258; x_wconf 74' lang='lat' dir='ltr'>verbiis</span> <span class='ocrx_word' id='word_1_533' title='bbox 1478 2215 1505 2236; x_wconf 83' lang='lat'>¹¹</span> <span class='ocrx_word' id='word_1_534' title='bbox 1535 2226 1545 2254; x_wconf 74' lang='grc' dir='ltr'>ε</span> <span class='ocrx_word' id='word_1_535' title='bbox 1571 2229 1589 2251; x_wconf 90' lang='lat'>«</span> <span class='ocrx_word' id='word_1_536' title='bbox 1613 2213 1771 2262; x_wconf 83' lang='lat' dir='ltr'>Quaerit</span> <span class='ocrx_word' id='word_1_537' title='bbox 1799 2213 1962 2253; x_wconf 86' lang='lat' dir='ltr'>derisor</span> <span class='ocrx_word' id='word_1_538' title='bbox 1993 2213 2256 2265; x_wconf 80' lang='lat' dir='ltr'>sapientiam,</span> <span class='ocrx_word' id='word_1_539' title='bbox 2285 2216 2322 2253; x_wconf 88' lang='lat' dir='ltr'>et</span> 
     </span>
     <span class='ocr_line' id='line_1_77' title="bbox 1291 2283 2323 2327; baseline -0.002 -1"><span class='ocrx_word' id='word_1_540' title='bbox 1291 2299 1378 2326; x_wconf 90' lang='lat' dir='ltr'>non</span> <span class='ocrx_word' id='word_1_541' title='bbox 1406 2285 1582 2327; x_wconf 85' lang='lat' dir='ltr'>invenit.</span> <span class='ocrx_word' id='word_1_542' title='bbox 1605 2299 1622 2321; x_wconf 68' lang='lat'>&gt;3</span> <span class='ocrx_word' id='word_1_543' title='bbox 1649 2284 1766 2324; x_wconf 89' lang='lat' dir='ltr'>Unde</span> <span class='ocrx_word' id='word_1_544' title='bbox 1787 2283 1909 2324; x_wconf 85' lang='lat' dir='ltr'>valde</span> <span class='ocrx_word' id='word_1_545' title='bbox 1926 2283 2099 2323; x_wconf 88' lang='lat' dir='ltr'>sollicite</span> <span class='ocrx_word' id='word_1_546' title='bbox 2116 2286 2178 2324; x_wconf 89' lang='lat' dir='ltr'>est</span> <span class='ocrx_word' id='word_1_547' title='bbox 2191 2284 2323 2324; x_wconf 90' lang='lat' dir='ltr'>consi-</span> 
     </span>
     <span class='ocr_line' id='line_1_78' title="bbox 1291 2354 2322 2407; baseline -0.003 -9"><span class='ocrx_word' id='word_1_548' title='bbox 1291 2357 1527 2398; x_wconf 89' lang='lat' dir='ltr'>derandum</span> <span class='ocrx_word' id='word_1_549' title='bbox 1565 2355 1743 2407; x_wconf 86' lang='lat' dir='ltr'>qualiter</span> <span class='ocrx_word' id='word_1_550' title='bbox 1781 2355 1902 2394; x_wconf 88' lang='lat' dir='ltr'>debet</span> <span class='ocrx_word' id='word_1_551' title='bbox 1932 2354 2041 2394; x_wconf 88' lang='lat' dir='ltr'>Deus</span> <span class='ocrx_word' id='word_1_552' title='bbox 2077 2355 2232 2406; x_wconf 83' lang='lat' dir='ltr'>quaeri,</span> <span class='ocrx_word' id='word_1_553' title='bbox 2275 2358 2322 2395; x_wconf 90' lang='lat' dir='ltr'>ut</span> 
     </span>
     <span class='ocr_line' id='line_1_79' title="bbox 1291 2423 2193 2480; baseline -0.004 -12"><span class='ocrx_word' id='word_1_554' title='bbox 1291 2427 1421 2480; x_wconf 86' lang='lat' dir='ltr'>possit</span> <span class='ocrx_word' id='word_1_555' title='bbox 1439 2439 1463 2466; x_wconf 90' lang='lat' dir='ltr'>a</span> <span class='ocrx_word' id='word_1_556' title='bbox 1483 2425 1772 2478; x_wconf 65' lang='lat' dir='ltr'>quaerentibus</span> <span class='ocrx_word' id='word_1_557' title='bbox 1790 2423 1971 2465; x_wconf 87' lang='lat' dir='ltr'>inveniri</span> <span class='ocrx_word' id='word_1_558' title='bbox 1991 2426 2030 2464; x_wconf 92' lang='lat' dir='ltr'>et</span> <span class='ocrx_word' id='word_1_559' title='bbox 2045 2424 2193 2464; x_wconf 85' lang='lat' dir='ltr'>videri.</span> 
     </span>
    </p>

    <p class='ocr_par' dir='ltr' id='par_1_10' title="bbox 1287 2494 2318 3332">
     <span class='ocr_line' id='line_1_80' title="bbox 1345 2494 2318 2547; baseline -0.002 -9"><span class='ocrx_word' id='word_1_560' title='bbox 1345 2501 1410 2538; x_wconf 74' lang='lat'>10.</span> <span class='ocrx_word' id='word_1_561' title='bbox 1434 2497 1489 2538; x_wconf 79' lang='lat' dir='ltr'>Et</span> <span class='ocrx_word' id='word_1_562' title='bbox 1506 2496 1665 2537; x_wconf 73' lang='lat' dir='ltr'>reversi</span> <span class='ocrx_word' id='word_1_563' title='bbox 1678 2495 1883 2547; x_wconf 74' lang='lat' dir='ltr'>Apostoli,</span> <span class='ocrx_word' id='word_1_564' title='bbox 1901 2497 1979 2535; x_wconf 87' lang='lat' dir='ltr'>etc.</span> <span class='ocrx_word' id='word_1_565' title='bbox 2003 2495 2101 2535; x_wconf 87' lang='lat' dir='ltr'>Post</span> <span class='ocrx_word' id='word_1_566' title='bbox 2119 2494 2318 2536; x_wconf 87' lang='lat' dir='ltr'>informa-</span> 
     </span>
     <span class='ocr_line' id='line_1_81' title="bbox 1289 2566 2317 2620; baseline -0.001 -11"><span class='ocrx_word' id='word_1_567' title='bbox 1289 2569 1448 2609; x_wconf 89' lang='lat' dir='ltr'>tionem</span> <span class='ocrx_word' id='word_1_568' title='bbox 1469 2567 1766 2620; x_wconf 85' lang='lat' dir='ltr'>Apostolorum</span> <span class='ocrx_word' id='word_1_569' title='bbox 1780 2567 1931 2606; x_wconf 81' lang='lat' dir='ltr'>factam</span> <span class='ocrx_word' id='word_1_570' title='bbox 1943 2578 2018 2618; x_wconf 88' lang='lat' dir='ltr'>per</span> <span class='ocrx_word' id='word_1_571' title='bbox 2032 2566 2213 2606; x_wconf 88' lang='lat' dir='ltr'>verbum</span> <span class='ocrx_word' id='word_1_572' title='bbox 2228 2566 2317 2608; x_wconf 91' lang='lat' dir='ltr'>sive</span> 
     </span>
     <span class='ocr_line' id='line_1_82' title="bbox 1288 2636 2317 2691; baseline -0.003 -12"><span class='ocrx_word' id='word_1_573' title='bbox 1288 2640 1569 2691; x_wconf 81' lang='lat' dir='ltr'>praeceptum,</span> <span class='ocrx_word' id='word_1_574' title='bbox 1592 2637 1783 2689; x_wconf 88' lang='lat' dir='ltr'>sequitur</span> <span class='ocrx_word' id='word_1_575' title='bbox 1802 2636 1871 2676; x_wconf 88' lang='lat' dir='ltr'>hic</span> <span class='ocrx_word' id='word_1_576' title='bbox 1891 2636 2131 2677; x_wconf 87' lang='lat' dir='ltr'>informatio</span> <span class='ocrx_word' id='word_1_577' title='bbox 2151 2649 2317 2677; x_wconf 88' lang='lat' dir='ltr'>eorum-</span> 
     </span>
     <span class='ocr_line' id='line_1_83' title="bbox 1288 2707 2318 2763; baseline -0.003 -12"><span class='ocrx_word' id='word_1_578' title='bbox 1288 2710 1383 2751; x_wconf 87' lang='lat' dir='ltr'>dem</span> <span class='ocrx_word' id='word_1_579' title='bbox 1402 2722 1477 2763; x_wconf 86' lang='lat' dir='ltr'>per</span> <span class='ocrx_word' id='word_1_580' title='bbox 1497 2710 1668 2758; x_wconf 81' lang='lat' dir='ltr'>factum,</span> <span class='ocrx_word' id='word_1_581' title='bbox 1701 2708 1789 2748; x_wconf 80' lang='lat' dir='ltr'>sive</span> <span class='ocrx_word' id='word_1_582' title='bbox 1809 2720 1883 2760; x_wconf 87' lang='lat' dir='ltr'>per</span> <span class='ocrx_word' id='word_1_583' title='bbox 1901 2708 2159 2760; x_wconf 79' lang='lat' dir='ltr'>exemplum.</span> <span class='ocrx_word' id='word_1_584' title='bbox 2183 2707 2318 2749; x_wconf 87' lang='lat' dir='ltr'>Habet</span> 
     </span>
     <span class='ocr_line' id='line_1_84' title="bbox 1289 2778 2317 2831; baseline -0.003 -9"><span class='ocrx_word' id='word_1_585' title='bbox 1289 2784 1433 2822; x_wconf 86' lang='lat' dir='ltr'>autem</span> <span class='ocrx_word' id='word_1_586' title='bbox 1464 2781 1556 2821; x_wconf 78' lang='lat' dir='ltr'>baec</span> <span class='ocrx_word' id='word_1_587' title='bbox 1593 2791 1690 2831; x_wconf 87' lang='lat' dir='ltr'>pars</span> <span class='ocrx_word' id='word_1_588' title='bbox 1720 2781 1860 2831; x_wconf 87' lang='lat' dir='ltr'>partes</span> <span class='ocrx_word' id='word_1_589' title='bbox 1894 2779 2020 2828; x_wconf 88' lang='lat' dir='ltr'>duas,</span> <span class='ocrx_word' id='word_1_590' title='bbox 2054 2778 2098 2818; x_wconf 91' lang='lat' dir='ltr'>in</span> <span class='ocrx_word' id='word_1_591' title='bbox 2133 2791 2317 2831; x_wconf 87' lang='lat' dir='ltr'>quarum</span> 
     </span>
     <span class='ocr_line' id='line_1_85' title="bbox 1287 2849 2316 2905; baseline -0.001 -14"><span class='ocrx_word' id='word_1_592' title='bbox 1287 2852 1425 2905; x_wconf 87' lang='lat' dir='ltr'>prima</span> <span class='ocrx_word' id='word_1_593' title='bbox 1446 2851 1643 2891; x_wconf 86' lang='lat' dir='ltr'>informat</span> <span class='ocrx_word' id='word_1_594' title='bbox 1664 2861 1738 2902; x_wconf 84' lang='lat' dir='ltr'>per</span> <span class='ocrx_word' id='word_1_595' title='bbox 1758 2849 2003 2901; x_wconf 79' lang='lat' dir='ltr'>exemplum</span> <span class='ocrx_word' id='word_1_596' title='bbox 2028 2850 2231 2890; x_wconf 83' lang='lat' dir='ltr'>familiare</span> <span class='ocrx_word' id='word_1_597' title='bbox 2246 2863 2255 2900; x_wconf 76' lang='lat'><em>3</em></span> <span class='ocrx_word' id='word_1_598' title='bbox 2272 2851 2316 2890; x_wconf 90' lang='lat' dir='ltr'>in</span> 
     </span>
     <span class='ocr_line' id='line_1_86' title="bbox 1287 2919 2316 2973; baseline 0 -9"><span class='ocrx_word' id='word_1_599' title='bbox 1287 2923 1471 2964; x_wconf 86' lang='lat' dir='ltr'>secunda</span> <span class='ocrx_word' id='word_1_600' title='bbox 1489 2933 1591 2963; x_wconf 86' lang='lat' dir='ltr'>vero</span> <span class='ocrx_word' id='word_1_601' title='bbox 1611 2932 1686 2973; x_wconf 87' lang='lat' dir='ltr'>per</span> <span class='ocrx_word' id='word_1_602' title='bbox 1717 2919 1920 2971; x_wconf 79' lang='lat' dir='ltr'>figurale,</span> <span class='ocrx_word' id='word_1_603' title='bbox 1943 2919 2002 2959; x_wconf 80' lang='lat' dir='ltr'>ibi</span> <span class='ocrx_word' id='word_1_604' title='bbox 2024 2920 2078 2972; x_wconf 87' lang='lat' dir='ltr'>(v.</span> <span class='ocrx_word' id='word_1_605' title='bbox 2100 2921 2162 2973; x_wconf 72' lang='lat'>42)</span> <span class='ocrx_word' id='word_1_606' title='bbox 2185 2935 2194 2960; x_wconf 88' lang='lat'>:</span> <span class='ocrx_word' id='word_1_607' title='bbox 2218 2922 2316 2964; x_wconf 77' lang='lat' dir='ltr'>Dies</span> 
     </span>
     <span class='ocr_line' id='line_1_87' title="bbox 1293 2989 2315 3046; baseline -0.004 -10"><span class='ocrx_word' id='word_1_608' title='bbox 1293 2999 1433 3037; x_wconf 76' lang='lat' dir='ltr'>autem</span> <span class='ocrx_word' id='word_1_609' title='bbox 1451 2995 1630 3046; x_wconf 62' lang='lat' dir='ltr'>coeperat</span> <span class='ocrx_word' id='word_1_610' title='bbox 1660 2991 1893 3041; x_wconf 73' lang='lat' dir='ltr'>declinare,</span> <span class='ocrx_word' id='word_1_611' title='bbox 1932 2993 2011 3030; x_wconf 76' lang='lat' dir='ltr'>etc,</span> <span class='ocrx_word' id='word_1_612' title='bbox 2042 2989 2233 3032; x_wconf 88' lang='lat' dir='ltr'>Primum</span> <span class='ocrx_word' id='word_1_613' title='bbox 2253 2994 2315 3032; x_wconf 89' lang='lat' dir='ltr'>at-</span> 
     </span>
     <span class='ocr_line' id='line_1_88' title="bbox 1288 3060 2311 3114; baseline -0.006 -8"><span class='ocrx_word' id='word_1_614' title='bbox 1288 3065 1477 3106; x_wconf 89' lang='lat' dir='ltr'>tenditur</span> <span class='ocrx_word' id='word_1_615' title='bbox 1502 3064 1547 3103; x_wconf 88' lang='lat' dir='ltr'>in</span> <span class='ocrx_word' id='word_1_616' title='bbox 1566 3062 1790 3103; x_wconf 86' lang='lat' dir='ltr'>turbarum</span> <span class='ocrx_word' id='word_1_617' title='bbox 1821 3060 2055 3101; x_wconf 87' lang='lat' dir='ltr'>eruditione</span> <span class='ocrx_word' id='word_1_618' title='bbox 2087 3061 2311 3114; x_wconf 82' lang='lat' dir='ltr'>spirituali3</span> 
     </span>
     <span class='ocr_line' id='line_1_89' title="bbox 1289 3132 2311 3184; baseline -0.007 -7"><span class='ocrx_word' id='word_1_619' title='bbox 1289 3135 1522 3177; x_wconf 84' lang='lat' dir='ltr'>secundum</span> <span class='ocrx_word' id='word_1_620' title='bbox 1560 3135 1604 3173; x_wconf 89' lang='grc'>111</span> <span class='ocrx_word' id='word_1_621' title='bbox 1642 3144 1790 3174; x_wconf 85' lang='lat' dir='ltr'>eorum</span> <span class='ocrx_word' id='word_1_622' title='bbox 1825 3132 2049 3172; x_wconf 86' lang='lat' dir='ltr'>refectione</span> <span class='ocrx_word' id='word_1_623' title='bbox 2087 3132 2311 3184; x_wconf 86' lang='lat' dir='ltr'>corporali,</span> 
     </span>
     <span class='ocr_line' id='line_1_90' title="bbox 1288 3202 2314 3261; baseline -0.008 -12"><span class='ocrx_word' id='word_1_624' title='bbox 1288 3220 1383 3261; x_wconf 83' lang='lat' dir='ltr'>quae</span> <span class='ocrx_word' id='word_1_625' title='bbox 1421 3208 1604 3247; x_wconf 87' lang='lat' dir='ltr'>formam</span> <span class='ocrx_word' id='word_1_626' title='bbox 1639 3207 1679 3244; x_wconf 89' lang='lat' dir='ltr'>et</span> <span class='ocrx_word' id='word_1_627' title='bbox 1710 3204 1896 3255; x_wconf 80' lang='lat' dir='ltr'>figuram</span> <span class='ocrx_word' id='word_1_628' title='bbox 1935 3203 2046 3253; x_wconf 80' lang='lat' dir='ltr'>gerit</span> <span class='ocrx_word' id='word_1_629' title='bbox 2078 3202 2314 3242; x_wconf 82' lang='lat' dir='ltr'>refectionis</span> 
     </span>
     <span class='ocr_line' id='line_1_91' title="bbox 1288 3272 2314 3332; baseline -0.007 -13"><span class='ocrx_word' id='word_1_630' title='bbox 1288 3277 1529 3332; x_wconf 88' lang='lat' dir='ltr'>spiritualis.</span> <span class='ocrx_word' id='word_1_631' title='bbox 1554 3274 1792 3329; x_wconf 87' lang='lat' dir='ltr'>Spiritualis</span> <span class='ocrx_word' id='word_1_632' title='bbox 1813 3275 1957 3314; x_wconf 89' lang='lat' dir='ltr'>autem</span> <span class='ocrx_word' id='word_1_633' title='bbox 1978 3272 2155 3314; x_wconf 90' lang='lat' dir='ltr'>eruditio</span> <span class='ocrx_word' id='word_1_634' title='bbox 2174 3273 2314 3312; x_wconf 85' lang='lat' dir='ltr'>turba-</span> 
     </span>
    </p>
   </div>
   <div class='ocr_carea' id='block_1_8' title="bbox 1285 3384 2311 3542">
    <p class='ocr_par' dir='ltr' id='par_1_11' title="bbox 1285 3384 2311 3542">
     <span class='ocr_line' id='line_1_92' title="bbox 1285 3384 2311 3430; baseline -0.007 -8"><span class='ocrx_word' id='word_1_635' title='bbox 1285 3408 1325 3414; x_wconf 97' lang='lat'><strong>—</strong></span> <span class='ocrx_word' id='word_1_636' title='bbox 1349 3391 1360 3410; x_wconf 81' lang='lat'>⁹</span> <span class='ocrx_word' id='word_1_637' title='bbox 1377 3391 1485 3430; x_wconf 66' lang='lat' dir='ltr'>Joan„</span> <span class='ocrx_word' id='word_1_638' title='bbox 1515 3396 1571 3429; x_wconf 73' lang='lat' dir='ltr'>IX,</span> <span class='ocrx_word' id='word_1_639' title='bbox 1599 3389 1656 3427; x_wconf 83' lang='lat'>32,</span> <span class='ocrx_word' id='word_1_640' title='bbox 1677 3388 1729 3418; x_wconf 84' lang='lat'>33.</span> <span class='ocrx_word' id='word_1_641' title='bbox 1756 3403 1792 3409; x_wconf 89' lang='lat'>—-</span> <span class='ocrx_word' id='word_1_642' title='bbox 1825 3386 1945 3426; x_wconf 70' lang='grc'>101111.,</span> <span class='ocrx_word' id='word_1_643' title='bbox 1964 3393 2004 3426; x_wconf 81' lang='lat' dir='ltr'>x,</span> <span class='ocrx_word' id='word_1_644' title='bbox 2025 3386 2076 3417; x_wconf 77' lang='lat'>24.</span> <span class='ocrx_word' id='word_1_645' title='bbox 2095 3401 2135 3408; x_wconf 92' lang='lat'><em>-</em></span> <span class='ocrx_word' id='word_1_646' title='bbox 2153 3384 2177 3406; x_wconf 81' lang='lat'>²¹</span> <span class='ocrx_word' id='word_1_647' title='bbox 2200 3385 2311 3425; x_wconf 67' lang='lat' dir='ltr'>Prov„</span> 
     </span>
     <span class='ocr_line' id='line_1_93' title="bbox 1286 3439 1409 3478; baseline -0.008 -9"><span class='ocrx_word' id='word_1_648' title='bbox 1286 3444 1356 3478; x_wconf 77' lang='grc'><strong>11111,</strong></span> <span class='ocrx_word' id='word_1_649' title='bbox 1378 3439 1409 3469; x_wconf 88' lang='grc'>6.</span> 
     </span>
     <span class='ocr_line' id='line_1_94' title="bbox 1329 3498 1741 3542; baseline -0.007 -10"><span class='ocrx_word' id='word_1_650' title='bbox 1329 3502 1370 3542; x_wconf 82' lang='grc' dir='ltr'>(α)</span> <span class='ocrx_word' id='word_1_651' title='bbox 1398 3501 1479 3533; x_wconf 80' lang='lat' dir='ltr'>Caet.</span> <span class='ocrx_word' id='word_1_652' title='bbox 1503 3499 1584 3532; x_wconf 67' lang='lat' dir='ltr'>edit.</span> <span class='ocrx_word' id='word_1_653' title='bbox 1601 3498 1741 3539; x_wconf 81' lang='lat' dir='ltr'>judicat.</span> 
     </span>
    </p>
   </div>
  </div>
 </body>
</html>
