2587 3845
1108 148 1277 190 CAPUT
1306 148 1373 189 VI.
2253 160 2300 197 41

185 239 353 281 turbine
377 237 715 290 persecutionum
731 268 744 288 ,
766 236 1031 289 depressione
1057 239 1204 289 poten-

184 310 308 350 tium.

236 379 383 420 Melior
412 382 473 420 est
500 378 741 429 sapientia,
763 379 839 416 etc.
860 407 873 426 ,
903 377 1023 428 quasi
1043 377 1174 417 dieat¹
1196 390 1204 415 :

185 449 248 490 Ex
279 460 365 501 quo
393 448 452 488 sic
481 450 716 488 tractantur
751 449 940 499 potentes
978 448 1204 497 insensati,

185 519 332 561 melior
355 523 429 569 est,
452 518 492 558 id
512 521 573 559 est
597 518 763 567 utilior,
784 518 1003 569 sapientia
1022 518 1072 558 de
1105 519 1208 559 divi-

184 591 252 631 nis
268 622 280 640 ,
312 602 408 642 quae
433 590 665 630 secundum
685 588 873 629 Glossam
894 588 1209 630 interlinearem

185 672 351 712 semper
369 660 556 700 animam
575 659 681 699 bene
700 659 825 710 regit,
845 669 972 710 quam
993 660 1103 701 vires
1122 670 1210 701 cor-

182 732 322 785 poris,
346 742 442 783 quae
473 741 585 781 saepe
604 728 650 768 in
682 733 848 781 peccata
879 729 1206 781 praecipitant²z

192 817 211 840 «
230 801 424 842 Dicebam
463 811 544 851 ego
576 799 794 839 meliorem
838 811 927 839 esse
962 800 1211 852 sapientiam

185 871 444 912 fortitudine.
465 884 484 908 »
508 872 567 911 Et
586 871 654 911 vir
671 869 886 921 prudens,
908 870 953 909 in
980 871 1107 911 rebus
1130 871 1209 912 hu-

187 943 342 993 manis,
382 941 615 982 secundum
655 939 845 981 Glossam
862 973 874 991 ,
916 953 1004 982 non
1042 945 1210 983 tantum

187 1013 376 1066 eloquio,
398 1013 535 1065 magis
554 1023 680 1064 quum
702 1012 846 1062 fortis;
870 1012 1012 1053 Glossa
1033 1029 1041 1054 :
1079 1029 1097 1052 (ι
1117 1026 1212 1054 cor-

188 1081 304 1137 pore.
322 1098 345 1125 >1
366 1083 483 1124 Unde
502 1083 547 1122 in
565 1083 635 1123 tali
664 1084 908 1124 fortitudine
926 1096 1012 1124 non
1033 1087 1094 1125 est
1118 1085 1213 1136 glo-

188 1155 400 1205 riandum,
422 1154 653 1194 secundum
667 1154 772 1195 illud
793 1155 806 1177 3
828 1169 836 1195 :
860 1154 981 1196 «Non
1003 1155 1214 1207 glorietur

189 1225 308 1265 fortis
327 1225 371 1264 in
389 1224 632 1265 fortitudine
651 1237 742 1264 sua.
763 1239 781 1261 1>

524 1383 746 1427 CAPUT
788 1383 873 1427 VI.

241 1512 282 1549 2.
306 1512 320 1533 ¹·
352 1508 510 1550 Audite
542 1518 662 1561 erqo,
696 1519 835 1561 reyes,
873 1511 950 1549 etc.
985 1509 1216 1562 Postquam

188 1580 356 1621 monuit
386 1580 597 1633 principes
616 1583 656 1620 et
677 1582 868 1632 potentes
898 1580 950 1620 ad
975 1581 1215 1632 Justitiam,

189 1652 260 1692 hic
279 1651 424 1704 incipit
443 1663 514 1691 eos
533 1663 705 1691 monere
725 1651 777 1691 ad
799 1651 1051 1703 sapientiam
1073 1652 1217 1704 inqui-

189 1723 363 1763 rendam
400 1725 440 1763 et
476 1722 714 1762 amandam.
754 1722 805 1762 Et
841 1722 980 1774 primo
1002 1754 1014 1773 ,
1056 1723 1217 1765 ratione

190 1796 358 1847 sumpta
377 1806 430 1834 ex
449 1794 636 1846 periculo
655 1794 779 1834 officii
799 1805 947 1834 eorum
966 1825 976 1844 ,
996 1806 1102 1846 quos
1123 1807 1214 1835 mo-

190 1868 286 1914 net;
323 1866 533 1916 secundo,
557 1866 719 1906 ratione
747 1868 916 1918 sumpta
943 1867 994 1906 ab
1022 1867 1217 1919 exemplo

190 1940 297 1990 ejus,
313 1938 388 1991 qui
408 1941 564 1988 monet,
587 1938 745 1978 scilicet
759 1939 891 1990 capite
911 1938 1112 1990 septimo;
1133 1941 1216 1978 ter-

189 2008 248 2049 tio
264 2039 275 2056 ,
306 2008 468 2049 ratione
488 2011 656 2062 sumpta
686 2021 711 2049 a
733 2009 876 2049 multis
901 2009 1117 2049 beneficiis
1149 2021 1217 2049 sa-

189 2079 382 2132 pientiae,
413 2080 466 2120 ad
485 2092 614 2133 quam
634 2082 804 2130 monet,
836 2080 989 2120 scilicet
1008 2093 1033 2120 a
1053 2081 1217 2121 decimo

190 2151 323 2204 capite
356 2163 490 2203 nsque
528 2151 572 2191 in
604 2152 748 2192 finem.
785 2151 835 2191 In
869 2152 1006 2204 prima
1029 2182 1039 2200 ,
1080 2151 1217 2203 primo

191 2222 329 2273 tangit
341 2222 632 2274 insipientium
646 2225 857 2262 rectorum
876 2235 1046 2274 poenam
1063 2227 1103 2263 et
1122 2236 1216 2275 sup-

190 2293 386 2346 plicium;
409 2293 590 2334 secundo
606 2325 619 2344 ,
642 2306 665 2334 e
685 2296 830 2334 contra
851 2294 1104 2346 sapientium
1125 2306 1215 2334 rec-

191 2367 333 2404 torum
351 2364 577 2416 praemium
600 2378 609 2404 z
633 2364 702 2405 Act
724 2375 797 2406 vos
818 2374 912 2416 erqo
928 2396 940 2414 ,
965 2367 1043 2405 etc,
1062 2379 1071 2414 3
1094 2365 1217 2405 tertio

192 2437 336 2474 monet
362 2437 564 2487 utrosque
594 2435 888 2487 concupiscere
925 2436 1175 2487 sapientiam
1205 2450 1213 2476 :

196 2505 502 2557 concupiscite,
524 2508 627 2555 etc.;
651 2508 824 2558 quarto,
847 2506 1054 2558 promittit
1074 2519 1117 2547 se
1141 2507 1215 2547 do-

193 2588 285 2616 cere
306 2588 399 2616 eam
422 2590 431 2616 :
458 2576 575 2628 Quid
607 2580 667 2618 est
689 2580 828 2618 autem
855 2579 1101 2629 sapientia,
1137 2581 1215 2619 etc.

192 2646 238 2686 In
258 2646 416 2698 prima,
443 2647 581 2699 primo
602 2647 705 2700 petit
725 2660 749 2687 a
776 2649 1014 2689 rectoribus
1041 2650 1218 2690 audien-

191 2717 313 2767 tiam3
332 2718 513 2758 secundo
527 2718 667 2759 subdit
682 2719 879 2760 audiendi
896 2732 1066 2760 causam
1082 2735 1090 2760 :
1110 2721 1216 2769 Quo-

138 2839 141 2841 ,
188 2789 311 2831 niam
329 2788 434 2831 data
452 2793 538 2840 est,
561 2792 639 2830 etc.

244 2860 399 2903 Audite
430 2871 551 2914 erqo,
583 2863 683 2912 etc.,
707 2861 825 2913 quasi
856 2861 966 2902 dicat
994 2875 1004 2901 ε
1039 2861 1104 2903 Ex
1133 2875 1219 2915 quo

192 2931 249 2972 ita
268 2935 328 2972 est
355 2932 468 2972 utilis
498 2932 727 2984 sapientia,
762 2932 903 2973 audite
933 2945 1039 2985 ergo
1071 2934 1219 2974 auditu

189 3002 414 3054 exteriori,
437 3004 564 3056 Reqes
579 3016 594 3053 ,·
614 3002 756 3043 Glossa
779 3017 787 3043 :
814 3003 1006 3053 Praelati3
1030 3008 1070 3046 et
1089 3004 1216 3047 incel-

193 3072 336 3125 liyite‚
361 3074 512 3114 auditu
538 3073 746 3114 interiori.
773 3077 786 3098 ⁵
812 3073 1033 3114 «Audiens
1053 3075 1220 3127 sapiens

193 3144 416 3197 sapientior
434 3145 538 3196 erit,
575 3147 616 3185 et
648 3145 891 3197 intelligens
926 3146 1218 3197 gubernacula

193 3215 473 3266 possidebit.»
505 3218 519 3240 ⁶
543 3216 665 3265 «Qui
696 3216 823 3257 habet
856 3228 980 3257 aures
1020 3217 1219 3258 audiendi

238 3297 245 3314 ¹
266 3296 327 3329 Hic
345 3306 463 3330 versus
483 3301 534 3330 est
551 3298 685 3330 initium
704 3298 821 3339 capitis
841 3299 1031 3340 sequentis,
1052 3300 1086 3330 in
1107 3300 1220 3333 Bibliis

195 3342 338 3384 vulgatae
354 3345 523 3377 editionis.
542 3364 582 3369 —
601 3347 612 3365 ²
631 3346 754 3385 Eccle.,
777 3354 825 3385 ix,
851 3348 901 3378 16.
923 3365 959 3369 -
980 3347 994 3369 ³
1012 3347 1145 3388 Jerem.‚
1170 3355 1218 3389 xx,

196 3390 246 3420 23.
268 3406 308 3411 —
326 3390 339 3412 '0
358 3392 549 3425 Versiculus
568 3393 698 3434 primus
718 3393 891 3434 expositus
910 3394 972 3425 fuit
990 3394 1025 3425 in
1044 3393 1110 3426 fine
1131 3395 1220 3435 capi-

196 3435 236 3467 tis
255 3438 400 3477 praeced.
426 3457 464 3463 —-
491 3440 503 3462 ⁵
527 3441 638 3482 Prov„
665 3449 695 3481 1,
717 3443 746 3473 5.
768 3458 805 3464 —
833 3441 847 3463 θ
866 3441 1000 3481 Matth„
1025 3449 1105 3482 xm,
1128 3443 1157 3474 9.
1179 3459 1219 3466 -

1280 237 1437 279 audiat.
1459 252 1478 274 »
1518 238 1700 287 Discite,
1720 238 1893 290 judices
1915 239 2072 291 finium
2091 245 2211 284 terrce
2230 275 2241 294 ,
2263 244 2305 285 id

1281 310 1367 358 est,
1388 311 1599 348 terrarum
1621 309 1915 350 distinctarum
1930 342 1942 360 ,
1965 323 2038 351 seu
2065 312 2303 363 provincia-

1282 390 1392 418 rum.
1416 379 1541 431 Reqes
1572 379 1770 420 dicuntur
1802 381 1964 433 praelati
1996 382 2048 422 ad
2071 382 2122 434 (a)
2145 382 2304 424 bonum

1282 448 1502 500 dirigendo
1519 465 1528 499 ;
1544 449 1740 501 judices,
1774 451 1881 491 inter
1906 451 2067 492 bonum
2087 455 2126 492 et
2146 453 2306 507 malum

1282 518 1570 560 discernendo.
1601 521 1777 571 Discite,
1802 521 2003 574 inquam,
2030 523 2304 575 sapientiam,

1283 588 1383 640 quia
1403 589 1612 642 Judicibus
1634 592 1866 632 necessaria
1882 594 1963 642 est,
1987 593 2099 633 unde
2114 594 2128 616 ⁷
2146 607 2154 633 :
2179 608 2198 632 c(
2213 593 2310 634 Date

1284 672 1336 699 ex
1350 660 1469 700 vobis
1488 661 1601 701 viros
1615 662 1823 714 sapientes
1837 665 1877 703 et
1898 675 2070 715 gnaros.
2090 678 2108 700 ›>
2129 663 2179 704 Et
2198 663 2253 716 (v.
2271 665 2308 709 3)

1283 732 1457 784 proebete
1471 744 1593 775 aures
1606 744 1678 775 vos
1695 735 1745 785 (b)
1762 766 1774 784 ,
1797 735 1953 775 scilicet
1974 735 2226 776 exteriorem
2243 766 2253 784 ,
2272 738 2313 776 et

1283 803 1543 844 interiorem.
1570 805 1656 856 Qui
1675 807 1913 856 continetis,
1936 819 1960 846 a
1981 806 2091 847 malo
2108 807 2310 847 cohiben-

1284 875 1352 925 bo,
1366 875 1665 918 multitudines
1682 877 1949 929 populorum,
1975 877 2094 917 vobis
2113 878 2313 918 commis-

1286 957 1369 986 sas.
1387 945 1400 966 ⁸
1419 961 1437 984 «
1447 945 1494 985 In
1505 947 1775 987 multitudine
1788 947 1936 1000 populi
1951 947 2137 999 dignitas
2149 948 2310 1000 regis.»

1287 1016 1340 1057 Et
1358 1015 1541 1068 'placetis
1566 1017 1683 1059 vobis
1712 1019 1760 1059 in
1789 1018 1966 1059 tenebris
1997 1019 2239 1070 reqionum,
2272 1019 2314 1059 id

1287 1089 1362 1136 est,
1381 1087 1578 1139 praelatiis
1592 1088 1742 1129 vestris
1757 1088 2021 1140 gloriamini:
2044 1091 2188 1129 contra
2203 1089 2314 1142 quod

1288 1158 1386 1198 dicit
1407 1158 1638 1210 Gregorius
1658 1160 1702 1199 in
1722 1160 1942 1202 Pastoralz'
1960 1173 1974 1201 .·
2002 1175 2021 1199 ((
2044 1159 2183 1201 Toties
2204 1173 2313 1214 prae-

1287 1229 1398 1269 latus
1424 1230 1467 1269 in
1501 1231 1721 1282 apostasiae
1754 1231 1916 1271 crimen
1943 1231 2115 1283 labitur,
2152 1233 2316 1284 quoties

1289 1311 1469 1351 praeesse
1489 1300 1735 1340 hominibus
1754 1301 1995 1342 delectatur.
2018 1316 2037 1339 »

1342 1374 1380 1410 4.
1407 1371 1614 1417 Quoniam
1635 1370 1740 1412 daia
1759 1374 1820 1412 est
1834 1403 1846 1422 ,
1868 1373 1947 1411 etc.
1971 1371 2047 1411 Hic
2066 1372 2206 1413 subdit
2241 1384 2317 1413 au-

1291 1441 1430 1482 diendi
1457 1455 1651 1492 causam,
1674 1443 1849 1493 scilicet,
1885 1446 1934 1484 ut
1959 1443 2120 1496 possint
2142 1444 2321 1485 evadere

1291 1525 1463 1565 poenam
1502 1527 1579 1568 pro
1617 1516 1754 1555 abusu
1786 1515 2000 1567 potestatis
2026 1515 2318 1567 infligendam.

1291 1585 1342 1626 Et
1367 1585 1504 1637 primo
1532 1585 1670 1637 tangit
1695 1585 1961 1626 collationem
1988 1586 2227 1638 potestatis3
2259 1599 2322 1627 se-

1292 1656 1431 1697 cundo
1450 1688 1460 1706 ,
1483 1656 1666 1696 abusum
1688 1656 1848 1697 collatae
1871 1670 1879 1697 ε
1907 1657 2114 1703 Quoniam
2133 1667 2227 1698 oum
2257 1668 2318 1699 es-

1293 1729 1398 1770 setis
1412 1759 1425 1777 ,
1461 1729 1537 1768 etc.
1555 1742 1564 1777 ;
1600 1728 1721 1768 tertio
1744 1759 1753 1776 ,
1789 1728 1997 1780 judicium
2034 1740 2111 1780 pro
2146 1729 2283 1771 abusu
2307 1745 2316 1771 :

1292 1798 1536 1849 Horrende,
1559 1801 1661 1847 etc.;
1685 1802 1859 1852 quarto,
1880 1800 2034 1853 Judicis
2050 1801 2317 1853 aequitatem;

1292 1870 1387 1911 Non
1408 1871 1521 1911 enim
1541 1870 1783 1920 subtrahet,
1808 1873 1885 1910 etc.

1349 1943 1572 1991 Quoniam,
1589 1944 1668 1982 etc.
1687 1941 1736 1981 Et
1749 1942 1896 1982 audire
1913 1942 2072 1982 debetis
2088 1957 2096 1983 :
2116 1943 2323 1990 Quoniam

1292 2012 1398 2055 duta
1417 2016 1477 2054 est
1508 2012 1624 2055 vobis
1656 2024 1683 2054 α
1707 2014 1888 2055 Domino
1913 2017 2120 2065 potestas,
2152 2016 2263 2056 unde
2280 2017 2320 2057 ⁹:

1299 2098 1318 2121 α
1339 2082 1433 2123 Non
1459 2086 1520 2123 cst
1539 2086 1723 2136 potestas
1739 2115 1752 2134 ,
1785 2085 1867 2125 nisi
1893 2097 1918 2125 a
1942 2085 2040 2126 Deo.
2062 2101 2081 2123 >³
2111 2086 2320 2135 Poiesias;

1295 2154 1461 2195 Glossa:
1483 2154 1740 2196 «Judiciaria
1755 2156 1801 2196 in
1816 2158 1929 2196 terra
1943 2188 1954 2206 ,
1969 2171 1988 2194 ›>
2012 2157 2166 2198 scilicet
2184 2159 2324 2210 quoad

1294 2225 1510 2266 sententiae
1531 2226 1840 2267 diffinitionem.
1854 2227 1882 2251 ¹0
1904 2242 1922 2265 (ι
1936 2227 2027 2268 Non
2046 2228 2224 2268 haberes
2247 2241 2323 2282 po-

1293 2300 1484 2338 testatem
1500 2298 1727 2339 adversum
1740 2310 1807 2338 me
1823 2298 1972 2348 ullam,
1988 2299 2071 2339 nisi
2091 2299 2236 2340 datum
2249 2301 2324 2341 tibi

1294 2371 1401 2409 esset
1415 2369 1608 2422 desuper.
1628 2382 1647 2406 ›)
1664 2369 1719 2411 Et
1731 2370 1896 2421 virtus;
1908 2368 2070 2411 Glossa:
2091 2369 2325 2411 «Puniendi

1293 2439 1432 2490 quoad
1443 2439 1640 2491 potentiae
1652 2440 1944 2480 executionem
1950 2454 1959 2489 ;
1970 2454 1989 2477 ›)
2009 2440 2078 2481 vel
2086 2441 2324 2492 potestasin

1293 2509 1428 2549 causis
1437 2509 1644 2560 civilibus,
1658 2511 1798 2552 virtus
1808 2511 1851 2550 in
1866 2510 2002 2550 causis
2015 2511 2321 2551 criminalibus.

1295 2580 1357 2620 Ab
1377 2581 1596 2623 Altissimo
1610 2612 1621 2631 ,
1644 2581 1799 2621 scilicet
1817 2581 1901 2621 Deo
1923 2593 2052 2634 supra
2070 2593 2148 2622 nos
2167 2583 2322 2623 consti-

1294 2653 1385 2692 tuto
1405 2652 1430 2673 ¹¹
1453 2665 1461 2690 :
1494 2666 1512 2689 «
1531 2650 1594 2692 Tu
1614 2651 1818 2692 Dominus
1831 2652 2062 2692 altissimus
2084 2665 2211 2705 super
2230 2665 2322 2694 om-

1294 2734 1393 2762 nem
1415 2724 1572 2763 terram
1594 2723 1659 2772 (b).
1682 2736 1701 2759 ›)
1730 2722 1810 2771 Qui
1832 2723 2109 2776 interrogabit
2120 2735 2138 2776 ,²
2152 2723 2320 2764 Glossa:

1300 2808 1319 2832 c<
1338 2793 1383 2833 in
1397 2793 1570 2846 judicio.
1588 2794 1641 2830 »¹2
1656 2793 1827 2834 «Redde
1841 2794 2046 2834 rationem
2057 2793 2324 2835 villicationis

1294 2866 1395 2904 tuae.
1417 2878 1436 2901 »
1463 2864 1493 2888 ¹³
1521 2865 1655 2916 Opera
1683 2867 1847 2915 vestra,
1883 2864 2042 2905 scilicet
2075 2866 2282 2906 exteriora
2310 2879 2321 2907 :

1301 2935 1512 2986 «Cuncta,
1535 2946 1631 2987 quae
1651 2935 1754 2975 fient
1770 2966 1779 2984 ,
1811 2935 1987 2975 adducet
2014 2935 2122 2976 Deus
2143 2936 2187 2976 in
2205 2937 2321 2989 Judi-

1295 3007 1409 3047 cium
1422 3039 1432 3058 ,
1455 3021 1474 3044 »
1502 3009 1579 3047 etc.
1598 3006 1690 3048 Non
1710 3006 1823 3046 enim
1843 3006 1902 3046 ita
1920 3006 2033 3047 dedit
2049 3010 2320 3060 potestatem,

1296 3078 1401 3130 quin
1419 3077 1563 3129 exigat
1582 3077 1790 3117 rationem
1805 3109 1815 3126 ,
1843 3077 1936 3118 ideo
1955 3077 1981 3099 ¹4
2004 3092 2012 3118 :
2040 3078 2184 3119 «Ante
2205 3080 2320 3132 judi-

1296 3148 1411 3189 cium
1430 3148 1650 3199 interroga
1674 3148 1856 3200 teipsum
1875 3162 1885 3197 ;
1909 3151 1950 3188 et
1969 3151 2065 3189 ante
2085 3149 2219 3190 Deum
2251 3150 2321 3189 in-

1298 3244 1307 3261 a
1331 3243 1442 3281 Dent„
1463 3250 1486 3283 1,
1515 3245 1565 3275 13.
1586 3260 1626 3266 —
1644 3242 1657 3264 ²³
1678 3245 1785 3283 P1:ov.,
1810 3251 1882 3284 xm,
1904 3245 1956 3275 28.
1977 3261 2017 3266 —
2036 3246 2047 3263 ³
2063 3245 2165 3283 Rom„
2188 3251 2268 3284 xm,
2289 3247 2319 3275 1.

1299 3308 1334 3312 —-
1358 3291 1384 3313 ¹0
1401 3292 1509 3329 Joan„
1531 3298 1603 3331 ΧΠ,
1627 3293 1676 3322 11.
1692 3308 1732 3314 —
1754 3292 1775 3309 ¹¹
1795 3290 1886 3322 Psal.
1910 3299 2043 3331 Lxxxu,
2062 3293 2110 3324 19.
2129 3291 2213 3315 -12
2230 3291 2320 3332 Luc„

1296 3345 1366 3377 xvi,
1387 3340 1418 3369 2.
1439 3355 1479 3361 —
1501 3339 1523 3357 ¹³
1542 3337 1662 3375 Eccle„
1682 3346 1730 3378 xi,
1749 3340 1798 3370 14.
1818 3356 1858 3361 —
1881 3338 1908 3361 ²¹·
1926 3339 2046 3379 Eccli.,
2063 3346 2161 3378 xviii,
2179 3339 2230 3370 20.

1339 3396 1383 3437 (α)
1406 3397 1485 3428 Caet.
1505 3396 1587 3428 edit.
1606 3396 1736 3437 praelati
1755 3406 1786 3430 a.
1802 3414 1843 3422 -
1862 3397 1904 3438 (b)
1926 3397 2011 3430 Edit.
2032 3398 2117 3430 Ven.
2136 3398 2320 3430 vestras.—

1297 3445 1335 3484 (c)
1361 3443 1455 3485 ναῖς.
1476 3444 1511 3476 in
1531 3442 1624 3477 omni
1641 3446 1742 3476 terra.
