2634 3853
948 209 1220 251 EXPOSITIO
1250 210 1303 250 IN
1333 210 1446 251 CAP.
1479 210 1564 251 XII.

187 302 322 353 periti
344 301 531 354 graviter
561 301 771 344 insistere.
803 301 852 341 In
882 311 967 353 quo
989 298 1217 339 ostendunt

191 383 264 411 cor
290 383 416 411 suum
440 383 529 411 esse
555 372 811 412 obduratum
840 373 880 411 et
910 372 1213 422 aggravatum,

189 440 396 482 audiendo
432 442 613 483 verbum
645 443 854 491 divinum,
887 443 936 481 ut
973 440 1215 480 ostendatur

187 510 232 551 in
251 510 310 550 eis
328 523 418 551 esse
437 513 702 554 verificatum
722 512 827 553 illud
840 513 969 554 Isaioe
984 513 994 533 ¹
1013 526 1021 551 :
1051 511 1211 561 «Vade,

187 582 228 621 et
247 580 357 621 dices
384 583 540 634 populo
570 583 669 624 huic
703 595 711 621 :
746 583 898 624 Audite
921 582 1148 632 audientes,
1174 585 1214 622 et

185 651 313 692 nolite
331 652 592 705 intelligere;
616 658 656 695 et
674 655 809 695 videte
828 655 1050 703 visionem,
1073 657 1113 694 et
1133 665 1212 693 no-

183 720 254 762 lite
273 734 543 774 cognoscere.
565 724 740 765 Excaeca
760 736 830 765 cor
848 724 992 777 populi
1006 724 1152 776 hujus,
1171 726 1212 764 et

182 805 306 834 aures
331 795 423 846 ejus
454 807 662 847 aggrava,
682 800 723 837 et
753 796 896 837 oculos
929 798 1021 848 ejus
1047 796 1207 846 claude,

181 876 235 904 ne
264 865 372 905 forte
400 864 540 905 videat
568 865 698 906 oculis
724 866 825 916 suis,
848 869 889 906 et
920 866 1093 906 auribus
1122 866 1208 905 suis

181 934 338 985 audiat,
363 937 404 975 et
435 935 558 976 corde
586 948 663 977 suo
697 936 923 988 intelligat,
956 939 996 976 et
1030 948 1205 977 conver-

178 1008 304 1055 tatur,
324 1007 364 1046 et
383 1017 529 1046 sanem
545 1019 658 1047 eum.
678 1022 696 1044 »
723 1006 774 1047 Et
792 1006 1043 1048 Mutihoeus²
1063 1019 1072 1046 :
1100 1022 1119 1044 «
1138 1007 1207 1046 ln-

178 1078 410 1118 crassatum
433 1080 495 1117 est
519 1089 590 1118 cor
622 1077 766 1130 populi
795 1077 940 1129 hujus,
969 1079 1008 1116 et
1031 1077 1206 1117 auribus

177 1146 363 1199 graviter
396 1147 642 1198 audierunt,
684 1151 724 1188 et
761 1148 902 1188 0011105
951 1159 1049 1187 51105
1094 1147 1206 1187 01311-

175 1220 334 1267 serunt,
356 1219 580 1271 nequando
600 1219 772 1259 videant
799 1218 945 1267 oculis,
967 1220 1007 1257 et
1027 1218 1203 1259 auribus

173 1288 361 1340 audiant,
383 1292 424 1330 et
451 1290 575 1330 corde
603 1290 858 1341 intelligant,
887 1292 926 1329 et
957 1292 1204 1329 convertan-

172 1361 257 1410 tur,
279 1361 320 1399 et
338 1371 484 1399 sanem
512 1373 596 1401 eOS.
619 1376 638 1398 ))
670 1361 754 1400 Nec
774 1363 938 1400 tantum
964 1363 1053 1400 erat
1079 1361 1122 1399 in
1143 1361 1203 1400 eis

172 1429 408 1480 obduratio,
442 1431 513 1471 sed
545 1431 734 1472 veritatis
765 1431 1047 1483 impugnatio.
1084 1431 1201 1471 Unde

171 1500 285 1541 addit
306 1515 314 1542 :
338 1501 392 1543 Et
410 1512 454 1543 os
475 1501 566 1553 eJ'us
579 1502 810 1554 opprimere
826 1502 877 1543 cle
895 1501 1060 1551 multis,
1081 1501 1200 1554 quasi

170 1582 216 1611 os
230 1570 336 1611 illud
356 1572 685 1612 mundissimum
705 1572 891 1612 locutum
912 1574 1019 1612 esset
1039 1573 1198 1612 malum

171 1641 238 1682 vel
265 1641 434 1682 falsum,
464 1641 581 1683 Unde
614 1643 880 1683 verificatum
915 1644 975 1682 est
1008 1642 1111 1682 illud
1141 1643 1154 1664 ³
1185 1658 1192 1682 :

175 1727 194 1751 α
214 1711 315 1753 Odio
343 1713 584 1754 habuerunt
615 1714 910 1766 corripientem
939 1713 980 1752 in
1002 1715 1135 1764 porta,
1158 1716 1198 1753 et

167 1784 409 1837 loquentem
426 1785 605 1838 perfecte
624 1785 854 1825 abominati
875 1787 987 1824 sunt.
1004 1798 1022 1821 »
1039 1784 1052 1805 ⁶
1073 1799 1090 1822 c<
1104 1784 1195 1825 Non

165 1858 304 1909 potest
329 1857 517 1897 mundus
543 1856 679 1897 odisse
702 1868 803 1906 vos3
830 1868 898 1896 me
924 1858 1065 1896 autem
1090 1857 1189 1907 odit,

165 1927 265 1980 quia
283 1939 366 1979 ego
383 1927 675 1968 testimonium
695 1926 895 1979 perhibeo
916 1926 965 1966 de
992 1926 1063 1966 illo
1080 1927 1193 1978 quod

163 2011 290 2051 opera
313 2000 406 2051 ejus
426 1998 537 2039 mala
561 2001 673 2039 sunt.
696 2013 714 2035 »
751 1997 802 2038 Et
829 1997 922 2038 ideo
953 1998 996 2037 in
1021 1998 1193 2039 Prover-

163 2069 243 2111 biis
262 2070 275 2091 ⁵
294 2082 304 2110 :
333 2084 353 2107 <‹
373 2069 452 2118 Qui
471 2069 608 2110 erudit
625 2069 869 2119 derisorem,
885 2068 971 2121 ipse
989 2069 1190 2120 injuriam

160 2140 239 2181 sibi
270 2141 400 2181 facit:
433 2154 453 2178 »
486 2140 587 2193 quia
611 2140 870 2180 convertitur
901 2140 950 2179 ad
984 2141 1186 2190 convicia,

115 2200 118 2201 ⁷
159 2213 329 2264 propter
346 2210 566 2252 veritatem
586 2210 788 2251 auditam.
808 2210 858 2251 Et
878 2210 977 2263 quia
996 2223 1082 2250 non
1100 2212 1186 2251 suf-

158 2281 246 2321 ficit
271 2282 490 2322 obstinata}
511 2281 681 2322 malitiae
712 2281 939 2322 conviciari
966 2293 1061 2334 quae
1082 2283 1184 2332 odit,

159 2352 231 2393 sed
250 2352 378 2392 etiam
403 2352 553 2392 nititur
578 2352 810 2396 machinari
830 2352 882 2392 ad
911 2353 1059 2393 mortis
1083 2354 1187 2393 inte-

156 2422 304 2473 ritum,
324 2424 548 2475 propterea
566 2423 705 2463 subdit
727 2425 781 2475 (v.
806 2425 868 2474 54)
893 2435 903 2463 :
924 2423 1186 2466 Insidianies

156 2494 209 2544 ei,
230 2497 268 2536 et
295 2497 526 2546 qucerenies
557 2493 723 2547 aliquid
741 2505 883 2546 capere
905 2505 960 2536 ex
983 2506 1050 2537 ore
1075 2496 1114 2546 ej
1119 2507 1180 2547 us,

156 2569 205 2608 ut
241 2569 490 2607 accusarent
525 2565 658 2607 illum.
695 2565 787 2606 Non
822 2566 936 2605 enim
973 2566 1184 2607 audebant

154 2638 298 2688 aperte
314 2635 456 2688 ipsum
476 2636 678 2687 occidere,
695 2639 864 2688 propter
880 2636 1076 2677 timorem
1097 2640 1182 2678 tur-

154 2706 306 2747 barum
316 2721 326 2756 3
341 2706 413 2747 sed
421 2706 618 2747 volebant
630 2707 787 2747 occulte
798 2707 997 2757 occidere,
1012 2711 1183 2760 propter

153 2777 300 2818 odium
312 2777 501 2819 veritatis
515 2777 684 2818 auditae.
702 2776 818 2818 Unde
836 2778 879 2818 in
892 2780 1055 2820 Jounne
1071 2781 1122 2831 (a)
1143 2780 1155 2800 ‘⁵
1170 2794 1178 2820 :

158 2862 178 2888 α
197 2847 318 2889 Nunc
347 2850 491 2889 autem
518 2860 586 2888 me
615 2848 804 2901 quaeritis
839 2848 1072 2889 interficere
1103 2850 1179 2891 ho-

152 2918 327 2969 minem,
362 2919 436 2972 qui
463 2919 692 2961 veritatem
717 2919 837 2960 vobis
869 2919 1037 2960 locutus
1065 2933 1177 2972 sum,

151 3000 281 3040 quam
309 2989 452 3030 audivi
482 3002 507 3031 a
536 2993 654 3043 patre
675 3002 784 3031 meo.
811 3004 831 3028 »
866 2990 984 3040 Quod
1010 3003 1178 3043 quaere-

150 3057 253 3099 bant
273 3061 393 3099 caute
419 3063 460 3100 et
490 3061 717 3111 malitiose;
747 3061 860 3102 unde
882 3061 1110 3104 Matthaeus
1129 3067 1142 3088 ⁷
1167 3078 1175 3104 :

157 3143 177 3168 «
196 3128 412 3170 Abeuntes
438 3130 655 3183 Pharisaei,
678 3132 903 3173 consilium
925 3133 1112 3174 inierunt
1130 3136 1179 3176 ut

149 3198 295 3240 Jesum
313 3203 509 3252 caperent
524 3201 570 3241 in
590 3214 798 3244 sermone.
817 3216 836 3240 n

193 3293 200 3311 ¹
220 3293 298 3332 rsa„
319 3300 366 3332 vl,
387 3295 488 3334 9,1ο.
508 3311 549 3317 -
568 3295 581 3316 2
598 3296 828 3338 Matlh.,x111,
852 3300 900 3330 15.
924 3316 958 3321 —-
981 3299 994 3320 3
1013 3300 1120 3339 Amos,
1142 3309 1176 3341 v,

150 3342 202 3373 10.
231 3356 272 3363 -
290 3339 301 3358 ⁴
326 3340 435 3378 Joan.,
460 3348 529 3382 vu,
555 3343 586 3372 7.
607 3359 646 3366 —
673 3344 686 3366 ⁵
708 3345 820 3385 Prov„
844 3353 897 3385 111,
925 3347 954 3378 7.
975 3364 1015 3370 —
1037 3347 1051 3368 ⁶
1068 3348 1173 3389 doun„

148 3394 231 3426 vm,
253 3388 304 3418 37.
324 3404 365 3410 —
390 3388 400 3405 ⁷
423 3387 558 3427 Matth„
582 3397 676 3430 xxu,
698 3393 747 3422 15.
774 3409 813 3415 —
838 3392 852 3414 8
873 3394 967 3434 Sup.,
992 3401 1044 3434 vl,
1068 3396 1116 3426 19.
1136 3412 1175 3418 ω-

149 3434 161 3453 ⁹
184 3433 260 3474 1nf.‚
285 3441 343 3473 xv,
367 3436 398 3466 2.
419 3451 460 3457 —
477 3435 505 3457 1⁰
523 3435 596 3474 Job,
622 3444 717 3475 xxix,
742 3440 792 3469 25.

189 3492 234 3534 (α)
258 3493 338 3526 Gaet.
357 3492 439 3525 edit.
460 3494 620 3528 Joannes.
637 3512 677 3519 —
697 3495 740 3536 (b)
764 3499 867 3529 tanta.

2243 208 2319 247 549

1617 383 1829 428 CAPUT
1878 383 1988 427 XII.

1341 515 1378 551 1.
1392 511 1542 552 Μηῖτῑε
1556 515 1697 553 utitem
1713 511 1846 553 turbis
1860 513 2220 564 concurrentibus,
2234 516 2308 556 etc.

1287 581 1513 633 Postquam
1545 581 1749 621 Dominus
1772 582 1817 621 in
1847 581 2068 624 Pharisaeis
2093 584 2314 636 redarguit

1285 651 1547 692 dolositatem
1573 652 1854 691 simulationis
1882 652 2102 704 malignae,
2125 654 2194 694 hic
2223 655 2313 695 dis-

1285 722 1444 774 cipulos
1464 723 1615 762 invitat
1635 723 1687 762 ad
1716 722 1923 763 cautelam
1943 724 2223 766 simulationis
2242 738 2310 767 re-

1284 792 1492 843 dargutae.
1526 792 1576 832 Et
1615 792 1815 844 quoniam
1850 793 2093 845 hujusmodi
2131 795 2310 848 duplici-

1284 864 1410 901 tatem
1449 865 1593 902 causat
1633 863 1759 902 timor
1806 863 1915 903 male
1960 864 2206 917 humilians,
2240 866 2310 907 vel

1281 945 1400 973 amor
1426 934 1534 973 male
1561 934 1814 984 accendens3
1843 934 1938 975 ideo
1965 948 2062 987 pars
2089 936 2169 976 ista
2197 936 2309 978 divi-

1280 1004 1395 1044 ditur
1421 1004 1463 1044 in
1484 1005 1588 1045 duas
1616 1020 1624 1044 :
1654 1005 1700 1044 in
1725 1017 1907 1057 quarum
1934 1006 2070 1058 prima
2089 1010 2232 1048 monet
2255 1007 2308 1048 ad

1280 1077 1508 1117 cavendam
1530 1078 1816 1130 duplicitatem
1832 1090 1885 1118 ex
1903 1078 2124 1119 timiditate
2138 1081 2307 1121 venien-

1279 1150 1386 1196 tem;
1410 1148 1453 1187 in
1471 1148 1656 1188 secunda
1670 1160 1771 1188 vero
1793 1149 2076 1201 cupiditatem,
2099 1150 2222 1200 infra,
2244 1163 2308 1192 eo-

1278 1219 1373 1258 dem
1406 1219 1459 1270 (v.
1483 1220 1544 1271 13)
1571 1232 1581 1259 :
1610 1220 1685 1262 Ait
1709 1225 1847 1262 autem
1874 1222 1914 1261 ei
1934 1221 2114 1273 quidam
2138 1222 2190 1264 de
2221 1227 2307 1266 tur-

1278 1288 1350 1339 bu,
1380 1291 1456 1329 etc.
1491 1289 1634 1330 Prima
1665 1294 1807 1331 autem
1838 1304 1935 1344 pars
1964 1292 2093 1332 habet
2123 1296 2305 1346 quatuor

1275 1362 1414 1411 partes
1437 1374 1445 1400 ε
1478 1361 1522 1400 111
1550 1373 1732 1413 quarum
1759 1362 1896 1413 prima
1928 1362 2126 1403 informat
2151 1365 2204 1405 ad
2235 1378 2304 1405 ca-

1275 1431 1457 1471 vendam
1489 1432 1772 1482 dolositatem3
1810 1434 1854 1473 in
1890 1434 2073 1474 secunda
2102 1436 2307 1477 confortat

1275 1503 1325 1542 ad
1345 1503 1628 1555 repellendam
1650 1504 1929 1554 timiditatem,
1949 1504 2006 1543 ibi
2028 1505 2082 1557 (v.
2107 1506 2142 1558 4)
2171 1521 2179 1546 :
2204 1507 2305 1550 Dico

1274 1576 1410 1615 uidem
1434 1575 1550 1616 robis
1581 1576 1756 1626 ciinicis,·
1777 1575 1823 1614 in
1852 1575 1972 1615 tertia
1991 1578 2133 1616 autem
2152 1577 2305 1619 invitat

1272 1646 1323 1686 ad
1353 1647 1686 1686 conservandum
1715 1647 2005 1696 veracitatem,
2039 1647 2098 1686 ibi
2134 1649 2188 1700 (v.
2223 1650 2262 1699 8)
2289 1660 2301 1689 z

1272 1717 1377 1757 Dico
1405 1720 1547 1758 autem
1566 1717 1682 1758 robis
1703 1728 1716 1756 .·
1746 1716 1892 1757 Omnis
1926 1718 2175 1770 quicumque
2203 1730 2303 1761 con-

1269 1789 1421 1840 fessus,
1444 1792 1537 1838 etc.;
1569 1788 1614 1828 in
1647 1791 1797 1840 quarta
1828 1800 1930 1829 vero
1956 1789 2115 1828 animat
2139 1790 2192 1830 ad
2221 1790 2299 1831 ha-

1269 1859 1448 1899 bendam
1471 1860 1754 1908 securitatem,
1768 1859 1825 1899 ibi
1846 1859 1899 1912 (v.
1920 1860 1981 1912 11)
2005 1874 2014 1900 :
2039 1860 2142 1901 Cum
2158 1864 2296 1903 autem

1267 1930 1471 1972 inducent
1506 1940 1577 1971 ros
1615 1931 1663 1971 in
1695 1940 1949 1982 synuyoqas.
1987 1929 2037 1970 Et
2068 1934 2167 1971 sunt
2204 1932 2296 1974 istae

1266 2004 1405 2054 partes
1428 2001 1503 2041 sibi
1530 2001 1916 2053 correspondentes,
1937 2001 2038 2053 quia
2069 2002 2164 2042 duae
2195 2014 2294 2055 pos-

1265 2075 1412 2112 tremae
1458 2071 1784 2123 correspondent
1824 2070 1989 2111 duabus
2025 2072 2188 2124 primis.
2223 2074 2291 2113 In-

1263 2144 1415 2183 format
1436 2145 1577 2183 autem
1597 2141 1823 2194 discipulos
1843 2142 1894 2182 ad
1921 2144 2152 2184 cavendam
2171 2144 2294 2186 dolo—-

1262 2215 1428 2255 sitatem
1466 2214 1761 2255 informatione
1800 2213 1980 2264 celebri,
2020 2216 2060 2254 et
2093 2214 2291 2256 informa-

1261 2286 1374 2326 tione
1410 2285 1598 2326 credibili
1637 2296 1646 2324 :
1686 2284 1851 2334 celebri,
1891 2284 2081 2336 inquam,
2121 2288 2290 2338 propter

1261 2355 1575 2396 multitudinem
1602 2355 1762 2404 turbae;
1786 2353 1986 2404 credibili,
2008 2357 2180 2407 propter
2198 2367 2289 2397 cer-

1260 2426 1485 2466 titudinem
1505 2438 1657 2466 causae.
1874 2475 1877 2477 v

1314 2496 1456 2537 Primo
1486 2496 1636 2547 igitur,
1663 2497 1871 2548 quantum
1892 2495 1943 2535 ad
1970 2496 2287 2538 multitudinem

1258 2567 1396 2608 turbae
1411 2566 1620 2607 reddentis
1632 2566 1974 2607 informationem
1992 2566 2211 2619 celebrem,
2229 2568 2286 2609 di-

1259 2639 1367 2678 citur
1399 2652 1408 2678 ε
1443 2638 1593 2679 Multis
1612 2641 1748 2679 autem
1769 2637 1903 2679 turbis
1923 2639 2281 2692 concurrentibus,

1257 2712 1324 2752 ita
1343 2714 1389 2752 ui
1414 2720 1455 2752 se
1475 2709 1657 2752 invicem
1681 2709 1987 2751 conculcarent.
2009 2708 2061 2749 Et
2084 2710 2164 2750 hoc
2185 2711 2286 2763 quia

1258 2781 1552 2833 unusquisque
1576 2775 1799 2820 volebatei
1819 2780 2173 2834 appropinquare,
2194 2782 2285 2823 sive

1257 2855 1428 2905 propter
1460 2852 1638 2891 salutem
1666 2851 1920 2902 habendam,
1942 2852 2050 2893 sicut
2080 2865 2208 2906 supra
2226 2854 2240 2875 ⁸
2270 2868 2279 2894 :

1263 2939 1282 2962 «
1302 2923 1446 2965 Omnis
1458 2925 1582 2964 turba
1596 2923 1811 2976 quaerebat
1824 2936 1920 2964 eum
1939 2926 2129 2976 tangere,
2143 2940 2164 2962 2)
2183 2928 2261 2966 etc.
2269 2940 2279 2976 ;

1256 2995 1344 3035 sive
1373 2996 1544 3047 propter
1570 2995 1802 3034 doctrinam
1832 2994 2153 3047 suscipiendam,
2176 2997 2283 3037 sicut

1255 3068 1363 3108 infra
1386 3069 1399 3089 ⁹
1423 3079 1431 3107 :
1471 3083 1489 3106 (1
1508 3068 1637 3108 Erant
1661 3068 2048 3121 appropinquantes
2069 3070 2120 3110 ad
2138 3069 2281 3111 Jesum

1254 3139 1482 3192 publicani,
1509 3154 1528 3177 ›>
1561 3142 1656 3189 etc.,
1678 3139 1766 3179 sive
1785 3142 1955 3192 propter
1980 3139 2112 3192 ipsius
2132 3140 2281 3182 Christi

1254 3210 1481 3252 videndam
1501 3210 1821 3262 benignitatem,
1845 3210 1952 3252 sicut
1977 3211 2021 3251 in
2048 3212 2189 3263 figura
2216 3211 2278 3253 di-

1252 3280 1360 3320 citur
1381 3280 1410 3304 ¹⁰
1434 3295 1442 3321 ε
1469 3296 1487 3319 (1
1509 3280 1700 3334 Cumque
1727 3281 1915 3322 sederem
1935 3282 2054 3334 quasi
2072 3294 2172 3333 rex,
2206 3283 2280 3323 cir-

1252 3353 1487 3392 cumstante
1522 3353 1726 3403 exercitu,
1767 3365 1883 3393 eram
1923 3356 2064 3393 tamen
2102 3365 2281 3394 moeren-

1252 3422 1360 3462 tium
1384 3422 1632 3463 consolator.
1655 3437 1674 3460 n
1701 3422 1748 3463 In
1767 3425 1894 3465 tantae
1924 3424 1972 3476 (b)
1993 3423 2278 3464 multitudinis

1249 3494 1474 3546 praesentia
1511 3493 1686 3535 celebris
1730 3498 1818 3536 erat
1854 3494 2054 3536 doctrina.
2103 3494 2277 3549 Propter

2346 1019 2469 1048 Divisiou
