2634 3853
121 968 184 993 Hoc

79 1010 218 1042 Evange-

75 1048 164 1075 lium:
175 1049 221 1073 Iu-

78 1089 165 1115 travit
174 1090 189 1115 J
193 1096 219 1115 e-

98 1137 149 1156 sus
172 1129 202 1155 in

102 1170 197 1204 quod-

81 1211 149 1237 dam
163 1217 223 1236 cas·

92 1251 208 1281 tellum,

81 1299 133 1317 cur
146 1292 225 1325 lega-

100 1335 148 1359 tur
178 1332 207 1357 in

84 1375 226 1406 Assump-

86 1413 165 1440 tione
191 1415 226 1440 B.

86 1454 218 1489 Virginis

1001 153 1274 195 EXPOSITIO
1306 153 1358 194 IN
1388 151 1502 193 CAP.
1532 151 1581 192 X.

231 248 276 288 in
307 258 455 297 carne,
492 245 562 285 hic
593 245 698 285 mihi
729 244 888 284 fructus
920 242 1058 294 operis
1094 244 1177 291 est,
1214 244 1255 281 et

233 319 334 371 quid
350 317 508 367 eligam
530 315 698 366 ignoro.
722 314 916 355 Coarctor
936 315 1078 353 autem
1107 323 1129 351 e
1150 311 1253 351 duo-

233 389 326 437 bus,
349 386 602 427 desiderium
623 385 784 425 habens
803 383 973 424 dissolvi
993 385 1033 422 et
1047 393 1136 421 esse
1159 393 1256 420 cum

233 457 396 497 Christo
410 488 420 507 ,
456 456 589 496 multo
626 455 767 506 magis
804 453 975 502 melius3
1010 462 1258 504 permanere

234 530 378 568 autem
397 526 442 566 in
459 538 607 576 carne,
628 524 909 565 necessarium
936 525 1105 574 propter
1127 533 1252 562 vos.»

235 597 332 638 Ideo
378 596 492 637 viros
535 595 772 649 spirituales
823 592 1049 645 aliquando
1098 593 1261 644 oportet

235 667 402 720 egredi,
425 666 652 719 aliquando
676 664 918 712 ascendere,
945 662 1170 714 aliquando
1189 661 1259 702 de-

235 737 452 786 scendere;
485 737 592 777 sicut
624 736 730 777 vidit
757 734 882 776 Jacob
902 733 1090 785 Angelos
1121 743 1262 772 ascen-

236 807 380 848 dentes
399 819 441 848 et
456 807 766 848 descendentes,

291 877 407 918 Istud
422 880 565 918 autem
585 875 860 927 evangelium
881 872 1099 915 consuevit
1116 872 1204 923 legi
1221 871 1266 910 in

237 947 536 1000 Assumptione
572 948 704 987 beatae
743 945 934 997 Virginis
972 944 1134 991 Mariae,
1179 943 1266 982 sive

239 1019 338 1071 quia
356 1018 453 1058 finis
473 1019 565 1070 ejus
585 1017 728 1058 Mariae
745 1017 903 1069 optime
929 1014 1147 1066 congruit,
1170 1025 1267 1053 cum

239 1089 392 1129 dicitur
411 1101 420 1128 ε
443 1089 587 1130 Μανία
606 1089 811 1140 optimam
829 1090 997 1139 partem
1025 1085 1160 1137 elegit,
1177 1094 1270 1136 quce

239 1171 325 1202 non
343 1160 560 1210 auferetur
580 1160 629 1201 ab
650 1170 699 1200 ea
721 1173 735 1199 .·
754 1157 950 1210 quamvis
973 1156 1088 1196 enim
1111 1155 1192 1196 hoc
1219 1153 1270 1194 ad

241 1230 426 1270 litteram
447 1227 604 1270 dictum
624 1229 750 1270 fuerit
770 1229 819 1269 de
839 1227 971 1268 Maria
993 1226 1240 1278 Magdalene
1255 1256 1268 1275 ,

244 1301 389 1340 verius
408 1297 551 1340 tamen
571 1303 633 1340 est
652 1300 701 1339 de
717 1299 762 1339 B.
785 1298 963 1350 Virgine
988 1298 1132 1338 Maria.
1157 1295 1274 1336 Unde

244 1368 484 1410 Bernardus
500 1372 511 1392 ¹
533 1384 543 1410 ε
571 1385 590 1408 «
613 1371 826 1423 Optimam
853 1374 1014 1422 partem
1045 1368 1168 1420 eleqic
1195 1367 1278 1409 sibi

245 1441 404 1482 Maria.
446 1442 659 1493 Optimam
689 1440 812 1492 plane
845 1454 854 1480 ε
888 1440 998 1479 bona
1027 1438 1276 1479 foecunditas

247 1511 506 1564 conjugalis3
540 1511 690 1551 melior
715 1514 857 1551 autem
886 1511 1055 1551 castitas
1081 1509 1277 1561 virgina-

245 1580 324 1632 lis;
344 1593 516 1634 prorsus
535 1584 677 1621 autem
696 1582 856 1634 optima
874 1581 1122 1621 foecunditas
1138 1580 1275 1631 virgi-

249 1664 355 1703 nea,
390 1664 463 1693 seu
494 1653 689 1693 foecunda
708 1652 933 1704 virginitas
969 1651 1138 1702 Mariae,
1157 1652 1279 1703 cujus

249 1721 330 1763 1100
350 1723 629 1775 privilegium
643 1726 704 1763 est
721 1736 728 1763 :
744 1734 830 1764 non
843 1723 1013 1763 dabitur
1030 1722 1163 1772 alteri,
1180 1721 1280 1774 quia

250 1806 336 1834 non
349 1794 564 1835 auferetur
588 1794 639 1846 (a)
659 1795 711 1834 ab
726 1807 788 1835 ea.
804 1808 824 1832 »
845 1794 942 1834 Sive
957 1794 1097 1845 etiam,
1116 1793 1217 1846 quia
1235 1793 1281 1833 in

252 1864 333 1905 hoc
343 1877 449 1906 evan
455 1864 566 1914 gelio
576 1865 827 1905 describitur
837 1865 882 1904 in
892 1864 1055 1905 duabus
1066 1864 1281 1904 sororibus

250 1935 448 1986 perfectio
474 1935 622 1975 aciivae
648 1938 688 1975 et
719 1934 1077 1987 contemplativae,
1098 1946 1282 1987 quarum

251 2007 431 2058 utraque
450 2006 530 2046 fuit
548 2007 593 2046 in
613 2005 787 2058 Virgine
806 2006 1105 2059 perfectissime
1135 2020 1142 2047 :
1170 2005 1284 2058 quod

252 2076 367 2116 enim
391 2076 470 2117 fuit
493 2076 641 2117 datum
669 2077 759 2117 istis
788 2077 952 2117 duabus
977 2076 1190 2117 sororibus
1208 2087 1284 2128 per

252 2149 406 2198 partes,
428 2146 573 2188 Mariae
591 2150 727 2187 totum
746 2147 895 2187 datum
920 2147 999 2187 fuit
1029 2149 1070 2187 et
1095 2147 1280 2198 integre.

254 2215 370 2258 Unde
395 2216 681 2270 Hieronymus
704 2233 712 2258 ;
740 2217 940 2258 «Caeteris
965 2218 1111 2258 datum
1131 2220 1192 2258 est
1210 2229 1284 2270 per

253 2290 416 2339 partes;
442 2287 585 2328 Mariae
603 2292 747 2329 autem
767 2300 811 2329 se
830 2291 963 2328 totam
988 2287 1116 2328 simul
1133 2287 1284 2327 infudit

253 2357 470 2408 plenitudo
490 2358 656 2409 gratiae.
687 2373 706 2395 »
744 2357 844 2398 Sive
863 2358 964 2410 quia
985 2358 1054 2398 1110
1074 2358 1216 2409 agitur
1233 2357 1285 2398 de

254 2427 412 2479 duplici
431 2427 582 2468 Christi
603 2428 884 2481 susceptione,
902 2427 1109 2480 corporali
1128 2420 1285 2467 scilicet

256 2499 296 2538 et
316 2497 522 2550 spirituali
543 2512 552 2538 :
582 2498 788 2551 corporali
809 2511 833 2539 a
852 2498 1017 2538 Martha
1035 2499 1079 2538 in
1102 2497 1284 2551 hospitio

255 2567 406 2609 domus
434 2568 672 2618 exterioris3
697 2568 906 2621 spirituali
925 2581 1026 2609 vero
1045 2581 1069 2608 a
1090 2568 1221 2609 Maria
1240 2568 1285 2608 in

254 2637 436 2691 hospitio
449 2639 601 2680 domus
611 2639 840 2681 interioris.
857 2639 907 2680 Et
920 2639 1014 2680 haec
1025 2639 1182 2692 duplex
1191 2652 1282 2680 sus-

256 2710 391 2763 ceptio
402 2710 701 2763 perfectissime
712 2710 790 2750 fuit
808 2710 854 2750 in
869 2710 1016 2760 Maria,
1032 2722 1128 2763 quae
1143 2710 1285 2762 ipsum

256 2783 439 2835 suscepit
456 2783 501 2822 in
518 2781 706 2823 thalamo
727 2782 928 2835 corporis,
951 2782 1070 2833 aluit,
1088 2781 1281 2831 nutrivit,

257 2855 298 2894 et
315 2853 532 2905 educavit,
554 2866 601 2894 ac
633 2853 777 2894 sedulo
805 2853 1080 2904 ministravit3
1103 2853 1286 2906 suscepit

258 2924 385 2965 etiam
403 2925 449 2965 in
465 2925 652 2966 thalamo
671 2925 806 2965 cordis
823 2924 965 2977 ipsum
982 2924 1178 2974 videndo,
1201 2935 1286 2964 cre-

258 2994 419 3046 dendo,
453 2996 661 3045 amando,
687 2994 906 3035 imitando.
939 2993 992 3034 Et
1019 3006 1072 3034 ex
1103 2997 1284 3047 utroque

258 3064 414 3106 horum
442 3051 562 3107 beata
593 3066 685 3107 fuit.
718 3065 835 3106 Unde
868 3065 978 3104 infra
1002 3066 1015 3086 ²
1040 3079 1048 3104 :
1088 3080 1107 3104 ε(
1132 3064 1284 3106 Beatus

261 3138 409 3176 venter
426 3136 499 3188 qui
520 3139 560 3177 te
576 3136 784 3189 portavit,
806 3151 825 3174 ›)
850 3138 927 3176 etc.
955 3135 1103 3176 «Beati
1122 3136 1194 3188 qui
1213 3148 1284 3176 au-

259 3204 380 3245 diunt
415 3206 595 3247 verbum
634 3206 725 3256 Dei,
762 3209 803 3247 et
835 3206 1076 3247 custodiunt
1112 3206 1230 3247 illud.
1258 3221 1277 3244 »

262 3275 378 3317 Unde
394 3277 688 3329 Augustinus:
715 3293 734 3317 «
752 3277 917 3318 Beatior
934 3277 1015 3318 fuit
1032 3277 1165 3318 Maria
1190 3289 1284 3330 per-

299 3383 309 3403 ¹
327 3383 440 3422 Bern.,
457 3383 493 3413 z'n
504 3383 670 3423 Assumpt.
688 3384 722 3415 B.
738 3385 826 3416 Mar.
839 3393 939 3415 serm,
963 3392 1010 3422 1ν,
1024 3393 1057 3415 n.
1071 3386 1145 3415 5.—
1162 3385 1173 3405 2
1192 3385 1281 3423 Luc„

259 3430 315 3470 ΧΓ,
345 3430 398 3470 27,
424 3431 474 3462 28.
495 3447 536 3453 -
563 3430 576 3451 ³
600 3430 711 3470 Cant„
737 3439 783 3472 iv,
813 3433 845 3463 4.
865 3448 905 3454 -—-
930 3431 945 3453 ὃ
962 3431 1060 3472 ibid„
1089 3439 1158 3471 v11,
1188 3434 1218 3464 4.
1242 3449 1283 3455 —

440 3499 540 3530 Tou.
568 3499 613 3530 x.

2272 160 2349 198 513

1328 241 1519 293 cipiendo
1534 232 1661 281 fidem
1675 240 1839 291 Christi,
1850 253 1978 293 quam
1990 243 2257 294 concipiendo
2267 255 2352 283 car-

1329 324 1427 352 nem
1447 311 1611 352 Christi.
1632 311 1820 352 Materna
1829 312 1942 352 enim
1961 313 2251 365 propinquitas
2269 315 2352 354 Ma-

1329 383 1404 422 riae
1422 382 1528 422 nihil
1542 383 1776 434 profuisset,
1794 383 1875 422 nisi
1895 383 2056 423 felicius
2071 386 2210 423 mente
2227 396 2356 436 quam

1331 464 1455 492 carne
1487 453 1627 504 ipsum
1660 456 1874 505 gestasset.
1909 468 1928 491 ))
1962 454 2059 494 Sive
2095 453 2220 493 etiam
2257 455 2357 506 quia

1332 522 1401 561 hic
1419 522 1499 561 tria
1518 522 1866 573 determinantur,
1887 524 2042 564 scilicet
2056 524 2252 564 divinum
2267 523 2359 563 hos-

1333 591 1506 645 pitium,
1528 592 1721 634 divinum
1741 595 2043 645 ministerium,
2059 594 2254 635 divinum
2268 606 2362 634 con-

1335 661 1577 702 tubernium
1603 678 1609 703 :
1639 676 1736 716 quae
1757 665 1835 705 tria
1860 666 2032 706 fuerunt
2062 665 2363 717 perfectissime

1336 732 1379 771 in
1398 731 1575 783 Virgine
1594 733 1723 774 Maria
1740 749 1748 775 z
1772 735 2004 788 hospitium
2019 736 2063 776 in
2083 736 2264 785 castello,
2287 736 2365 776 mi-

1337 802 1557 843 nisterium
1577 803 1620 843 iu
1641 804 1818 855 Martha,
1832 809 1871 845 et
1885 806 2209 847 contubernium
2228 807 2271 846 in
2284 806 2366 846 Ma-

1339 874 1414 913 ria.
1426 873 1548 914 Recte
1556 886 1741 927 namque
1750 874 1882 926 Virgo
1896 875 2025 915 Maria
2039 876 2085 915 in
2099 876 2365 929 suscipiendo

1341 943 1572 994 Christum,
1603 944 1681 984 fuit
1703 944 1920 985 castellum
1950 945 2138 986 turribus
2158 946 2367 987 virtutum

1342 1014 1560 1053 munitum
1589 1017 1628 1054 et
1654 1015 1879 1056 elevatum.
1915 1015 2045 1068 Cujus
2076 1017 2215 1068 prima
2244 1018 2369 1057 turris

1342 1085 1421 1124 fuit
1438 1085 1637 1125 fortitudo
1656 1086 1925 1126 districtionis
1938 1117 1947 1135 ,
1971 1087 2021 1127 de
2040 1099 2124 1140 qua
2145 1091 2158 1113 ³
2178 1104 2186 1129 ι
2216 1103 2235 1126 «
2256 1088 2372 1129 Sicut

1344 1156 1472 1197 turris
1492 1157 1622 1197 David
1641 1157 1794 1198 collum
1813 1161 1953 1208 tuum,
1976 1171 2072 1211 quae
2088 1159 2292 1200 aedificata
2312 1164 2373 1200 est

1346 1239 1444 1267 cum
1464 1228 1813 1280 propugnaculis,
1837 1230 1952 1270 mille
1971 1230 2105 1283 clypei
2118 1231 2302 1283 pendent
2321 1243 2375 1271 ex

1347 1310 1420 1338 ea:
1446 1313 1464 1335 υ
1490 1298 1591 1350 quia
1619 1298 1752 1350 Virgo
1785 1298 1915 1339 Maria
1945 1300 2061 1340 nullo
2100 1301 2205 1341 vitio
2240 1303 2377 1354 potuit

1349 1369 1554 1421 superari.
1583 1369 1775 1410 Secunda
1799 1372 1953 1420 turris,
1987 1372 2191 1412 rectitudo
2217 1372 2374 1412 discre-

1348 1439 1491 1489 tionis,
1514 1440 1564 1479 de
1583 1439 1687 1491 qua*
1711 1454 1718 1479 ε
1751 1439 1912 1480 «Nasus
1928 1444 2026 1481 tuus
2047 1441 2156 1482 sicut
2173 1443 2302 1482 turris
2317 1442 2379 1483 Li·

1349 1510 1470 1559 bani,
1494 1521 1589 1562 quae
1612 1510 1778 1562 respicit
1797 1514 1942 1551 contra
1961 1511 2224 1553 Damascum.
2254 1527 2273 1550 »
2301 1513 2379 1553 Ubi

1351 1580 1606 1632 intelligitur
1641 1580 1838 1621 discretio
1879 1582 1980 1621 boni
2015 1595 2039 1622 a
2077 1583 2203 1624 malo.
2241 1583 2382 1624 Tertia

1351 1652 1482 1692 turris
1507 1651 1588 1691 fuit
1617 1651 1844 1692 multitudo
1875 1652 2131 1704 devotionis,
2159 1654 2208 1694 de
2238 1655 2348 1707 qua3
2371 1669 2380 1695 ε

1359 1720 1487 1772 «Ego
1506 1732 1677 1771 murus,
1700 1723 1741 1761 et
1771 1722 1902 1761 ubera
1937 1734 2031 1762 mea
2062 1723 2170 1763 sicut
2194 1725 2343 1774 turris,
2359 1739 2378 1762 ›>

1353 1792 1524 1843 propter
1551 1790 1816 1831 dulcedinem
1845 1790 2103 1841 devotionis,
2128 1792 2171 1833 in
2196 1806 2281 1846 qua
2309 1806 2382 1835 ex-

1355 1861 1542 1902 cellebat.
1565 1861 1682 1902 Unde
1702 1862 1794 1902 istae
1808 1864 1892 1902 tres
1907 1864 2046 1903 turres
2061 1864 2277 1906 aedificatae
2296 1866 2384 1906 fue-

1355 1935 1456 1974 runt
1476 1945 1501 1972 a
1523 1931 1680 1985 Spiritu
1700 1936 1841 1973 sancto
1861 1946 1935 1986 per
1959 1934 2141 1986 gratiam
2159 1948 2287 1988 super
2300 1939 2385 1977 tres

1357 2003 1563 2056 potentias
1583 2003 1739 2044 animae.
1762 2018 1770 2044 ;
1801 2004 1937 2056 prima
1964 2016 2091 2057 super
2110 2005 2382 2057 irascibilem,

1358 2073 1540 2114 secunda
1578 2085 1705 2125 super
1732 2073 2003 2125 rationalem,
2037 2078 2077 2115 et
2108 2076 2232 2117 tertia
2261 2089 2388 2130 super

1357 2144 1739 2196 concupiscibilem.
1755 2145 1805 2186 Et
1819 2157 1871 2186 ex
1887 2146 1954 2186 his
1967 2145 2098 2198 Virgo
2111 2147 2190 2188 fuit
2203 2152 2388 2189 castrum

1357 2216 1560 2257 idoneum
1581 2217 1633 2257 ad
1652 2217 1965 2270 suscipiendum
1992 2217 2147 2259 Filium
2168 2220 2303 2261 Patris
2323 2221 2386 2261 di-

1357 2288 1532 2339 lectum,
1557 2288 1630 2340 qui
1663 2291 1751 2328 erat
1777 2288 1914 2330 virtus
1933 2291 1974 2330 et
2003 2289 2208 2341 sapientia
2229 2291 2386 2343 Patris,

1358 2359 1458 2411 quia
1476 2358 1607 2410 Virgo
1624 2358 1873 2410 fortissima,
1896 2360 2245 2412 prudentissima,
2269 2364 2308 2403 et
2323 2363 2390 2404 de—

1358 2429 1588 2471 votissima.

1412 2499 1535 2540 Recte
1569 2499 1697 2540 etiam
1722 2499 1768 2539 in
1797 2499 2074 2541 ministrando
2092 2501 2285 2543 ministra
2308 2503 2388 2546 fuit

1359 2570 1525 2611 Martha
1537 2601 1550 2621 ,
1586 2581 1683 2623 quae
1710 2570 1888 2611 Domino
1917 2571 2171 2614 ministravit
2192 2573 2384 2626 fideliter,

1359 2641 1577 2681 humiliter
1589 2644 1630 2681 et
1647 2640 1919 2682 viriliter.Sic
1939 2645 1980 2682 et
2000 2641 2144 2693 Maria,
2159 2656 2258 2684 cum
2281 2649 2388 2686 esset

1359 2711 1432 2751 Dei
1445 2714 1594 2762 mater,
1616 2711 1712 2751 fecit
1732 2723 1776 2751 se
1786 2711 1981 2752 ancillam
1995 2714 2036 2753 et
2056 2713 2384 2765 ministram,se-

1360 2783 1549 2823 cundum
1575 2782 1680 2823 illud
1699 2786 1712 2808 ⁶
1739 2796 1747 2822 :
1784 2798 1803 2821 (ι
1821 2782 1925 2823 Εο00
1950 2783 2100 2824 ancilla
2120 2770 2299 2838 Dom'ini,
2314 2788 2387 2828 fiat

1362 2854 1469 2894 1111111
1488 2853 1722 2895 secundum
1742 2854 1924 2895 verbum
1944 2857 2086 2896 tuum.
2108 2871 2128 2893 »
2149 2855 2266 2898 Unde
2286 2858 2387 2898 desi-

1360 2928 1490 2976 gnata
1499 2925 1577 2965 fuit
1586 2936 1662 2977 per
1672 2923 1788 2964 illam
1799 2924 1956 2965 bonam
1967 2924 2190 2966 mulierem
2199 2926 2277 2967 Abi
2282 2928 2366 2979 gail
2373 2961 2382 2979 ‚

1360 3009 1455 3049 quae
1476 3008 1573 3037 cum
1597 3008 1622 3036 a
1646 2995 1778 3037 David
1805 2998 2014 3047 peteretur
2040 2996 2085 3036 in
2110 2998 2383 3049 conjugium,

1360 3067 1510 3107 obtulit
1535 3079 1579 3107 se
1608 3067 1652 3106 in
1677 3066 1962 3107 ministerium
1981 3065 1995 3088 ⁷
2017 3079 2027 3107 :
2057 3082 2076 3105 (‹
2094 3066 2197 3107 Ecce
2228 3067 2386 3108 famula

1358 3141 1432 3178 tua
1451 3138 1504 3179 sit
1525 3138 1569 3178 in
1586 3137 1800 3188 ancillam,
1821 3140 1869 3177 ut
1886 3137 2000 3179 lavet
2022 3138 2145 3190 pedes
2163 3150 2385 3178 servorum

1359 3209 1519 3250 domini
1535 3209 1632 3249 mei.
1663 3224 1682 3247 »
1713 3208 1825 3249 Talis
1855 3209 1935 3249 fuit
1954 3208 2086 3260 Virgo
2107 3207 2237 3248 Maria
2255 3240 2266 3258 ,
2287 3221 2384 3261 quae

1358 3280 1594 3333 praenimia
1623 3279 1862 3320 humilitate
1898 3280 1948 3319 de
1969 3290 2012 3319 se
2039 3279 2128 3330 ipsa
2155 3278 2317 3319 dicebat
2335 3282 2349 3304 ⁸
2372 3293 2381 3320 :

1360 3386 1578 3426 ⁶1h1d.,v1u,
1598 3389 1646 3418 1ο.
1670 3405 1705 3409 -
1729 3378 1854 3427 6‘Sup.,
1874 3393 1898 3424 1,
1919 3386 1969 3416 38.
1992 3401 2032 3407 —
2052 3382 2064 3402 ⁷
2087 3384 2099 3414 1
2121 3383 2212 3425 aeq„
2229 3391 2310 3425 xxv,
2332 3387 2382 3417 41.

1359 3451 1395 3456 -
1413 3434 1424 3452 ⁸
1440 3433 1535 3474 Sup.,
1555 3441 1580 3473 1,
1599 3435 1652 3466 48.
1668 3451 1707 3456 —
1723 3433 1769 3474 (a)
1790 3433 1872 3465 Coet.
1891 3431 1975 3463 edit.
1995 3430 2156 3463 aufertur.

2174 3492 2225 3531 33
