2634 3853
972 161 1244 204 EXPOSITIO
1275 161 1327 202 IN
1359 161 1470 202 CAP.
1502 160 1551 201 X.

198 255 373 296 tandum
393 254 443 294 de
463 254 727 306 providentia
756 254 826 295 Dei
846 250 1217 305 irreprehensibili,

198 337 283 367 non
327 325 673 378 praesumptionis
711 323 960 366 ratiunculis
994 321 1218 362 discutien-

196 396 298 436 dum
320 395 370 448 (a)
389 410 399 445 ;
419 395 535 448 quia,
557 398 605 436 ut
625 395 724 436 dicit
743 394 969 446 Gregorius
989 393 1016 442 ¹,
1046 406 1064 430 «
1078 391 1222 432 divina

190 466 350 518 judicia
368 478 453 506 non
467 469 566 506 sunt
583 468 741 507 temere
761 463 1032 513 discutienda,
1050 462 1122 502 sed
1135 463 1221 503 for-

194 536 397 577 midoloso
417 536 578 578 silentio
595 536 837 578 veneranda
861 535 924 587 (b).

246 605 385 646 Tertio
406 607 584 647 ostendit
601 618 690 646 esse
710 604 984 657 gaudendum
1005 604 1055 644 de
1073 606 1219 656 poten-

192 677 252 717 tia
265 677 695 730 incomprehensibili,
713 689 809 717 cum
830 676 889 716 ait
911 675 964 728 (v.
990 678 1055 726 ⁶2⁶2)
1083 688 1092 715 :
1120 676 1219 717 Om-

191 749 270 790 nia
294 748 404 790 mihi
429 748 594 791 tradita
622 751 722 790 sunt
748 759 774 789 a
801 747 923 789 Patre
942 757 1042 788 meo.
1070 746 1116 786 In
1141 747 1220 787 hoc

190 831 377 872 namque
408 819 521 872 quod
546 819 660 868 dicit,
693 818 860 868 Omnia,
890 817 1054 857 infinite
1083 820 1220 858 osten-

189 890 249 931 dit
267 892 512 943 potestatem
532 901 653 930 suam
679 900 771 929 esse
799 888 962 938 utilem,
986 888 1218 928 seeundum

188 960 293 1001 illud
311 961 326 983 ²
352 973 361 1000 ε
392 960 579 1001 «Omnia
604 972 679 1013 per
699 960 837 1012 ipsum
857 959 963 999 facta
989 961 1102 1009 sunt,
1126 974 1144 995 »
1177 959 1219 999 id

188 1033 264 1083 est,
286 1044 361 1084 per
379 1031 581 1073 Verbum.
604 1030 654 1071 Et
673 1042 822 1071 rursus
839 1033 853 1054 ³
875 1045 884 1070 ε
911 1046 930 1068 (ι
950 1030 1040 1070 Mea
1058 1030 1215 1080 omnia,

188 1106 262 1144 tua
278 1106 391 1154 sunt,
413 1105 454 1143 et
473 1106 546 1143 tua
564 1114 658 1146 mea
674 1104 787 1142 sunt.
804 1116 822 1138 >³
849 1100 896 1140 In
915 1100 994 1141 hoc
1015 1101 1129 1153 quod
1149 1102 1218 1141 ad-

183 1175 332 1227 jungit
355 1187 363 1212 :
400 1173 580 1215 Tradita
605 1184 631 1214 a
650 1177 772 1224 patre
793 1182 896 1221 meo,
928 1174 1042 1211 notat
1067 1175 1217 1223 poten-

186 1245 291 1284 tiam
350 1244 467 1284 illam
502 1255 610 1292 ,esse
666 1242 928 1293 naturalem,
983 1243 1215 1282 secundum

185 1314 291 1356 illud
310 1318 324 1340 ⁴
352 1329 360 1355 ε
397 1329 416 1353 ε(
445 1316 734 1366 Quaecumque
765 1313 888 1354 Pater
917 1312 1011 1352 facit
1039 1313 1101 1364 (c),
1125 1313 1217 1353 haec

185 1386 226 1424 et
244 1383 377 1424 Filius
397 1384 590 1424 similiter
611 1384 721 1424 facit.
748 1398 766 1420 ›>
799 1383 846 1422 In
871 1383 1062 1435 utrisque
1089 1383 1215 1424 simul

185 1455 366 1495 ostendit
411 1455 719 1507 aequalitatem,
766 1456 807 1493 et
864 1454 1212 1494 immensitatem.

185 1525 300 1567 Unde
320 1524 464 1566 Glossa
483 1526 496 1547 5
519 1539 561 1564 :«
574 1525 676 1566 Cum
698 1525 818 1565 audis
832 1525 990 1574 omnia,
1014 1525 1213 1578 Omnipou

183 1599 396 1649 potentem
422 1597 638 1648 agnoscis;
667 1608 765 1636 cum
791 1596 911 1636 audis
941 1596 1122 1646 izi-adita,
1145 1596 1215 1636 Fi-

182 1667 292 1708 lium
311 1668 538 1717 confiteris,
559 1668 626 1707 cui
645 1679 718 1720 per
738 1670 934 1707 naturam
957 1668 1086 1708 unius
1113 1669 1211 1708 sub-

125 1761 129 1766 ·
183 1738 348 1778 stantiae
372 1738 517 1778 omnia
536 1740 636 1790 Jure
659 1741 758 1778 sunt
785 1738 967 1790 propria,
991 1750 1074 1778 non
1104 1739 1213 1780 dono

182 1809 331 1850 collata
365 1821 440 1861 per
466 1809 665 1861 gratiam.
700 1823 718 1845 n
755 1808 806 1848 Et
840 1821 893 1848 ex
924 1809 1005 1849 hoc
1040 1812 1212 1861 apparet

181 1882 294 1934 quod
322 1882 509 1935 potentia
531 1881 624 1922 Filii
654 1885 716 1922 est
744 1881 952 1921 immensa
982 1884 1022 1921 et
1049 1881 1208 1921 incom-

178 1952 485 2004 prehensibilis.
510 1951 558 1992 Et
574 1954 795 2004 propterea
816 1952 955 1992 subdit
983 1964 992 1991 :
1016 1953 1071 1994 Ec
1090 1964 1210 1995 nemo

177 2024 258 2065 scil
278 2025 375 2076 quis
394 2025 451 2066 sic
475 2024 631 2074 Filius,
645 2023 736 2064 nisi
757 2024 893 2073 Pater,
910 2023 951 2063 id
972 2026 1046 2072 est,
1064 2024 1209 2064 nullus

176 2093 412 2135 intellectus
430 2094 509 2134 hoc
529 2094 862 2146 comprehendit,
887 2094 968 2133 nisi
989 2097 1206 2146 paternus,

174 2164 331 2205 scilicet
356 2165 550 2217 perfecte.
573 2164 622 2204 Et
649 2164 740 2203 ideo
768 2164 811 2203 in
837 2164 918 2203 hoc
947 2176 1034 2205 non
1059 2166 1205 2205 exclu-

173 2235 289 2276 ditur
315 2236 496 2290 Spiritus
525 2239 707 2285 sanctus,
731 2236 803 2276 sed
831 2235 944 2276 solus
972 2235 1207 2276 intellectus

173 2309 351 2358 creatus,
372 2308 447 2360 qui
473 2320 561 2348 non
588 2310 725 2360 potest
757 2307 896 2359 ipsum
925 2307 1206 2359 comprehen-

172 2377 283 2428 dere,
306 2389 405 2418 eum
426 2378 479 2417 sit
499 2378 748 2418 immensus
766 2377 884 2417 Unde
900 2377 971 2418 Job
991 2381 1004 2402 ⁸
1029 2391 1036 2416 :
1069 2392 1087 2415 «
1107 2377 1205 2418 For-

171 2449 279 2489 sitan
310 2449 496 2500 vestigia
527 2449 599 2489 Dei
629 2448 973 2500 comprehendes,
994 2449 1035 2488 et
1068 2460 1205 2500 usque

170 2519 223 2560 ad
251 2519 481 2572 perfectum
512 2519 849 2572 Omnipotentem
878 2517 1086 2570 reperies?
1117 2518 1204 2559 Ex·-

170 2589 321 2630 celsior
357 2590 461 2630 coelo
493 2593 569 2639 est,
591 2592 632 2630 et
661 2589 762 2642 quid
792 2589 916 2629 facies
939 2591 958 2629 ’Β
989 2604 1008 2626 »
1045 2592 1122 2629 etc.
1151 2589 1203 2630 Et

170 2660 271 2713 quia
298 2660 430 2701 Filius
451 2663 512 2701 est
537 2660 987 2712 incomprehensibilis,
1009 2660 1101 2701 ideo
1121 2672 1201 2712 po-

169 2733 250 2772 test
276 2730 443 2773 Patrem
477 2731 848 2784 comprehendere.
883 2730 1056 2784 Propter
1087 2733 1201 2784 quod

168 2802 284 2844 addit
305 2817 314 2843 :
338 2803 393 2846 Ec
418 2803 516 2855 quis
537 2802 675 2852 Pater,
698 2802 788 2843 nisi
808 2801 964 2843 Filius.
989 2802 1134 2854 Nemo,
1156 2803 1200 2843 id

168 2876 251 2923 est,
281 2874 416 2925 novit,
443 2874 544 2927 quia
561 2872 575 2894 ⁷
610 2888 629 2912 «
661 2872 795 2913 Deum
823 2885 949 2913 nemo
978 2873 1083 2914 vidit
1114 2886 1196 2913 un-

169 2957 298 2996 quam
327 2957 337 2986 :
370 2945 619 2997 unigenitus
646 2944 789 2994 Filius,
824 2944 898 2996 qui
931 2946 992 2984 est
1022 2945 1065 2984 in
1101 2945 1195 2986 sinu

170 3014 320 3067 Patris,
341 3015 429 3068 ipse
449 3015 678 3056 enarravit.
700 3029 719 3052 »
746 3014 953 3064 Quoniam
974 3014 1061 3067 ipse
1082 3016 1196 3056 solus

169 3086 499 3138 comprehendit,
520 3087 616 3127 ideo
635 3087 748 3127 solus
766 3089 899 3139 potest
918 3086 1122 3127 revelare.
1144 3087 1196 3128 Et

167 3156 261 3197 ideo
280 3156 447 3197 subdit:
471 3158 529 3199 Et
548 3158 620 3199 cuz·
637 3156 815 3200 voluerit
833 3157 975 3198 Filius
995 3158 1191 3200 revelare.

166 3226 300 3267 Filius
320 3227 433 3267 enim
452 3228 654 3281 sapientia
677 3231 717 3268 et
745 3226 932 3269 Verbum
959 3226 1095 3268 Patris
1115 3232 1190 3280 est,

208 3311 217 3331 1
239 3311 354 3350 Greg„
368 3309 489 3342 Moral.
509 3310 566 3341 lib.
585 3311 704 3349 XXXI,
723 3321 756 3342 n.
780 3315 806 3343 1.
826 3328 866 3334 —
886 3312 899 3332 2
917 3311 1026 3348 Jocm„
1049 3319 1077 3351 1,
1105 3313 1133 3343 3.
1150 3328 1190 3336 —

166 3356 180 3378 ³
202 3356 298 3395 ibid„
319 3365 409 3396 xvn,
438 3358 486 3388 10.
509 3375 543 3380 —
568 3358 581 3379 '0
602 3358 698 3398 ibid„
726 3366 755 3397 v,
777 3361 826 3390 19.
848 3375 887 3381 -
912 3359 925 3380 ⁵
946 3359 993 3389 Ex
1019 3359 1112 3398 ssed.‚
1132 3359 1190 3390 ubi

166 3413 241 3444 sup.
258 3404 323 3425 —-'⁶
341 3403 413 3442 Job,
433 3411 484 3443 XI,
502 3405 534 3443 7,
558 3405 636 3435 8.—
655 3405 668 3426 ⁷
687 3406 795 3444 ιΙοαη.,
816 3414 841 3446 1,
861 3407 913 3437 18.
934 3423 975 3428 —-
995 3408 1005 3422 ⁸
1025 3406 1117 3445 Sap„
1140 3414 1186 3445 ix,

165 3450 215 3483 17.
233 3466 272 3473 --
287 3450 298 3468 ⁹
318 3449 504 3491 Chrysost.,
526 3450 560 3481 z'n
580 3449 689 3491 Epist.
713 3451 758 3482 acl
777 3452 881 3492 Rom,
899 3451 991 3483 hom.
1015 3459 1072 3492 ιιι,
1096 3460 1129 3490 n,
1154 3453 1185 3483 2.

2245 164 2318 204 501

1296 252 1336 290 et
1369 250 1510 291 dicens
1535 249 1773 290 manifestat
1797 259 1841 289 se
1865 260 1940 300 per
1964 249 2150 291 Verbum
2175 263 2318 293 suum.

1296 320 1412 361 Unde
1434 321 1478 360 in
1501 320 1722 372 Sapientia
1742 318 1755 340 ⁸
1782 331 1792 359 t
1829 318 2048 359 «Sensum
2077 322 2199 360 tuum
2227 322 2322 373 quis

1296 392 1409 442 sciet,
1431 392 1512 431 nisi
1541 394 1588 432 tu
1614 390 1777 432 dederis
1805 390 2070 443 sapientiam,
2093 392 2134 430 et
2160 391 2324 432 miseris

1296 462 1502 514 Spiritum
1539 464 1731 502 sanctum
1767 464 1894 502 tuum
1927 461 1976 501 de
2018 460 2263 502 altissimis?
2299 476 2318 499 >³

1296 532 1414 573 Unde
1441 533 1764 586 Chrysostomus
1781 533 1794 554 ⁹
1819 547 1828 572 ε
1859 547 1877 570 «
1906 531 2149 585 Philosophi
2170 532 2219 572 de
2241 532 2324 574 Deo

1295 615 1486 656 quaerere
1519 604 1831 654 contendentes,
1855 603 1962 643 nibil
1992 603 2108 644 aliud
2138 615 2182 643 se
2209 603 2326 645 inve-

1296 676 1406 716 nisse
1428 676 1601 716 confessi
1621 677 1736 725 sunt,
1750 675 1831 714 nisi
1851 675 1964 727 quod
1981 674 2324 726 incognoscibilis

1295 750 1355 787 est
1388 746 1497 786 Deus
1537 760 1546 786 ε
1578 746 1686 785 sicut
1726 745 1800 797 qui
1839 745 1883 784 in
1920 757 2081 796 vagum
2119 757 2325 786 oceanum

1295 820 1472 870 usurpat
1497 817 1715 868 navigare,
1741 828 1840 856 cum
1860 828 1949 856 non
1972 819 2108 868 potest
2130 817 2322 868 transire,

1293 901 1462 930 necesse
1480 892 1542 929 est
1562 890 1609 928 ut
1624 900 1698 940 per
1717 887 1909 927 eamdem
1927 887 2042 927 viam
2064 890 2322 939 revertatur3

1293 960 1351 999 sic
1370 959 1428 999 illi
1450 960 1502 1000 ab
1524 959 1672 1010 ignoto
1692 960 1921 1010 coeperunt,
1945 960 1985 998 et
2004 958 2049 997 in
2064 958 2260 1009 ignotum
2278 959 2327 999 fi-

1292 1031 1480 1071 nierunt.
1503 1045 1522 1067 »
1550 1030 1599 1071 Et
1621 1029 1728 1069 ratio
1747 1029 1875 1081 hujus
1896 1031 1971 1078 est,
1996 1029 2095 1081 quia
2114 1041 2201 1069 non
2228 1030 2324 1070 sue-

1292 1104 1393 1141 runt
1413 1101 1605 1153 discipuli
1634 1100 1732 1141 Jesu
1760 1099 1927 1150 Christi,
1952 1099 2025 1152 qui
2045 1102 2107 1140 est
2134 1099 2321 1151 Veritas;

1291 1184 1369 1212 nec
1389 1172 1629 1211 habuerunt
1652 1171 1856 1223 Spiritum
1872 1173 2079 1220 sanctum,
2098 1170 2148 1210 de
2168 1172 2293 1223 quo¹⁰
2310 1184 2319 1212 z

1298 1258 1316 1280 α
1336 1242 1439 1283 Cum
1465 1243 1627 1282 venerit
1647 1241 1715 1281 ille
1737 1241 1909 1293 spiritus
1939 1240 2142 1291 veritatis,
2161 1241 2324 1282 docebit

1291 1326 1366 1355 vos
1390 1325 1562 1353 omnem
1581 1313 1818 1353 veritatem.
1845 1326 1864 1349 n

1344 1384 1499 1432 Quarto
1519 1383 1699 1423 ostendit
1718 1395 1806 1423 esse
1827 1382 2036 1434 gaudium
2059 1382 2109 1423 de
2129 1394 2321 1435 praesen-

1290 1454 1347 1493 tia
1381 1455 1663 1501 desiderabili3
1699 1454 1813 1494 unde
1841 1454 1981 1494 subdit
2012 1454 2066 1506 (v.
2089 1455 2152 1507 C23)
2183 1466 2192 1494 t
2223 1469 2242 1493 (ι
2267 1455 2323 1498 Ec

1289 1535 1511 1566 conversus
1541 1525 1599 1567 ad
1625 1524 1859 1576 discipulos
1880 1535 1993 1574 suos,
2020 1524 2174 1568 dixit:
2204 1528 2325 1570 Beate·

1289 1597 1401 1638 oculi
1428 1596 1670 1648 quivident
1690 1607 1784 1648 (μαι)
1811 1607 1883 1639 vos
1912 1597 2083 1640 videtis.
2108 1597 2202 1638 Ideo
2230 1611 2318 1640 me-

1289 1666 1368 1706 rito
1400 1666 1585 1718 gaudere
1613 1667 1800 1719 potestis,
1822 1667 1921 1719 quia
1952 1667 2102 1708 videtis
2131 1680 2200 1708 me
2231 1671 2319 1710 tam

1287 1741 1427 1777 mente
1462 1737 1591 1790 quam
1623 1751 1813 1791 corpore,
1846 1750 1943 1778 cum
1989 1738 2202 1779 Abraham
2238 1752 2316 1791 ga-

1288 1808 1404 1848 visus
1435 1809 1582 1859 suerit,
1615 1810 1687 1862 qui
1725 1810 1829 1850 vidit
1856 1812 2020 1850 tantum
2051 1809 2148 1862 fide,
2171 1823 2318 1853 secun-

1284 1878 1386 1919 dum
1407 1879 1511 1920 illud
1532 1881 1557 1901 ¹¹
1584 1895 1592 1921 :
1622 1896 1640 1918 «
1659 1881 1874 1920 Abraham
1904 1883 2020 1933 pater
2043 1883 2181 1922 vester
2199 1882 2319 1923 exul·

1283 1951 1388 1991 tavit
1423 1954 1471 1992 ut
1498 1952 1661 1993 videret
1688 1952 1802 1992 diem
1834 1964 1979 1992 meum
2015 1966 2023 1992 :
2060 1954 2100 1992 et
2126 1952 2244 2004 vidit,
2276 1955 2317 1994 et

1283 2021 1459 2072 gavisus
1480 2025 1555 2062 est.
1579 2037 1597 2059 n
1626 2023 1675 2063 Et
1706 2023 1798 2063 ideo
1819 2024 1863 2062 in
1894 2023 2038 2073 figura
2061 2022 2193 2075 hujus
2213 2023 2316 2064 dici-

1282 2094 1352 2131 tur
1385 2094 1435 2132 ad
1469 2093 1738 2134 Salomonem
1767 2094 1795 2118 ¹2
1832 2105 1840 2132 :
1869 2093 2020 2133 «Beati
2052 2093 2133 2134 viri
2164 2094 2241 2146 tui,
2275 2096 2315 2135 et

1281 2162 1390 2203 beati
1411 2165 1523 2206 servi
1547 2165 1602 2205 tui
1623 2165 1667 2205 hi
1689 2165 1762 2217 qui
1779 2167 1890 2205 stant
1910 2177 2053 2205 coram
2072 2168 2112 2206 te
2132 2177 2310 2218 semper,

1280 2236 1320 2273 et
1346 2235 1528 2275 audiunt
1555 2236 1808 2288 sapientiam
1837 2238 2010 2276 tuam.»
2042 2236 2130 2277 Hoc
2160 2237 2313 2278 dicitur

1278 2304 1329 2344 de
1355 2303 1579 2345 Salomone
1599 2306 1642 2345 in
1664 2307 1808 2356 figura
1828 2305 1995 2356 Christi,
2017 2307 2130 2358 quia,
2155 2309 2201 2347 ut
2221 2308 2310 2360 ipse

1278 2376 1328 2416 de
1352 2388 1395 2416 se
1424 2376 1522 2417 dicit
1552 2377 1606 2417 ¹³:
1638 2393 1656 2415 α
1684 2377 1786 2417 Eece
1818 2377 1913 2429 plus
1945 2389 2073 2429 quam
2111 2376 2309 2420 Salomon

1276 2446 1357 2486 hic.
1392 2461 1411 2484 ›)
1451 2447 1568 2487 Unde
1605 2447 1684 2488 hoc
1719 2451 1809 2488 erat
1845 2447 2005 2488 donum
2037 2449 2232 2500 speciale3
2268 2453 2309 2491 et

1275 2520 1495 2570 propterea
1518 2518 1659 2558 subdit
1690 2519 1744 2570 (v.
1768 2520 1831 2569 24)
1863 2531 1871 2556 ε
1898 2520 2003 2561 Dico
2029 2520 2143 2561 enim
2172 2521 2304 2572 vobis,

1274 2588 1388 2640 quod
1408 2589 1532 2631 mzdcz'
1556 2589 1767 2641 prophetae
1788 2593 1824 2631 ec
1853 2600 1967 2642 reyes
1992 2591 2213 2634 voluerunt
2234 2594 2307 2634 vi-

1275 2660 1372 2702 dere
1396 2671 1489 2712 quoe
1514 2671 1587 2703 vos
1614 2660 1787 2712 videtis,
1810 2666 1850 2704 et
1876 2673 1961 2704 non
1987 2662 2203 2706 viderunt.
2227 2664 2305 2705 Su-

1273 2731 1425 2772 blimes
1460 2732 1503 2771 in
1544 2731 1714 2772 scientia
1755 2735 1795 2772 et
1828 2736 2055 2785 potestate,
2097 2734 2304 2779 desidera-

1271 2805 1426 2843 verunt
1458 2801 1606 2843 Christi
1646 2804 1932 2855 praesentiam‚
1972 2805 2205 2846 secundum
2248 2806 2300 2847 il-

1267 2874 1343 2917 lud
1373 2875 1434 2915 1¹⁴:
1470 2889 1490 2913 «
1518 2874 1664 2915 Veniet
1704 2874 1962 2915 desideratus
1997 2877 2158 2917 eunctis
2197 2889 2299 2929 gen-

1268 2945 1396 2986 tibus.
1418 2960 1437 2983 »
1463 2944 1580 2985 Unde
1599 2948 1772 2998 propter
1792 2945 2021 2986 vehemens
2039 2947 2297 2989 desiderium

1268 3016 1421 3057 dicitur
1450 3016 1477 3037 ¹⁵
1502 3029 1511 3054 ε
1543 3015 1753 3056 «Utinam
1784 3016 2048 3069 dirumperes
2079 3018 2223 3069 coelos,
2256 3022 2297 3059 et

1266 3087 1550 3128 descenderes.
1584 3100 1603 3124 ›>
1641 3086 1692 3126 Et
1728 3087 1786 3126 ait
1816 3086 1986 3128 Balaam
2012 3089 2072 3126 ¹⁸:
2101 3103 2120 3126 «
2138 3088 2296 3130 Videbo

1266 3169 1380 3208 eum,
1398 3157 1470 3198 sed
1489 3169 1574 3198 non
1595 3157 1738 3207 modo;
1755 3156 1955 3198 intuebor
1970 3158 2106 3208 illum,
2123 3158 2194 3198 sed
2210 3170 2296 3199 non

1266 3280 1304 3286 —
1320 3263 1346 3284 1⁰
1364 3263 1472 3302 Joan„
1493 3270 1564 3303 xv1‚
1584 3264 1634 3294 13.
1655 3279 1694 3285 —
1714 3263 1737 3284 11
1759 3262 1855 3304 ibid„
1874 3271 1949 3302 vm,
1969 3265 2018 3296 56.
2038 3281 2077 3287 —
2098 3263 2179 3295 ¹²lll
2200 3264 2293 3306 Req„

1263 3319 1298 3350 x,
1320 3312 1349 3342 8.
1373 3328 1414 3333 —
1435 3310 1462 3331 ¹³
1484 3310 1618 3350 Matth„
1641 3317 1704 3350 XII,
1725 3311 1775 3341 42.
1793 3327 1834 3334 ——-
1855 3311 1878 3332 ¹4
1898 3312 1996 3352 1199„
2018 3319 2056 3350 11,
2076 3313 2158 3342 8.—
2176 3312 2198 3330 ¹⁵
2212 3312 2291 3350 Isa.‚

1264 3365 1358 3397 ΜΝ,
1377 3360 1406 3389 1.
1423 3375 1459 3380 -
1478 3357 1504 3379 16
1524 3358 1640 3396 Num„
1660 3365 1756 3397 xx1v,
1778 3360 1828 3395 17,
1843 3360 1894 3390 23.
1909 3375 1950 3381 —-
1968 3359 2008 3398 (a)
2031 3358 2110 3390 Coet.
2127 3358 2206 3388 edic.
2229 3359 2292 3390 dis-

1262 3405 1538 3445 cooperiendum.
1564 3422 1596 3425 m
1628 3405 1673 3445 (b)
1706 3405 1928 3437 tormidolosa
1955 3415 1980 3437 s,
2013 3405 2230 3438 nominanda.
2249 3424 2289 3429 -—

1263 3452 1299 3492 (c)
1324 3451 1420 3492 Vulq.
1441 3451 1494 3484 ille
1518 3451 1646 3484 fecerit.
