2634 3853
244 63 323 102 270

245 160 341 202 quae
367 149 414 188 fit
438 160 511 201 per
536 148 724 200 rigorem
745 151 785 188 et
805 148 991 189 laborem
1013 149 1021 169 ¹
1047 160 1056 188 :
1087 162 1105 185 a
1124 147 1182 188 De
1201 160 1273 188 ne-

244 219 455 272 gligentia
474 222 548 260 tua
571 231 712 272 purga
732 223 771 259 te
792 231 890 259 cum
911 219 1069 271 paucis.
1091 232 1110 255 »
1134 218 1272 267 Quan-

242 294 335 331 tum
366 291 416 331 ad
443 293 754 332 sacramentum
786 290 1004 330 delationis
1032 290 1267 341 dominicae,

242 361 501 411 notandum,
537 361 649 413 quod
684 360 868 412 legimus
906 372 1088 412 puerum
1125 360 1269 401 Jesum

242 431 428 472 delatum
447 432 489 471 in
509 430 761 481 Jerusalem;
786 430 975 481 legimus
1001 431 1128 471 etiam
1156 431 1271 472 dela-

241 506 333 544 tum
368 504 413 543 in
443 502 690 555 AEgyptum.
728 501 775 542 In
814 514 898 554 quo
929 502 1117 555 aperitur
1149 503 1270 543 nobis

241 574 353 626 quod
375 573 509 625 proles
529 573 682 613 mentis
702 575 879 624 nostrae,
902 585 1000 627 quae
1023 577 1083 614 est
1111 574 1268 615 intelli-

239 645 403 697 gentia,
428 645 552 686 modo
576 645 779 687 elevanda
800 648 862 686 est
881 645 933 687 ad
952 646 1270 699 contemplatio-

237 729 335 757 nem
365 720 646 767 aeternorum,
676 729 773 770 quae
797 730 872 771 per
897 718 1130 759 Jerusalem
1160 717 1268 758 desi—

115 801 217 829 nieru.
239 791 396 840 gnatur
420 803 428 830 :
451 789 683 830 Jerusalem
703 789 817 830 enim
837 789 1135 842 interpretatur
1157 789 1267 830 visio

103 844 197 918 {Zffim
234 860 356 912 pacis
366 873 383 910 ‚·
400 859 525 900 modo
543 860 810 912 reprimenda
827 863 887 900 est
905 860 957 900 ad
975 859 1268 900 consideratio-

237 943 336 972 nem
356 931 594 972 defectuum
615 934 878 982 nostrorum,
902 932 975 984 qui
1005 944 1080 984 per
1106 930 1268 984 AEgyp-

106 1014 216 1049 aegyp
236 1005 329 1042 tum
355 1002 633 1054 designantur
654 1016 662 1043 :
690 1001 904 1056 AEgyptus
926 1003 1039 1043 enim
1060 1003 1268 1055 interpre-

77 1055 133 1081 Μ’
236 1075 348 1113 tatur
389 1073 579 1115 tenebrae.
622 1073 673 1113 Et
708 1073 788 1114 hoc
832 1076 895 1114 est
936 1074 1050 1126 quod
1088 1073 1188 1115 dicit
1222 1074 1267 1114 in

236 1142 401 1186 Psalmo
415 1146 429 1166 ²
447 1158 462 1186 .·
481 1160 500 1183 (1
516 1143 726 1193 Quoniam
745 1147 793 1185 tu
811 1144 1028 1185 illuminas
1046 1144 1266 1185 lucernam

236 1228 396 1267 meam,
417 1216 617 1267 Domine;
641 1217 750 1258 Deus
771 1229 913 1268 meus,
936 1216 1131 1257 illumina
1150 1219 1268 1258 tene—

239 1286 334 1327 bras
361 1299 494 1329 meas.
523 1302 542 1326 »
574 1287 625 1329 Et
650 1288 722 1330 Job
742 1289 756 1311 ³
780 1301 793 1327 .·
820 1303 839 1327 a
861 1288 1023 1329 Auditu
1052 1288 1167 1328 auris
1193 1300 1267 1329 au—

236 1359 323 1400 divi
360 1363 400 1400 te
417 1392 427 1411 ,
468 1372 583 1401 nunc
620 1362 762 1401 autem
804 1359 952 1400 oculus
992 1371 1114 1401 meus
1152 1358 1268 1400 videt

236 1433 299 1482 te,
322 1445 340 1469 n
360 1434 438 1472 etc.

292 1502 508 1552 Quantum
516 1503 567 1544 ad
578 1503 911 1555 significantiam
919 1502 1157 1552 oblationis,
1168 1505 1268 1543 nota

238 1573 350 1624 quod
379 1573 536 1614 oblatio
568 1573 892 1614 indeterminate
932 1572 1188 1625 intelligitur
1217 1572 1267 1613 de

237 1646 405 1685 turture
424 1647 464 1685 et
482 1644 693 1695 columba,
712 1647 895 1697 utraque
908 1644 1022 1684 enim
1037 1643 1128 1685 avis
1141 1643 1268 1684 habet

242 1715 454 1767 gemitum
481 1728 558 1768 pro
585 1718 729 1765 cantu3
762 1715 834 1756 sed
869 1714 1056 1767 gemitus
1089 1715 1268 1755 turturis

84 1797 215 1844 Gemitus
241 1787 439 1840 competit
457 1787 808 1840 contemplativis.
833 1785 884 1828 Et
901 1786 970 1826 hic
998 1785 1265 1838 geminatur;

78 1841 209 1868 ¹¹²‘²⁰¹¹⁵'
239 1860 353 1901 unde
371 1859 523 1900 dicitur
535 1870 618 1912 par
638 1862 867 1901 turturum.
890 1857 1059 1900 Primus
1081 1857 1269 1910 gemitus

239 1935 301 1973 est
329 1933 486 1973 amoris
505 1934 518 1955 ὅ
547 1946 556 1972 :
595 1930 717 1972 «Nos
746 1931 826 1984 ipsi
856 1929 1068 1983 primitias
1095 1929 1269 1982 spiritus

238 2003 462 2054 habentes,
484 2005 524 2044 et
543 2003 623 2056 ipsi
645 2003 757 2043 intra
776 2013 852 2043 nos
877 2001 1091 2053 gemimus
1106 2032 1116 2050 ,
1139 2000 1266 2053 adop-

237 2073 396 2114 tionem
414 2073 601 2115 filiorum
622 2073 695 2114 Dei
719 2075 988 2126 expectantes
1008 2071 1266 2124 redemptio-

237 2156 337 2185 nem
357 2145 543 2197 corporis
562 2144 710 2186 nostri.
724 2158 742 2182 ι)
761 2143 980 2185 Secundus
997 2145 1058 2184 est
1078 2142 1265 2185 devotio-

237 2216 303 2255 nis
324 2220 336 2240 ⁵
359 2230 399 2256 :a
417 2215 522 2256 Nam
542 2215 644 2269 quid
657 2227 827 2256 oremus
844 2215 954 2256 sicut
966 2216 1146 2268 oportet,
1173 2226 1267 2254 nes—

238 2287 394 2338 cimus;
409 2288 479 2328 sed
493 2287 581 2340 ipse
595 2286 776 2340 Spiritus
791 2286 841 2339 (a)
855 2287 1039 2339 postulat
1053 2298 1130 2339 pro
1145 2285 1266 2326 nobis

238 2358 468 2409 gemitibus
487 2358 879 2400 inenarrabilibus»
902 2357 953 2398 Et
970 2358 1009 2397 ⁶:
1037 2356 1162 2399 «Vox
1179 2359 1267 2398 tur-

85 2438 216 2466 Gemitus
237 2429 343 2469 turis
363 2430 507 2470 audita
532 2432 593 2471 est
617 2430 662 2470 in
689 2432 803 2470 terra
831 2431 989 2470 nostra.
1022 2444 1041 2467 >³
1076 2428 1266 2469 Gemitus

77 2479 216 2506 mmmm
236 2503 379 2540 autem
391 2500 597 2541 columbae
609 2500 807 2553 competit
821 2499 967 2540 activis
978 2514 988 2550 ;
1005 2500 1126 2540 ethic
1137 2499 1264 2540 etiam

236 2573 298 2611 est
325 2571 481 2624 duplex
508 2586 517 2611 :
547 2583 660 2612 unus
689 2583 766 2623 pro
797 2571 976 2623 peccatis
1005 2570 1188 2623 propriis
1215 2570 1227 2591 ⁷
1253 2585 1261 2609 ε

237 2656 256 2678 ct
278 2641 466 2681 Afflictus
486 2645 526 2682 et
546 2641 797 2682 humiliatus
823 2653 919 2681 sum
940 2640 1088 2689 nimis;
1114 2641 1263 2693 rugie-

232 2712 331 2752 bam
351 2725 375 2752 a
393 2712 558 2764 gemitu
577 2712 714 2753 cordis
734 2712 831 2753 mei.
850 2727 868 2750 n
897 2713 1039 2754 Isaias
1060 2716 1073 2737 ⁸
1096 2727 1104 2753 :
1132 2727 1150 2750 α
1175 2712 1263 2753 Ru-

232 2783 399 2835 giemus
416 2783 535 2836 quasi
552 2783 642 2823 ursi
661 2795 808 2824 omnes
820 2815 832 2833 ,
854 2786 895 2823 et
914 2784 1035 2836 quasi
1053 2783 1262 2825 columhae

232 2853 502 2904 meditantes,
526 2866 762 2905 gememus.
782 2869 800 2892 ›)
830 2854 1050 2895 Secundus
1073 2855 1260 2907 gemitus

231 2928 293 2965 est
320 2936 395 2976 pro
414 2924 593 2977 peccatis
623 2924 769 2964 alienis
798 2927 810 2948 ⁹
844 2936 853 2964 :
889 2940 908 2963 «
944 2924 1099 2965 Omnes
1126 2928 1259 2977 portae

232 2997 324 3048 ejus
349 2995 591 3045 destructae,
621 2995 855 3035 sacerdotes
885 2996 978 3048 ejus
1011 2998 1256 3047 gementes,

231 3065 422 3118 virgines
463 3067 556 3117 ejus
593 3065 821 3118 squalidae,
859 3069 899 3105 et
931 3066 1021 3119 ipsa
1059 3078 1259 3119 oppressa

230 3136 527 3177 amaritudine.
561 3150 580 3173 n
612 3136 752 3177 Naum
786 3137 813 3161 ¹⁰
838 3150 846 3176 z
874 3151 892 3173 «
919 3136 1036 3176 Miles
1065 3137 1258 3189 captivus

230 3208 434 3249 abductus
455 3209 518 3248 est
547 3221 556 3246 ε
588 3209 628 3246 et
652 3206 813 3247 ancillae
841 3208 934 3258 eJus
965 3206 1253 3259 minabantur,

269 3315 279 3335 ¹
304 3314 420 3355 Ecclz'.,
440 3321 500 3355 vn,
526 3315 574 3345 14.
597 3331 633 3336 —-
656 3313 670 3334 ²
686 3312 776 3344 Psal.
798 3320 888 3352 xvu,
913 3314 962 3345 32.
983 3331 1022 3336 —
1041 3313 1054 3333 ²³
1070 3314 1144 3353 Job,
1168 3322 1254 3355 xm,

229 3363 260 3393 5.
281 3378 317 3384 —
330 3362 345 3384 ⁸
359 3362 462 3402 Rom„
482 3368 562 3402 viu,
583 3363 636 3394 23.
653 3377 692 3385 —
712 3359 840 3401 ⁸1bid.,
856 3361 909 3393 26.
927 3377 962 3383 -
982 3361 995 3381 ὓ
1012 3360 1125 3401 Cant„
1145 3369 1183 3401 11,
1202 3364 1253 3394 12.

972 58 1255 100 EVANGELII
1287 58 1476 101 SANCTI
1506 61 1653 102 LUCAE

1349 152 1568 201 gementes
1586 152 1634 190 ut
1651 148 1872 200 columbae,
1889 154 2207 194 murmurantes
2221 152 2267 193 in
2284 164 2374 194 cor-

1346 219 1472 261 dibus
1495 221 1597 261 51115.
1619 233 1638 258 1)
1664 218 1710 260 In
1738 219 1818 260 hac
1843 231 1947 272 ergo
1965 223 2238 274 purgatione,
2260 224 2371 265 dela-

1346 291 1459 333 tione
1473 294 1513 332 et
1527 292 1737 333 oblatione
1754 291 2035 343 significatur,
2056 295 2170 346 quod
2185 295 2258 348 qui
2276 306 2375 347 pur-

1347 365 1473 414 gatus
1492 367 1553 404 est
1572 376 1597 404 a
1625 362 1821 416 superbia
1839 365 1880 403 et
1897 363 2178 416 negligentia,
2200 365 2372 418 disposi-

1345 435 1413 473 tus
1431 436 1493 474 est
1510 437 1557 474 ut
1575 433 1772 474 ascendat
1791 433 1843 474 ad
1863 434 2263 486 contemplationem
2282 435 2370 486 Dei,

1345 506 1385 543 et
1404 502 1628 545 descendat
1645 505 1695 546 ad
1717 504 2094 545 considerationem
2117 504 2183 545 sui
2194 534 2205 554 ,
2221 507 2262 545 et
2278 517 2371 546 sur-

1344 585 1441 614 sum
1469 577 1698 617 ascendens
1730 577 1874 628 gemat
1903 587 1957 616 ex
1990 587 2135 616 amore
2165 578 2206 616 et
2240 575 2373 618 devo-

1343 645 1476 696 tione;
1499 649 1539 687 et
1558 647 1755 688 deorsum
1779 647 1968 697 rediens,
1990 648 2135 698 gemat
2154 658 2207 688 ex
2226 648 2374 688 contri-

1343 716 1456 758 tione
1476 719 1517 757 et
1536 718 1826 771 compassione
1844 732 1852 758 :
1870 723 1910 758 et
1930 717 1974 757 in
1993 717 2060 757 his
2077 717 2266 758 consistit
2284 730 2374 771 per-

1342 788 1464 829 fectio
1486 789 1641 829 animae
1656 791 1810 829 sanctae
1830 791 1871 829 et
1891 788 1973 829 Deo
1991 788 2170 830 devotae.

1398 861 1464 898 25.
1488 859 1542 900 Ει
1571 869 1659 900 ecce
1683 859 1800 902 homo
1826 863 1918 902 erac
1949 861 1998 901 in
2023 860 2270 910 Jerusalem,
2293 862 2369 901 etc.

1343 928 1573 981 Postquam
1593 930 1799 982 descripta
1821 932 1884 970 est
1901 930 2053 970 Christi
2073 931 2295 972 humilitas
2313 943 2373 972 se-

1342 999 1530 1040 cundum
1541 999 1650 1052 legis
1660 1002 1934 1052 praeceptum,
1950 1000 2020 1040 hic
2032 1000 2215 1041 secundo
2227 1001 2373 1042 descri-

1342 1067 1458 1108 bitur
1477 1069 1571 1120 eJus
1590 1068 1833 1110 clarificatio
1859 1080 1934 1121 per
1963 1068 2152 1109 veritatis
2182 1068 2370 1109 testimo-

1341 1139 1477 1179 nium.
1496 1138 1546 1181 Et
1560 1139 1763 1192 quoniam
1778 1139 2083 1189 testimonium,
2099 1139 2152 1180 ad
2166 1138 2247 1181 hoc
2260 1139 2373 1192 quod

1342 1209 1395 1249 sit
1411 1210 1603 1260 firmum,
1622 1209 1747 1250 debet
1763 1210 1988 1263 procedere
2006 1222 2062 1251 ex
2076 1221 2149 1251 ore
2165 1209 2368 1263 plurium,

1339 1279 1433 1321 ideo
1454 1280 1739 1322 introducitur
1756 1281 2048 1322 testimonium
2071 1281 2254 1322 duorum
2274 1292 2368 1322 sex·

1341 1363 1464 1403 uum,
1486 1352 1642 1393 scilicet
1656 1352 1792 1394 virilis
1811 1355 1852 1393 et
1869 1351 2089 1393 muliebris
2108 1365 2118 1391 ε
2137 1354 2371 1405 utrumque

1341 1424 1485 1463 tamen
1500 1422 1808 1475 authenticum,
1827 1423 1928 1476 quia
1943 1425 2174 1476 utrumque
2192 1423 2373 1476 prophe·

1341 1492 1494 1543 ticum;
1527 1496 1567 1534 et
1597 1496 1831 1546 utrumque
1856 1492 1939 1534 fide
1967 1493 2168 1544 dignum,
2201 1495 2373 1546 propter

1342 1566 1493 1606 merita
1520 1565 1762 1606 sanctitatis.
1792 1564 1844 1606 Et
1876 1564 2152 1617 praemittitur
2182 1564 2369 1606 testimo-

1341 1636 1464 1677 nium
1481 1636 1585 1686 viri,
1617 1639 1819 1689 tanquam
1847 1635 2076 1688 dignioris;
2107 1638 2148 1677 et
2173 1636 2371 1678 subditur

1340 1707 1633 1748 testimonium
1649 1707 1854 1759 mulieriS,
1865 1710 2071 1761 tanquam
2085 1707 2315 1760 inferioris,
2330 1710 2371 1750 et

1341 1778 1422 1819 hoc
1435 1777 1493 1818 ibi
1507 1778 1561 1830 (v.
1580 1778 1641 1831 36)
1662 1792 1671 1819 ι
1686 1779 1841 1821 Eterat
1854 1779 1982 1821 Anna
1993 1778 2278 1832 prophetissa,
2290 1782 2369 1821 etc.

1343 1850 1458 1891 Circa
1471 1849 1682 1892 Simeonis
1695 1851 1987 1892 testimonium
2003 1850 2085 1891 tria
2101 1850 2374 1893 introducun-

1341 1925 1412 1964 tur
1434 1939 1442 1964 :
1466 1924 1670 1977 primum,
1692 1923 1953 1964 testificantis
1972 1922 2173 1963 meritum
2189 1922 2373 1964 solidans

1342 1995 1392 2035 ad
1432 1995 1687 2036 credendum
1699 2009 1708 2044 3
1747 1994 1981 2035 secundum
2021 1996 2082 2034 est
2112 1994 2372 2034 testificantis

1340 2066 1606 2119 praeconium
1626 2066 1796 2106 elevans
1815 2065 1868 2106 ad
1885 2064 2185 2105 admirandum
2198 2096 2209 2115 ,
2232 2067 2273 2105 et
2292 2063 2373 2105 hoc

1340 2137 1398 2177 ibi
1411 2140 1465 2188 (v.
1480 2139 1543 2187 28)
1560 2152 1568 2178 :
1586 2137 1641 2179 Ec
1660 2136 1879 2180 benedioeit
1892 2137 2121 2178 Dominum
2133 2140 2173 2178 et
2181 2136 2260 2185 ait,
2271 2137 2368 2186 etc.;

1340 2209 1514 2249 tertium
1533 2211 1594 2250 est
1611 2208 1814 2262 praeconii
1833 2208 2232 2260 temperamentum,
2253 2205 2371 2246 incli-

1339 2292 1447 2321 nans
1466 2280 1519 2320 ad
1543 2279 1913 2333 compatiendum,
1937 2278 1997 2318 ibi
2021 2278 2074 2330 (v.
2104 2278 2166 2331 34)
2193 2292 2201 2318 :
2226 2278 2281 2320 Ec
2301 2277 2364 2319 be-

1338 2351 1511 2395 nedioez'c
1521 2351 1608 2394 illis
1621 2351 1801 2402 Simeon,
1813 2353 1891 2391 etc.
1903 2348 2119 2399 Quantum
2126 2349 2179 2390 ad
2186 2348 2369 2402 primum

1339 2426 1458 2474 nota,
1480 2422 1595 2476 quod
1614 2421 1812 2475 perfectio
1833 2420 1971 2461 meriti
1984 2419 2195 2461 Simeonis
2207 2419 2252 2460 in
2268 2419 2369 2460 duo-

1337 2495 1419 2535 bus
1442 2494 1689 2547 explicatur,
1714 2492 1870 2532 scilicet
1888 2491 1933 2531 in
1951 2490 2100 2532 habitu
2119 2490 2309 2540 virtutis,
2329 2495 2368 2530 et

1336 2566 1490 2619 spiritu
1510 2564 1722 2614 veritatis,
1747 2563 1803 2603 ibi
1833 2564 1889 2615 (v.
1923 2563 1986 2615 26)
2011 2574 2022 2603 ε
2047 2563 2102 2605 Ec
2122 2571 2366 2614 responsum

1336 2639 1561 2689 acceperat,
1578 2638 1656 2676 etc.
1672 2635 1722 2676 Et
1741 2635 1834 2675 haec
1851 2634 1934 2674 duo
1948 2633 2129 2674 reddunt
2144 2631 2363 2673 hominem

1336 2708 1382 2749 in
1397 2707 1615 2748 sanctitate
1633 2706 1879 2759 perfectum.
1901 2704 2078 2745 Habitus
2097 2705 2264 2754 autem,
2286 2713 2363 2743 seu
2397 2730 2521 2759 Habitus

1335 2792 1438 2821 usus
1460 2778 1631 2820 virtutis
1647 2777 1833 2818 consistit
1853 2776 1898 2816 in
1914 2776 2050 2817 tribus
2063 2775 2265 2828 perfecte,
2287 2773 2361 2814 sci·
2381 2771 2506 2800 virtutis.

1333 2850 1430 2891 licet
1445 2851 1490 2890 in
1510 2850 1622 2890 fama
1635 2882 1645 2901 ,
1666 2849 1755 2889 vita
1776 2851 1816 2889 et
1835 2847 1988 2900 gratia.
2012 2846 2206 2887 Primum
2225 2847 2287 2886 est
2306 2846 2358 2886 ab

1333 2925 1472 2971 extra;
1497 2921 1730 2962 secundum
1751 2920 1804 2960 ab
1824 2919 1958 2968 intra3
1981 2917 2154 2958 tertium
2170 2929 2195 2957 a
2211 2929 2355 2970 supra.

1333 2992 1547 3042 Quantum
1575 2991 1627 3032 ad
1655 2992 1813 3031 famam
1841 2989 1992 3030 dicitur
2015 3002 2024 3029 ε
2052 2988 2107 3030 Et
2130 2999 2216 3030 ecoe
2240 2988 2360 3031 homo

1332 3067 1422 3106 erat
1441 3065 1490 3106 in
1508 3063 1752 3113 Jerusalem,
1771 3063 1842 3103 cuz·
1858 3071 2008 3103 nomen
2033 3061 2209 3103 Simeon
2228 3074 2243 3101 .·
2263 3070 2359 3113 quae

1331 3134 1487 3175 scilicet
1514 3134 1662 3176 civitas
1688 3136 1777 3174 erat
1807 3132 1964 3185 regalis
1995 3135 2036 3174 et
2067 3130 2354 3182 sacerdotalis,

1330 3206 1403 3246 ubi
1422 3205 1638 3258 potissime
1654 3204 1830 3256 vigebat
1842 3203 1981 3244 cultus
2002 3202 2095 3254 Dei,
2119 3203 2354 3245 secundum

1328 3331 1368 3338 —
1389 3315 1402 3336 ⁷
1422 3312 1513 3345 Psal.
1533 3319 1672 3352 xxxvn,
1693 3313 1724 3343 9.
1747 3329 1787 3335 -
1813 3314 1824 3331 ⁸
1850 3311 1929 3352 Isa„
1955 3319 2030 3352 mx,
2058 3314 2107 3344 11.
2130 3328 2170 3336 -
2189 3312 2201 3331 ⁹
2222 3310 2354 3351 Thr-en„

1326 3369 1350 3403 1,
1368 3364 1399 3395 4.
1419 3377 1460 3385 -
1480 3361 1506 3383 ²⁰
1526 3359 1630 3399 Nan„
1650 3367 1688 3399 11,
1708 3361 1738 3391 7.
