2587 3845
1149 166 1317 209 CAPUT
1348 167 1379 208 Ι.
2301 184 2326 222 9

202 259 303 312 quia
339 259 521 300 continet
559 259 724 308 omnia,
757 258 801 298 id
834 258 897 298 est
916 288 929 307 ,
961 255 1188 297 Ecclesiam
1211 288 1221 307 ,

202 332 321 370 extra
340 341 469 381 quam
489 330 600 382 quod
619 331 681 370 est
707 328 814 368 nihil
841 328 902 368 est
918 358 931 378 ,
965 326 1074 367 sicut
1105 328 1226 366 extra

201 412 341 440 arcam
362 399 463 440 Noe.
482 414 501 437 ›)
529 399 759 442 Scientiam
776 398 896 439 habet
914 398 1053 447 vocis,
1077 409 1222 437 causa-

200 470 295 510 liter
309 469 542 522 loquendo,
564 471 606 511 id
630 473 708 520 est,
730 468 1057 520 intelligentiam
1082 466 1223 520 Scrip-

199 539 307 578 turae
354 540 525 589 praestat
572 537 830 579 hominibus.
870 535 946 577 Vel
991 535 1224 576 formaliter

198 608 427 650 scientiam
446 607 567 651 habet
586 609 699 650 vocis
714 639 726 658 ,
742 607 785 647 id
801 609 862 647 est
881 606 1071 659 ejusdem
1097 606 1225 646 scien-

198 679 267 720 tiae
287 681 350 719 est
369 691 467 719 cum
488 691 590 720 voce
606 709 616 728 ‚
638 678 681 718 id
701 680 783 728 est,
813 689 911 717 cum
931 676 1071 718 Verbo
1091 679 1132 717 et
1151 676 1223 716 Dei

196 749 321 800 Filio,
342 749 393 790 de
420 762 505 802 quo
532 748 738 790 Joannes¹
764 759 813 788 τα
837 747 881 787 ln
901 746 1105 799 principio
1133 749 1223 787 erat

196 820 398 872 Verbum,
419 836 438 859 ))
465 823 542 861 etc.
568 820 822 872 Allcgorice,
847 819 1081 859 secundum
1104 817 1221 859 Glos-

195 905 306 944 sam,
337 895 472 946 potest
503 892 656 945 exponi
693 892 743 932 de
774 891 997 944 temporali
1037 891 1224 931 adventu

196 963 376 1016 Spiritus
397 963 542 1004 sancti.
565 963 617 1003 Et
648 962 785 1015 primo
817 961 1014 1013 tangitur
1042 973 1222 1014 persona

196 1033 339 1084 missi,
371 1046 470 1074 cum
507 1033 661 1074 dicitur
695 1047 704 1073 :
734 1032 928 1084 Spiritus
946 1044 963 1083 ,·
999 1031 1183 1072 secundo
1209 1063 1219 1082 ,

195 1106 288 1157 eJus
307 1105 464 1144 aeterna
482 1103 606 1156 origo
632 1118 640 1144 :
663 1104 841 1145 Domini
849 1115 867 1155 ;
888 1102 1011 1143 tertio
1026 1134 1036 1151 ,
1064 1104 1224 1154 tempo-

196 1174 340 1217 rabilis
373 1174 515 1215 missio
535 1186 545 1214 ε
567 1174 759 1226 Replevz't
769 1186 786 1226 ,·
805 1176 954 1225 quarto
974 1204 984 1222 ‚
1005 1173 1223 1213 missionis

197 1244 474 1285 manifestatio
495 1257 504 1284 :
530 1245 587 1286 Ec
607 1244 697 1292 hoc,
720 1243 832 1295 quod
851 1244 1038 1285 continet
1061 1245 1219 1285 omnia.

197 1313 299 1353 Dicit
317 1326 424 1366 ergo
445 1328 453 1354 :
477 1311 666 1366 Spiritus
687 1314 859 1355 Donzz'nz'
884 1313 1075 1365 replevit,
1102 1313 1223 1354 Glos-

195 1396 242 1424 sa
264 1397 304 1424 z«
322 1384 441 1425 donis
462 1398 471 1425 ε
493 1399 512 1422 ›-›
543 1384 684 1426 Orbem
705 1387 928 1435 terrarum,
957 1384 1031 1424 «id
1051 1387 1127 1434 est,
1150 1383 1223 1424 Ec-

194 1454 365 1496 clesiam
383 1467 459 1507 per
478 1467 625 1496 omnes
642 1457 774 1495 terras
794 1455 1028 1505 dilatatam,
1044 1468 1062 1491 >)
1087 1457 1136 1495 ut
1155 1455 1223 1495 di-

195 1526 250 1566 cit
281 1526 438 1567 Glossa‚
471 1527 525 1568 Et
558 1526 631 1568 hoc
667 1525 780 1579 quod
813 1527 999 1568 continet
1031 1527 1176 1568 omnia
1207 1541 1222 1567 .-

196 1597 340 1638 Glossa
361 1609 370 1638 ε
395 1612 414 1636 ε(
437 1597 478 1638 id
497 1600 582 1649 est,
605 1598 733 1639 homo
747 1629 757 1648 ‚
779 1598 852 1651 qui
883 1598 1221 1638 convenientiam

194 1669 322 1710 habet
350 1681 446 1710 cum
469 1669 587 1710 omni
619 1671 835 1720 creatura;
857 1683 876 1707 ›>
901 1671 1073 1722 propter
1110 1669 1223 1722 quod

195 1741 333 1782 omnis
352 1743 544 1781 creatura
563 1740 796 1794 appellatur
815 1740 1048 1781 secundum
1065 1740 1223 1792 Grego-

194 1811 306 1852 rium
339 1812 369 1852 ².
403 1812 642 1854 Sciencz'am
678 1811 800 1854 habet
838 1812 980 1862 vocis;
1014 1811 1171 1863 Glossa,
1197 1826 1215 1849 ›>

195 1882 456 1923 diversarum
470 1882 735 1934 linguarum,
750 1897 768 1921 ›>
789 1895 812 1923 a
827 1881 987 1935 Spiritu
1003 1885 1161 1933 sancto,
1174 1885 1221 1923 ut

195 1954 322 2005 patet.
345 1953 443 1994 Orbi
462 1965 565 1995 vero
596 1956 806 1994 terrarum
838 1954 1108 2006 comparatur
1139 1953 1222 1994 Ec-

195 2023 318 2064 clesia
337 2024 551 2077 primitiva
574 2040 582 2066 :
607 2025 745 2078 primo
779 2027 950 2078 propter
981 2025 1048 2065 sui
1077 2024 1223 2066 dilata-

194 2095 372 2147 tionem,
396 2096 628 2137 secundum
658 2096 762 2137 illud
782 2096 933 2136 Psalmi
951 2096 964 2117 ³
987 2109 997 2137 :
1022 2112 1041 2135 α
1061 2095 1107 2136 In
1129 2109 1222 2137 om-

193 2179 292 2207 nem
311 2170 468 2208 terram
485 2167 619 2209 exivit
639 2179 769 2208 sonus
786 2179 950 2208 eorum.
970 2182 989 2205 i>
1010 2167 1218 2218 Secundo,

193 2240 364 2291 propter
395 2239 460 2280 sui
497 2239 797 2292 perfectionem
821 2271 833 2290 ,
868 2251 965 2292 quae
1002 2251 1076 2292 per
1108 2239 1221 2280 orbis

193 2309 494 2350 rotunditatem
522 2310 775 2362 intelligitur
801 2311 815 2332 ¹·
851 2325 859 2351 :
899 2325 918 2349 a
938 2310 1029 2351 Una
1057 2312 1118 2351 est
1149 2322 1220 2351 co-

192 2379 340 2420 lumba
358 2392 470 2429 mea,
492 2382 674 2433 perfecta
693 2394 801 2422 mea.
827 2396 846 2419 n
866 2381 1028 2432 Tertio,
1050 2382 1222 2434 propter

195 2449 261 2490 sui
284 2450 552 2491 stabilitatem
566 2455 604 2491 ⁵:
627 2451 786 2492 «Terra
805 2452 919 2492 enim
942 2452 986 2491 in
1008 2454 1220 2492 aeternum

195 2521 288 2560 stat.
314 2535 333 2558 ))
356 2519 511 2569 Quarto
529 2553 539 2571 ,
573 2523 744 2574 propter
775 2521 840 2561 sui
866 2522 1220 2574 compressionem

194 2592 234 2630 et
264 2590 522 2631 attritionem
548 2591 561 2612 ⁶
594 2605 603 2631 ε
632 2606 650 2630 (ι
684 2591 791 2632 Puto
815 2623 828 2639 ,
859 2592 973 2644 quod
1005 2592 1112 2633 Dans
1144 2604 1221 2632 nos

193 2661 403 2713 apostolos
417 2661 668 2703 novissimos
688 2663 870 2704 ostendit
884 2665 1090 2716 tanquam
1108 2676 1218 2704 mor-

193 2730 224 2770 ti
242 2730 492 2782 destinatos,
515 2746 533 2769 1>
560 2735 657 2784 etc.;
679 2733 788 2774 sicut
805 2736 916 2774 terra
934 2735 1218 2777 novissimum

192 2803 254 2841 est
273 2812 498 2855 corporum
521 2817 529 2843 ε
553 2804 666 2844 unde
698 2804 749 2844 ab
768 2805 973 2856 ‚omnibus
1001 2805 1153 2846 teritur
1179 2808 1220 2846 et

191 2872 473 2914 conculcatur.
502 2874 680 2925 Quinto⁷
703 2879 871 2928 propter
892 2876 1070 2916 humani
1090 2888 1218 2928 gene-

190 2942 248 2983 ris
278 2944 628 2986 sustentationem
660 2949 702 2987 et
732 2946 1063 2988 vivificationem
1086 2947 1219 3000 :quia

190 3012 241 3054 de
280 3015 392 3055 terra
430 3015 551 3067 vivit,
585 3019 670 3057 eta
697 3019 809 3058 terra
841 3020 1128 3069 sustentatur,
1161 3017 1216 3057 si—

191 3085 262 3124 cut
299 3084 352 3125 ab
386 3084 568 3126 Ecclesia
599 3086 817 3139 primitiva
845 3087 858 3109 ⁷
895 3101 904 3128 :
950 3102 969 3126 (ι
1007 3087 1094 3128 Sub
1132 3100 1217 3140 quo

191 3157 448 3206 curvantur,
487 3156 560 3208 qui
597 3159 766 3209 portant
802 3158 970 3210 orbem,
1000 3172 1020 3196 >³
1061 3158 1217 3200 scilicet

191 3225 365 3277 apostoli
408 3229 449 3267 et
483 3238 632 3268 eorum
667 3239 867 3281 sequaces
907 3241 917 3269 :
957 3241 1035 3270 nec
1070 3231 1217 3271 tamen

236 3353 242 3371 ¹
258 3355 368 3395 Joan.,
386 3363 409 3396 1,
429 3358 458 3387 1.
475 3372 516 3379 —
535 3357 548 3377 2
566 3357 680 3398 Greg,
698 3358 733 3389 z'n
748 3358 884 3400 Mami„
904 3369 933 3391 c.
953 3366 1026 3391 xvh
1040 3377 1082 3383 —-
1097 3359 1109 3378 ³
1123 3360 1215 3392 Psal.

192 3407 292 3440 xvui,
312 3402 384 3433 5.—
403 3402 417 3424 4
433 3403 546 3445 Cant„
562 3412 608 3445 VI,
626 3406 657 3436 8.
675 3421 714 3428 —
733 3407 744 3425 ⁵
759 3406 881 3445 Eccle„
899 3416 924 3447 1,
946 3408 977 3439 4.
995 3424 1036 3431 —
1056 3408 1068 3426 ⁶
1091 3408 1103 3439 I
1123 3408 1216 3447 Cor„

193 3454 240 3488 1v,
263 3449 292 3480 9.
312 3465 353 3472 —-
370 3449 384 3472 ⁷
403 3449 476 3490 Joh,
497 3458 544 3492 ix,
564 3454 615 3484 13.
636 3468 676 3477 -
694 3452 708 3474 ⁸
728 3453 819 3485 Psal.
840 3461 956 3495 Lxxw,
977 3456 1007 3487 4.
1027 3472 1068 3478 -
1087 3455 1100 3477 ⁹
1120 3454 1213 3493 Gen„

1301 257 1575 309 franguntur,
1595 258 1696 311 quia
1715 259 1761 300 in
1779 259 1946 303 Psalmo
1966 262 2001 303 ⁸:
2031 278 2051 303 c(
2072 263 2162 317 Ego
2182 268 2327 309 confir-

1301 327 1416 367 mavi
1436 327 1652 369 columnas
1672 331 1778 382 ejus.
1797 345 1817 369 »
1843 331 1986 384 Sexto,
2010 337 2181 387 propter
2200 348 2327 378 orna-

1300 396 1392 436 tum
1421 396 1615 436 omnium
1645 398 1882 450 virtutum,
1909 403 1949 441 et
1976 402 2325 456 productionem,

1300 466 1533 507 secundum
1553 467 1659 509 illud
1679 470 1692 491 ⁹
1711 481 1722 510 :
1746 484 1765 508 α
1785 470 2001 513 Germinet
2022 477 2133 513 terra
2153 474 2327 516 herbam

1299 537 1523 588 virentem,
1545 552 1564 576 n
1587 541 1665 580 etc.
1682 539 1885 594 Septimo,
1908 544 2080 595 propter
2099 555 2324 597 aquarum,

1299 607 1342 647 id
1370 610 1452 659 est,
1489 610 1706 663 sapientiae
1740 611 1940 653 doctrinae
1971 613 2165 655 salutaris
2199 616 2329 667 origi-

1299 691 1397 720 nem
1414 710 1424 729 ,
1447 681 1682 722 secundum
1702 682 1807 723 illud
1827 684 1854 705 ¹⁰
1881 697 1920 724 z«
1938 684 2051 725 Fons
2079 686 2329 728 ascendebat

1298 750 1349 791 de
1377 752 1490 791 terra
1512 781 1525 801 ‚
1557 751 1745 804 irrigans
1777 754 2023 797 universam
2061 758 2328 810 superficiem

1298 822 1435 861 terrae.
1460 835 1479 858 ›>
2023 831 2026 836 ·

1352 893 1392 932 8.
1416 892 1591 944 Propter
1620 892 1710 944 hoc,
1731 894 1809 945 qm·
1835 894 2034 947 loquitur,
2054 898 2132 937 etc.
2155 897 2330 940 Remota

1298 960 1559 1014 impunitatis
1591 963 1718 1003 stulta
1748 964 2020 1015 confidentia,
2046 966 2116 1007 hic
2140 969 2331 1020 praedicit

1298 1032 1422 1073 malae
1441 1033 1663 1074 locutionis
1683 1045 1854 1086 poenam
1880 1047 1890 1075 :
1913 1038 1954 1076 et
1979 1036 2138 1088 primo,
2164 1038 2264 1090 quia
2284 1040 2329 1080 in

1294 1103 1506 1155 judicium
1527 1105 1776 1155 deducetur;
1801 1107 1998 1158 secundo,
2027 1107 2127 1160 quia
2147 1122 2171 1149 a
2186 1110 2328 1162 JudIce

1298 1174 1573 1215 discutietur:
1599 1175 1938 1228 Coqz'tatz‘onz'bus
1959 1178 2102 1230 impii,
2129 1182 2224 1231 etc.;
2247 1182 2328 1222 ter-

1297 1245 1380 1295 tio,
1408 1245 1509 1297 quia
1542 1246 1738 1286 omnibus
1772 1246 2081 1299 publicabitur:
2120 1249 2327 1296 Quoniam

1298 1316 1419 1357 auris
1445 1315 1552 1364 zeli,
1574 1318 1651 1356 etc.

1351 1384 1456 1425 Dicit
1476 1397 1607 1437 ergo:
1630 1386 1805 1438 Propter
1817 1386 1918 1439 hoo;
1937 1389 2038 1441 quia
2064 1389 2216 1431 scilicet
2236 1390 2328 1444 Spi-

1297 1455 1405 1494 ritus
1426 1457 1594 1495 sanctus
1626 1455 1752 1497 habet
1781 1456 1996 1498 scientiam
2018 1459 2155 1511 vocis,
2184 1460 2226 1501 id
2246 1464 2326 1513 est,

1297 1525 1437 1566 omnis
1461 1526 1684 1566 locutionis
1710 1540 1718 1567 :
1740 1527 1821 1573 Qui
1852 1527 2042 1581 loquitur
2072 1519 2249 1583 iniqua;
2278 1533 2329 1573 de

1297 1597 1453 1649 quibus
1473 1597 1519 1637 in
1541 1597 1708 1638 Psalmo
1730 1599 1756 1623 1¹
1774 1611 1814 1639 :«
1828 1598 2101 1642 obstructum
2121 1605 2183 1644 est
2199 1615 2245 1644 os
2263 1604 2326 1645 lo-

1297 1668 1520 1722 quentium
1548 1669 1693 1722 iniqua
1718 1684 1726 1711 τ
1754 1685 1773 1708 >>
1798 1671 1896 1715 Non
1908 1676 2044 1724 potest
2064 1673 2216 1727 latere,
2248 1676 2329 1717 sci-

1295 1740 1391 1780 licet
1411 1740 1617 1793 Spiritum
1631 1744 1826 1783 sanctum
1847 1743 1893 1784 in
1913 1745 2126 1797 praesenti,
2142 1746 2256 1787 unde
2272 1748 2324 1787 ¹²:

1303 1825 1322 1848 α
1347 1810 1498 1851 Omnia
1517 1811 1632 1852 nuda
1659 1814 1699 1852 et
1726 1815 1870 1865 aperta
1898 1818 1995 1855 sunt
2021 1815 2152 1856 oculis
2172 1818 2278 1869 ejus.
2301 1831 2320 1855 n

1297 1881 1402 1921 Item
1420 1881 1447 1903 ¹³
1461 1894 1499 1922 :<‹
1514 1883 1667 1923 Omnes
1685 1883 1768 1924 viae
1785 1884 2011 1925 hominum
2033 1888 2176 1938 patent
2195 1887 2327 1927 oculis

1295 1953 1403 2003 ejus.
1426 1966 1445 1990 »
1464 1952 1548 1994 Nec
1565 1955 1780 2005 prseteriet
1789 1985 1801 2005 ,
1824 1954 1979 1996 scilicet
1999 1956 2324 1999 dissimulando:

1295 2022 1420 2073 Eum,
1443 2023 1598 2064 scilicet
1616 2024 1762 2077 iniqua
1778 2025 2043 2078 loquentem:
2068 2027 2325 2080 Corripiem,

1295 2093 1337 2134 id
1357 2096 1432 2145 est,
1456 2095 1657 2147 puniens3
1679 2096 1749 2138 vel
1767 2096 2023 2149 Corripiens,
2043 2098 2082 2139 id
2103 2100 2179 2150 est,
2197 2098 2327 2139 simul

1294 2165 1462 2218 rapiens
1491 2178 1645 2219 corpus
1675 2168 1769 2219 ejus
1794 2170 1835 2208 et
1861 2168 2064 2220 animam,
2092 2170 2160 2212 vel
2178 2173 2328 2212 cuncta

1295 2238 1388 2289 ejus
1408 2249 1535 2290 opera
1555 2238 1681 2288 mala,
1704 2241 1744 2279 et
1763 2238 1886 2289 dicta,
1909 2242 1950 2280 et
1968 2241 2173 2292 cogitata:
2198 2241 2325 2283 Jadi-

1294 2309 1423 2358 cium,
1447 2308 1602 2350 scilicet
1622 2310 1817 2351 futurum
1836 2324 1844 2350 :
1869 2310 2061 2352 «Cuncta
2080 2312 2208 2360 enim,
2231 2324 2327 2365 quae

1292 2378 1424 2429 fiunt,
1452 2379 1629 2421 adducet
1664 2380 1774 2422 Deus
1810 2380 1855 2421 in
1886 2382 2114 2434 Judicium,
2137 2396 2156 2421 »
2182 2385 2228 2423 ut
2247 2383 2327 2424 ha-

1293 2448 1417 2489 betur
1438 2450 1484 2489 ¹⁴.

1347 2522 1386 2559 9.
1400 2521 1452 2560 In
1474 2521 1806 2574 coartationibus
1823 2523 1933 2565 enim
1954 2523 2098 2575 impii,
2121 2523 2162 2564 id
2177 2527 2251 2575 est,
2275 2525 2325 2566 de

1299 2590 1629 2642 cogitationibus
1646 2592 1780 2645 impii,
1794 2593 1840 2633 in
1854 2593 2009 2646 quibus
2022 2593 2165 2635 minus
2180 2606 2324 2647 pecca-

1296 2662 1384 2701 tum
1406 2664 1466 2702 est
1482 2674 1612 2715 quam
1631 2663 1676 2703 in
1690 2664 1832 2716 pravis
1842 2664 2134 2705 sermonibus:
2155 2666 2256 2708 Erit
2273 2666 2324 2719 (a)

1292 2733 1597 2786 inter-rossana,
1626 2733 1668 2774 id
1692 2736 1752 2775 est
1771 2735 1974 2776 discussio
1994 2735 2150 2787 judicis
2167 2739 2207 2777 et
2226 2749 2328 2778 exa-

1296 2803 1492 2855 minatio,
1516 2804 1753 2845 secundum
1777 2804 1882 2845 illud
1903 2804 2057 2846 Psalmi
2078 2807 2165 2847 1ἰα
2190 2807 2327 2849 Domi-

1291 2886 1373 2915 nus
1392 2875 1630 2927 interrogat
1643 2875 1809 2927 justum
1829 2877 1870 2915 et
1890 2874 2085 2928 impium.
2105 2877 2165 2916 »16
2186 2878 2323 2930 «Scio,

1292 2946 1404 2999 quod
1422 2945 1541 2986 nulla
1558 2948 1599 2986 te
1619 2945 1718 2986 latet
1737 2946 1953 2998 cogitatio.
1973 2961 1992 2984 ))
2019 2947 2071 2989 Εῖ
2090 2949 2127 2989 si
2148 2950 2227 2990 erit
2245 2951 2326 2992 dis-

1291 3017 1428 3058 cussio
1463 3017 1512 3057 de
1545 3016 1894 3069 cogitationibuS,
1932 3019 2065 3060 multo
2094 3020 2243 3062 fortius
2271 3022 2322 3064 dc

1289 3087 1597 3138 locutionibus3
1631 3090 1803 3140 propter
1831 3088 1913 3130 hoc
1942 3090 2118 3132 subdit:
2149 3093 2320 3135 Sermo-

1290 3169 1394 3200 num
1412 3162 1568 3207 autem,
1585 3160 1681 3209 etc.;
1700 3158 1823 3210 quasi
1841 3159 1974 3200 dicat:
1999 3159 2092 3201 Non
2113 3162 2248 3203 solum
2271 3163 2321 3204 de

1289 3229 1634 3282 cogitationibus,
1656 3228 1829 3281 Autem,
1857 3242 1933 3283 pro
1956 3231 2046 3274 sed.
2073 3231 2318 3276 Sermonum

1288 3370 1312 3400 1,
1331 3364 1381 3393 11.
1398 3379 1437 3384 —
1459 3362 1482 3380 ¹·
1500 3361 1594 3402 Gen„
1615 3369 1651 3400 11,
1670 3363 1701 3393 6.
1716 3378 1756 3384 —
1776 3362 1802 3384 1¹
1817 3362 1909 3395 psal.
1931 3371 2016 3403 Lxu,
2034 3366 2083 3397 12.
2105 3381 2145 3388 —
2167 3364 2189 3383 ¹²
2203 3364 2317 3406 Hebr„

1288 3417 1337 3449 1v,
1365 3410 1414 3442 13.
1441 3426 1482 3433 -
1515 3409 1542 3431 ¹³
1565 3409 1676 3450 Prov.‚
1704 3417 1780 3450 xvi,
1799 3411 1831 3442 2,
1855 3427 1896 3434 -
1928 3411 1949 3430 ¹⁴
1974 3411 2095 3452 Eccle.‚
2123 3420 2193 3452 ΧΠ,
2214 3414 2319 3445 14.—

1289 3457 1311 3475 ¹³
1332 3456 1424 3489 Psal.
1446 3465 1479 3497 x,
1498 3458 1528 3489 6.
1550 3473 1590 3481 —
1611 3458 1637 3480 ¹⁶
1655 3456 1727 3497 doh,
1747 3465 1835 3498 xnn,
1858 3460 1931 3491 2.—
1952 3458 1994 3498 (α)
2013 3459 2094 3492 caet.
2117 3458 2195 3492 edit.
2216 3460 2274 3493 Et.
