2587 3845
0 495 4 589 ἓ

0 592 6 623 l

1047 174 1218 217 CAPUT
1247 173 1354 214 Xlll.

145 274 260 316 brica
277 274 388 313 terra
406 270 560 320 rubra,
585 272 625 311 et
657 270 771 311 color
805 270 880 322 qui
915 267 1012 309 inde
1031 267 1100 315 fit3
1123 266 1165 305 et

140 342 298 396 rapula,
317 342 384 384 vel
402 341 540 391 filum,
564 353 648 394 quo
667 342 714 381 fit
734 343 775 381 et
792 340 882 393 ipsa
902 339 1100 387 tinctura,
1123 338 1165 377 et

138 413 260 453 debet
271 423 437 465 semper
452 412 591 453 media
610 411 798 464 produci.
811 411 865 452 Ec
878 406 1163 451 rubicundum

135 483 296 534 faciens
330 483 425 534 fuco
451 482 626 525 colorem
665 482 781 523 illius
820 495 828 521 :
857 480 979 520 fucus
1009 477 1163 518 dicitur

138 553 251 593 color
265 553 536 602 innaturalis,
563 554 603 592 et
625 552 746 604 quasi
763 549 1036 591 adulterinus.
1058 548 1161 586 Item

0 627 4 667 ἰ
21 638 118 664 ruens
136 623 369 664 notandum
393 623 507 675 quod
532 623 652 663 fucus
673 621 824 663 dicitur
843 619 1000 661 animal
1020 618 1088 670 api
1107 618 1161 656 si-

0 674 99 707 'multi-

0 718 87 754 ffliex.

138 693 252 744 mile,
275 693 386 746 quod
407 705 492 734 non
517 693 744 742 mellificat,
767 691 838 732 sed
860 691 943 731 mel
961 690 1158 738 devorat;

136 763 236 804 item
255 763 450 816 quaedam
471 764 624 812 herba,
642 774 739 815 quae
759 761 886 813 tingit
903 775 913 807 ·,
944 760 1046 800 item
1067 758 1161 811 qui-

135 833 235 874 libet
246 833 359 874 color
368 834 644 884 adulterinus3
661 834 762 874 item
775 831 1058 881 mendacium,
1074 830 1161 871 sive

134 904 263 955 fraus,
285 907 327 945 et
357 904 491 955 dolus,
513 904 743 945 secundum
770 903 959 956 Papiam.
989 902 1044 943 Ετ
1071 911 1161 943 om-

134 983 227 1014 nem
247 971 474 1023 maculam,
489 984 584 1025 quoe
603 974 650 1014 in
664 971 736 1014 illo
751 975 826 1021 est,
850 970 1003 1010 scilicet
1023 969 1158 1020 ligno,

139 1041 190 1094 (a)
197 1041 433 1094 perliniens
447 1046 574 1092 terra,
590 1042 645 1094 (v.
663 1042 721 1094 15)
739 1046 778 1084 (st
794 1041 976 1092 faciatei
985 1040 1162 1092 diqnam

135 1111 498 1155 cohabitationem.
524 1111 639 1153 Unde
653 1111 821 1152 Baruch
844 1115 855 1136 ¹
882 1124 890 1149 :
919 1126 937 1148 ε(
953 1110 1158 1151 Constitu-

134 1183 188 1223 tis
204 1182 286 1223 illis
301 1183 345 1222 in
364 1183 504 1232 domo,
523 1182 634 1235 pleni
653 1184 752 1223 sunt
769 1181 880 1222 oculi
895 1192 1041 1221 eorum
1063 1180 1158 1232 pul-

133 1265 234 1294 vere
253 1266 278 1293 a
297 1253 475 1305 pedibus
493 1252 817 1293 introeuntium.
835 1266 854 1288 »
873 1253 932 1293 Et
947 1253 993 1292 in
999 1251 1162 1302 pariete

129 1333 289 1375 ponens
305 1322 430 1372 illud,
452 1317 606 1362 scilicet
639 1325 686 1362 111
711 1321 850 1372 magis
869 1323 1082 1372 appareat.
1108 1320 1161 1362 Ec

131 1392 389 1443 confirmans
407 1392 518 1442 ferro
530 1423 540 1441 ,
553 1391 595 1431 id
607 1394 668 1431 est
681 1391 810 1430 clavis
828 1390 974 1430 ferreis
989 1405 997 1430 :
1012 1390 1064 1441 (v,
1096 1390 1153 1441 16,

129 1463 190 1505 Ne
216 1463 320 1514 forte
346 1461 474 1504 cadat
494 1462 536 1501 :²
571 1460 859 1502 «Consortavit
883 1472 984 1500 eum
1013 1460 1157 1510 clavis,

128 1546 182 1575 ne
217 1535 460 1575 moveretur
499 1546 507 1571 :
547 1546 566 1570 1>
594 1532 860 1584 Prospiciens
890 1531 974 1581 illi,
1010 1531 1050 1571 id
1082 1534 1157 1581 est,

129 1603 354 1656 providens
372 1603 420 1656 (b)
445 1605 485 1643 et
497 1614 756 1655 praecavens
776 1603 943 1652 Sciens,
956 1603 1160 1654 quoniam

130 1684 215 1716 non
241 1676 374 1726 potest
406 1672 613 1724 adjicvare
652 1683 710 1721 se,
739 1673 893 1712 scilicet
928 1685 1002 1725 per
1049 1672 1156 1724 seip-

129 1754 240 1783 sum.
265 1742 381 1784 Unde
401 1743 445 1783 in
466 1742 633 1784 Psalmo
655 1744 668 1765 3
689 1757 697 1782 :
723 1758 742 1781 (ι
764 1743 913 1783 Manus
933 1743 1102 1792 habent,
1119 1746 1160 1783 et

129 1826 214 1855 non
233 1814 463 1867 palpabunt
480 1829 489 1864 3
516 1814 641 1867 pedes
659 1814 834 1863 habent,
853 1816 891 1853 et
909 1825 992 1853 non
1008 1814 1157 1854 ambu-

128 1884 292 1935 labunt,
313 1899 332 1922 »
358 1887 437 1925 010.
460 1884 543 1925 Νο0
563 1884 721 1925 mirum
743 1896 752 1924 :
776 1884 918 1936 Imczyo
945 1885 1057 1925 enim
1081 1889 1156 1933 est,

130 1955 173 1996 id
192 1958 254 1996 est
273 1955 503 1995 similitudo
523 1955 600 2005 rei,
619 1967 705 1995 non
724 1966 793 1994 res
810 1969 818 2003 ;
842 1957 995 2006 etopus
1010 1958 1070 1996 esi
1092 1954 1160 1996 illi

129 2025 408 2076 adiutorium,
431 2025 585 2065 scilicet
604 2025 852 2076 *humanum
874 2025 917 2065 ‘':
948 2040 966 2062 α
986 2024 1030 2064 Si
1051 2025 1158 2065 ceci-

128 2095 264 2135 derint
299 2095 345 2135 in
379 2097 557 2145 terram,
605 2107 629 2135 a
661 2095 894 2148 semetipsis
937 2107 1023 2136 non
1063 2108 1158 2136 con-

127 2168 330 2217 surgent,
373 2181 392 2203 »
444 2168 494 2205 ut
514 2166 649 2218 patuit
685 2165 735 2206 de
765 2165 925 2217 Dagon.
964 2165 1068 2206 [tem
1098 2171 1110 2191 ⁵
1146 2181 1154 2207 ε

134 2251 153 2274 «
173 2236 340 2277 Portata
358 2236 584 2285 tollentur,
619 2225 731 2289 quia*
752 2237 944 2277 incedere
973 2250 1059 2278 non
1087 2250 1158 2279 va-

126 2305 227 2346 lent.
249 2320 268 2343 »
295 2311 352 2355 (v.
375 2307 439 2357 47)
467 2307 522 2348 Et
549 2306 600 2348 de
632 2307 877 2349 substantia
904 2318 998 2358 sua,
1019 2308 1060 2348 id
1080 2311 1152 2358 051,

127 2376 179 2416 (10
198 2378 459 2429 possessione
490 2378 714 2428 exteriori3
734 2382 771 2420 ei
790 2378 840 2420 de
861 2378 967 2429 filiis
985 2380 1093 2429 suis,
1115 2379 1157 2418 id

128 2450 203 2498 est,
228 2449 279 2489 de
297 2449 430 2490 salute
451 2449 637 2489 filiorum
658 2461 856 2498 suorum3
893 2454 932 2491 ec
960 2449 1010 2490 de
1046 2460 1155 2500 nup-

129 2518 229 2568 tiis',
253 2518 408 2559 scilicet
441 2519 759 2568 contrahendi53
798 2523 942 2562 votum
976 2521 1154 2570 faciens,

129 2588 286 2630 scilicet
304 2590 343 2630 ei
365 2605 373 2629 :
398 2591 598 2642 inquirit,
620 2590 773 2631 scilicet
804 2591 856 2631 ab
885 2603 955 2640 eo,
984 2594 1025 2631 et
1055 2591 1157 2643 petit

125 2660 360 2700 necessaria
397 2660 475 2700 sibi
524 2663 565 2701 et
603 2661 721 2711 filiis,
761 2673 860 2701 cum
894 2664 1037 2702 tamen
1070 2674 1156 2702 non

126 2729 180 2769 sit
212 2730 473 2780 vovendum,
513 2730 594 2771 nisi
634 2730 740 2781 Deo,
781 2731 1014 2772 secundum
1051 2731 1155 2772 illud

126 2799 282 2840 Psalmi
302 2801 316 2823 ⁶
341 2815 350 2842 :
380 2816 399 2839 «
416 2800 585 2852 Vovete‚
618 2804 659 2842 et
678 2802 837 2843 reddite
865 2802 1042 2843 Domino
1072 2803 1155 2845 Deo

125 2872 280 2922 vestro,
304 2886 323 2908 »
345 2874 421 2912 etc.
460 2871 566 2912 Item
583 2872 597 2895 '¹
621 2884 632 2912 ι
659 2887 678 2910 «
712 2871 819 2913 Vota
837 2873 1056 2913 vovebunt
1074 2873 1156 2914 Do-

127 2941 257 2992 mino,
278 2944 320 2981 et
337 2941 515 2983 solvent.
535 2956 554 2980 n
584 2942 678 2985 Non
697 2942 901 2985 erubescit
921 2944 1052 2996 loqui,
1075 2945 1153 2984 sci-

126 3011 221 3053 licet
238 3012 328 3065 ipse
348 3013 536 3054 animam
567 3013 741 3065 habenS,
764 3025 859 3055 cum
879 3014 969 3066 illo,
1002 3014 1157 3056 scilicet

127 3080 211 3122 Deo
230 3082 347 3133 falso,
369 3084 445 3136 qui
466 3085 559 3125 sine
580 3085 728 3126 anima
744 3089 805 3126 esi
827 3099 835 3126 :
861 3085 875 3106 ⁸
901 3100 920 3123 «
955 3084 1058 3126 Cum
1082 3097 1157 3125 au-

128 3151 280 3193 dierint
298 3156 466 3194 mutum
485 3166 572 3195 non
590 3166 712 3207 posse
742 3155 873 3207 loqui,
908 3155 1085 3195 offerent
1105 3155 1155 3195 ad

128 3219 226 3272 Bel;
246 3236 266 3260 »
307 3225 348 3264 et
380 3227 394 3249 ⁹
433 3238 442 3264 :
489 3239 508 3263 «
536 3223 590 3265 Os
624 3225 794 3276 habent,
821 3228 861 3266 et
880 3237 966 3266 non
986 3225 1157 3278 loquen-

172 3352 179 3369 ¹
200 3350 336 3388 Berua,
362 3358 409 3392 vl,
433 3355 481 3385 16.
500 3370 542 3376 —
560 3355 573 3376 ¹
594 3355 672 3392 isa„
697 3362 782 3395 xm,
804 3357 835 3387 7.
854 3373 896 3380 —
915 3356 926 3375 ³
946 3357 1036 3388 Psal.
1058 3365 1153 3398 011111,

128 3398 159 3430 7.
180 3415 220 3422 —
245 3398 257 3416 ⁴
282 3398 413 3435 Barac..
439 3407 490 3439 vl,
515 3403 566 3432 26.
589 3419 624 3424 -
650 3402 664 3424 ⁵
681 3402 817 3443 Jerem.,
843 3411 883 3440 x,
910 3406 940 3435 5.
961 3422 1002 3429 —
1027 3405 1039 3424 ⁶
1065 3405 1154 3437 Psal.

130 3451 233 3484 Lxxv,
260 3447 310 3476 12.
331 3461 370 3469 -
395 3446 408 3468 ⁷
428 3446 507 3487 lca„
534 3455 613 3488 xix,
640 3450 691 3480 21.
717 3466 758 3471 -
780 3448 794 3471 ⁸
813 3451 949 3489 Barac„
969 3459 1024 3491 v1,
1043 3454 1093 3483 40.
1116 3469 1155 3475 -

2215 175 2266 213 95

1238 266 1322 303 tur.
1345 276 1363 298 n
1391 262 1446 311 (v.
1472 258 1534 309 18)
1557 258 1609 299 Et
1630 268 1706 310 pro
1727 258 1930 308 sanitate,
1952 258 1994 298 id
2008 260 2082 308 051,
2106 271 2182 298 sua
2197 261 2267 300 vel

1240 342 1431 380 suorum⁷
1455 328 1693 380 infirmum,
1715 328 1756 368 id
1769 330 1843 378 051,
1871 328 2044 368 omnino
2061 328 2265 380 impoten-

1238 405 1321 443 tem
1335 416 1343 442 z
1357 399 1554 452 Quidem,
1565 398 1607 439 id
1621 401 1697 448 est,
1711 400 1815 440 certe
1831 411 1840 438 ι
1863 397 2123 449 deprecatur,
2139 401 2178 440 ec
2190 408 2267 450 pro

1240 473 1332 516 vita
1350 474 1471 524 royac
1496 473 1720 520 mortuum,
1744 469 1786 510 id
1808 471 1884 518 est,
1906 468 1993 509 vita
2011 468 2188 510 omnino
2201 481 2266 509 ca-

1239 545 1403 583 rentem
1427 556 1435 582 :
1458 542 1517 582 ita
1536 541 1647 594 quod
1680 539 1935 590 intelligitur
1971 539 2167 578 mortuus
2189 549 2264 578 ne-

1238 613 1396 665 gative,
1412 623 1498 651 nou
1515 610 1747 662 privative3
1763 609 1863 661 quia
1877 608 1911 647 si
1927 607 2147 661 privative,
2164 611 2265 648 tunc

1235 682 1545 733 intelligeretur
1572 680 1752 720 alienam
1780 680 1913 719 vitam
1945 678 2143 718 habuisse
2159 709 2169 728 ,
2194 677 2266 717 sed

1235 755 1378 805 postea
1394 751 1588 804 privatus
1602 750 1741 799 fuisse,
1765 749 1877 801 quod
1891 743 2045 789 falsum
2061 751 2182 790 esset.
2207 750 2265 790 Ec

1235 824 1285 865 in
1301 821 1568 874 adjutorium
1607 820 1806 862 inutilem
1840 822 1986 868 vocat,
2019 819 2062 859 id
2083 821 2158 869 est,
2179 830 2266 859 non

1235 895 1447 947 potentem
1482 893 1633 944 Juvare
1664 902 1729 941 se,
1764 890 1831 931 1101
1862 889 2007 930 alium.
2045 889 2160 930 Unde
2186 888 2263 929 Ba-

1234 965 1342 1004 ruch
1362 966 1390 988 ¹⁰
1414 975 1423 1003 :
1451 978 1469 1001 ((
1486 962 1621 1003 Habet
1647 962 1692 1001 in
1715 966 1853 1001 ‘manu
1885 960 2097 1011 gladium,
2119 962 2160 1000 et
2179 972 2222 1000 se
2242 972 2267 1000 a

1233 1034 1470 1075 latronibus
1496 1045 1583 1073 non
1603 1032 1768 1072 liberat.
1792 1046 1811 1069 n
1840 1031 1895 1083 (v.
1919 1031 1981 1082 19)
2020 1031 2074 1072 Ec
2089 1040 2166 1082 pro
2191 1030 2267 1071 iti-

1234 1115 1344 1154 nere,
1366 1105 1409 1146 id
1431 1107 1508 1153 est,
1544 1103 1705 1144 itineris
1734 1102 1983 1151 directione,
2012 1102 2119 1153 petit
2138 1099 2188 1142 ab
2222 1110 2265 1141 eo

1235 1178 1310 1229 qui
1332 1176 1544 1219 ambulare
1579 1185 1664 1216 mm
1701 1177 1857 1226 potest,
1897 1173 2130 1214 secundum
2161 1170 2266 1210 illud

1235 1247 1436 1287 Ρ5ε111111ιι
1463 1261 1470 1286 :
1500 1262 1518 1285 <1
1534 1245 1663 1286 Pedes
1684 1245 1866 1293 habent,
1898 1247 1938 1283 et
1965 1254 2052 1283 11011
2079 1241 2267 1282 ambula-

1233 1319 1354 1366 bunt,
1370 1332 1388 1355 »
1417 1320 1494 1358 etc.
1517 1317 1567 1357 Et
1586 1315 1753 1356 Baruch
1768 1316 1794 1336 ¹²
1816 1329 1824 1355 :
1855 1329 1873 1352 α
1894 1313 1993 1353 Sine
2026 1312 2203 1364 pedibus
2222 1311 2267 1351 in

1233 1388 1423 1428 humeris
1441 1389 1676 1439 portantur.
1701 1399 1720 1422 n
1741 1386 1799 1426 Et
1818 1384 1869 1425 de
1892 1382 2166 1435 acquirendo,
2192 1381 2268 1420 sci-

1233 1458 1327 1498 licet
1346 1469 1420 1510 per
1442 1456 1776 1508 negotiationes3
1799 1459 1836 1496 ei
1853 1453 1903 1496 de
1922 1452 2159 1506 operando,
2195 1451 2268 1491 sci-

1233 1528 1328 1568 licet
1362 1540 1436 1580 per
1474 1527 1741 1568 mechanicas
1779 1528 1918 1575 artes;
1941 1527 1979 1566 ei
2000 1523 2050 1565 cle
2077 1523 2267 1565 omnium

1233 1609 1374 1640 rerum
1403 1602 1566 1647 eventu,
1594 1596 1848 1649 generaliter
1882 1595 1984 1648 petit
2011 1594 2063 1634 ab
2092 1605 2164 1642 eo,
2193 1592 2267 1645 qui

1234 1669 1278 1708 in
1299 1668 1499 1708 omnibus
1519 1671 1579 1707 est
1600 1667 1775 1707 inutilis.
1799 1667 1827 1691 ¹³
1850 1681 1869 1704 (ι
1892 1664 2109 1705 Formavit
2122 1663 2264 1712 deum,

1235 1744 1274 1781 et
1306 1741 1496 1792 sculptile
1526 1739 1724 1781 conflavit
1757 1738 1809 1778 ad
1843 1736 1951 1777 nihil
1980 1736 2096 1776 utile.
2127 1750 2145 1772 ›>
2185 1734 2264 1775 Sed

1234 1811 1402 1852 videtur
1417 1811 1528 1851 idem
1554 1822 1673 1863 posse
1694 1808 1937 1850 Christianis
1958 1806 2085 1858 oinci
2105 1805 2262 1856 imagi-

1233 1893 1310 1922 nes
1342 1881 1629 1922 adorantibus.
1662 1879 1743 1920 Sed
1770 1878 1994 1919 dicendum
2010 1908 2019 1925 ,
2045 1875 2156 1928 quod
2179 1887 2264 1915 non

1233 1955 1295 1992 est
1312 1951 1448 1992 simile
1465 1983 1474 2002 ‚
1510 1951 1610 2003 quia
1625 1949 1855 1990 idololatrae
1873 1944 2265 1996 adorabantimagi-

1232 2035 1307 2063 nes
1337 2025 1384 2063 ut
1416 2034 1501 2072 res,
1526 2023 1720 2073 putantes
1743 2020 1785 2059 in
1820 2020 1880 2059 eis
1911 2017 2081 2071 aliquod
2115 2017 2263 2058 vivum

1233 2106 1321 2134 esse
1338 2107 1348 2143 ;
1374 2092 1599 2133 Christiani
1630 2103 1731 2133 vero
1765 2091 1941 2131 adorant
1969 2092 2017 2129 ut
2047 2088 2173 2140 signa
2205 2099 2266 2128 50-

1231 2166 1337 2216 lum,
1361 2168 1401 2205 et
1425 2165 1468 2204 in
1488 2166 1697 2217 quantum
1725 2163 1885 2203 ducunt
1907 2161 1950 2201 111
1970 2160 2054 2211 illa,
2081 2171 2263 2212 quorum

1233 2243 1334 2281 sunt
1354 2240 1494 2291 signa.

1542 2394 1764 2440 CAPUT
1807 2393 1946 2436 XIV.

1285 2527 1322 2563 1.
1346 2523 1506 2565 Iterum
1527 2521 1640 2563 alius
1669 2520 1899 2571 navigare,
1929 2519 2008 2558 etc.
2033 2517 2261 2569 Postquam

1233 2594 1484 2646 multiplices
1506 2590 1864 2633 idololatrautium
1888 2601 2053 2630 errores
2075 2587 2258 2640 descrip-

1231 2664 1306 2715 sit,
1340 2664 1410 2704 bic
1438 2663 1578 2714 tangit
1607 2662 1818 2703 idolorum
1847 2660 2162 2701 detestationem
2187 2672 2195 2698 ε
2221 2661 2260 2699 01
2312 2678 2389 2706 Ordo

2280 2719 2418 2747 dicendo-

2279 2768 2355 2788 rum.

1232 2735 1371 2788 primo
1391 2747 1445 2775 ex
1466 2734 1691 2774 inutilitate
1721 2733 1912 2785 ipsorum
1940 2730 2176 2780 idolorum3
2201 2742 2259 2770 se-

1233 2805 1370 2846 cundo
1385 2818 1438 2846 ex
1453 2805 1613 2845 offensa
1635 2803 1842 2845 Creatoris
1858 2817 1866 2843 ε
1885 2801 2102 2844 Similiter
2121 2805 2258 2843 autem

1232 2875 1330 2917 odio
1355 2880 1478 2926 suni,
1503 2879 1607 2925 etc.;
1629 2874 1750 2915 tertio
1783 2886 1836 2914 ex
1867 2873 2052 2913 novitate
2071 2877 2112 2913 et
2136 2872 2261 2912 modo

1233 2946 1544 2988 adinventionis
1564 2961 1572 2987 :
1589 2946 1730 2998 Neque
1744 2946 1854 2987 enim
1873 2948 2008 2994 erant,
2024 2947 2123 2994 etc.;
2140 2956 2263 2997 quar-

1233 3021 1276 3058 to
1298 3031 1351 3059 ex
1373 3018 1525 3059 effectu
1548 3018 1748 3058 humanae
1769 3015 2051 3068 corruptionis
2074 3027 2082 3056 :
2105 3015 2159 3057 Et
2177 3025 2263 3057 non

1232 3088 1457 3140 suffecerat
1487 3098 1676 3138 errasse,
1708 3089 1785 3128 etc.
1814 3086 2086 3127 Inutilitatem
2119 3089 2262 3126 autem

1231 3159 1442 3200 idolorum
1473 3159 1654 3200 ostendit
1686 3158 1731 3198 in
1764 3160 1883 3211 parte
1904 3157 2043 3210 prima
2069 3157 2262 3209 exemplo

1232 3230 1532 3283 navigantium
1572 3231 1617 3270 in
1655 3229 1783 3279 mari,
1813 3242 1837 3270 a
1876 3229 2031 3282 quibus
2069 3228 2262 3270 invocata

1232 3344 1243 3362 ⁹
1263 3343 1354 3376 Psal.
1378 3351 1476 3384 cxm,
1500 3345 1530 3375 4.
1551 3360 1592 3365 —
1614 3344 1638 3365 ¹⁰
1659 3343 1794 3380 Barac„
1812 3349 1857 3382 vt,
1881 3342 1931 3372 14.
1945 3357 1985 3364 —
2006 3341 2031 3362 ¹¹
2050 3338 2140 3372 Psal.
2161 3346 2260 3379 exul,

1233 3391 1263 3421 7.
1285 3409 1321 3413 —
1346 3392 1369 3413 ¹²
1388 3392 1523 3430 Barac„
1542 3398 1588 3430 vl,
1609 3392 1660 3422 25.
1677 3408 1718 3416 --
1736 3389 1761 3411 ¹⁸
1779 3389 1860 3428 Isa..
1878 3395 1971 3426 111111,
1992 3389 2040 3419 10.

1275 3455 1316 3495 (α)
1335 3457 1418 3488 caet.
1443 3456 1522 3488 edit.
1541 3455 1618 3487 add.
1642 3456 1717 3486 Est.
1730 3470 1772 3478 -
1792 3453 1838 3494 (b)
1857 3453 1936 3485 Caet.
1956 3451 2033 3483 edit.
2054 3450 2257 3492 praevidens.
