2634 3853
963 187 1236 230 EXPOSITIO
1267 187 1319 228 IN
1347 185 1459 227 CAP.
1493 183 1558 225 lV.

208 294 351 341 postea
371 299 381 326 ε
418 298 437 322 (ι
454 282 594 324 Terrae
616 280 897 322 Sodomorum
915 277 1133 319 remissius
1152 276 1230 317 erit

207 359 254 398 in
282 356 347 397 die
374 353 536 406 judicii,
566 363 695 404 quam
722 350 814 390 tibi.
845 363 864 387 »
907 348 988 389 Sed
1018 345 1229 399 quomodo

208 427 301 466 haec
327 423 553 464 audierunt
582 421 690 462 sacta
717 421 761 460 in
790 420 1098 471 Capharnaum,
1132 429 1230 457 cum

208 493 480 545 Evangelista
500 492 691 533 nondum
718 489 968 543 expresserit
987 488 1129 540 aliqua
1148 488 1231 527 mi-

210 563 354 605 racula
371 563 512 616 ipsum
536 562 709 603 fecisse?
740 561 1000 612 Quapropter
1018 559 1233 599 attenden-

211 634 333 684 dum,
355 633 467 685 quod
481 632 754 684 Evangelista
772 642 857 670 non
877 629 1144 682 prosequitur
1163 640 1230 669 or-

210 703 352 744 dinem
379 703 440 743 101
469 705 622 755 gestae,
656 701 727 742 sed
763 700 952 741 ordinem
991 699 1234 739 intentionis

211 786 316 826 suae,
344 776 385 814 et
409 774 488 815 hoc
517 773 688 826 quidem
711 771 807 812 facit
831 770 989 823 pluries
1023 784 1031 809 :
1063 771 1104 810 et
1122 769 1231 819 ideo,

211 856 310 885 cum
338 844 614 896 Evangelista
649 844 793 883 narrat
829 844 945 894 post,
980 841 1092 893 quod
1127 841 1235 881 alius

211 917 322 965 ante,
346 927 432 956 non
452 918 513 955 est
539 913 837 967 repugnantia,
868 912 969 965 quia
997 923 1082 952 non
1102 911 1236 952 inten-

212 985 317 1026 dunt
341 984 477 1026 dicere
503 997 551 1025 eo
587 984 734 1025 ordine
766 995 853 1024 esse
877 984 997 1032 facta,
1025 994 1109 1034 quo
1140 984 1238 1022 sunt

214 1055 382 1108 scripta,
404 1055 510 1096 sicut
529 1054 648 1095 dicit1
671 1054 956 1105 Augustinus.
980 1052 1113 1102 Patet,
1138 1052 1238 1105 quia

207 1127 348 1168 Lucas
374 1138 472 1167 cum
500 1125 591 1166 aliis
620 1125 786 1166 duobus
816 1124 1012 1165 Matthaeo
1042 1127 1081 1164 et
1101 1123 1238 1163 Marco

215 1197 326 1237 nihil
355 1198 501 1237 narrat
538 1196 588 1236 de
619 1197 757 1248 primo
794 1194 979 1235 adventu
1021 1194 1170 1234 Christi
1196 1194 1240 1233 in

216 1268 262 1307 in
283 1266 510 1316 Galilaeam5
535 1266 608 1306 sed
627 1265 677 1306 de
705 1265 905 1314 secundm
934 1264 984 1304 de
1002 1264 1140 1317 primo
1160 1276 1240 1304 au-

216 1339 302 1377 tem
319 1336 572 1377 determinat
585 1335 697 1376 solus
716 1335 737 1376 J
741 1347 912 1375 oannes.
929 1334 992 1374 Ex
1008 1335 1120 1374 fama
1136 1346 1241 1384 ergo

216 1406 520 1447 miraculorum
551 1406 760 1446 factorum
792 1404 835 1444 in
871 1407 983 1444 terra
1013 1404 1150 1444 aliena
1175 1415 1240 1444 ar-

217 1477 405 1529 guebant
423 1488 538 1527 eum,
555 1476 655 1529 quia
672 1487 758 1515 non
770 1474 946 1515 faciebat
964 1474 1008 1513 in
1025 1476 1136 1514 terra
1149 1485 1243 1526 pro-

217 1549 325 1602 pria.
357 1548 470 1590 Unde
501 1548 669 1589 additur
695 1561 703 1587 :
734 1547 817 1588 Fac
853 1549 891 1588 ec
929 1546 996 1587 11ϊο
1022 1546 1071 1586 in
1094 1546 1245 1596 patria

221 1624 313 1670 tua,
343 1622 438 1671 ete„
463 1618 696 1659 secundum
722 1616 848 1657 illud2
872 1631 880 1656 :
915 1631 934 1654 «
963 1615 1042 1665 Qui
1072 1616 1149 1655 sibi
1168 1627 1243 1655 ne-

221 1703 350 1743 quam
370 1692 446 1741 est,
468 1689 537 1730 cui
557 1688 629 1729 alii
648 1688 784 1728 bonus
804 1687 905 1727 erit?
926 1702 945 1724 »
970 1691 1010 1727 et
1031 1687 1083 1728 ad
1108 1687 1244 1729 Timo-

224 1760 386 1803 theum³
403 1775 412 1801 ι
432 1775 451 1799 (‹
470 1759 513 1801 Si
528 1760 623 1812 quis
641 1761 780 1799 autem
794 1770 985 1808 suorum,
1005 1760 1046 1798 et
1062 1757 1247 1797 maxime

222 1831 562 1881 domesticorum,
585 1842 729 1870 curam
751 1841 837 1870 non
855 1829 997 1878 habet,
1020 1829 1145 1869 fidem
1168 1840 1247 1868 ne-

224 1902 399 1954 gavit.»
424 1902 474 1942 Ε1
503 1901 654 1942 dicitur
684 1900 833 1941 etiam⁴
855 1912 865 1940 z
892 1899 1141 1940 «Mandavit
1168 1899 1248 1939 illis

223 1972 453 2025 unicuique
475 1971 526 2012 de
545 1971 740 2024 proximo
761 1982 852 2010 suo.
872 1984 890 2006 n

276 2046 342 2084 24.
365 2044 441 2085 Ait
457 2046 597 2085 autem
622 2056 635 2082 .·
654 2045 784 2084 Amen
807 2041 923 2091 (lico,
949 2043 1026 2082 etc.
1063 2040 1139 2081 Hic
1158 2044 1249 2094 post

224 2113 535 2156 detrahentium
549 2112 746 2162 convitia,
768 2113 1094 2164 subjunguntur
1111 2124 1249 2153 exem-

223 2184 292 2238 pla
313 2184 572 2237 prophetica,
601 2183 854 2224 detractores
884 2183 1155 2223 confutantia.
1186 2183 1250 2224 Ad

222 2255 391 2309 plenam
411 2257 553 2295 autem
572 2255 764 2306 ipsorum
785 2253 1118 2294 confutationem
1138 2266 1247 2306 praa-

224 2326 404 2367 mittitur
451 2324 650 2377 generale
696 2323 991 2376 proverbium3
1039 2324 1248 2375 secundo,

226 2396 404 2448 speciale
428 2394 671 2447 exemplum
699 2394 743 2433 in
781 2393 894 2441 Elia,
931 2394 1141 2445 propheta·
1161 2394 1252 2434 exi-

227 2467 334 2517 mio;
356 2466 493 2516 tertio,
514 2465 560 2505 in
587 2465 739 2505 Elisaeo
760 2464 964 2516 discipulo
986 2464 1134 2516 ipsius.
1164 2465 1252 2506 Pri-

226 2548 346 2577 mum
367 2538 428 2576 est
448 2536 501 2576 ad
521 2534 876 2576 commovendum
894 2549 903 2584 3
928 2535 1177 2586 secundum,
1201 2535 1253 2576 ad

228 2605 558 2655 confutandum;
590 2605 784 2654 tertium,
815 2604 866 2644 ad
898 2605 1250 2646 confirmandum.

229 2676 428 2717 Generale
454 2676 587 2728 igitur
613 2675 888 2729 proverbium
920 2676 964 2715 in
1001 2677 1117 2717 omni
1154 2689 1251 2729 pro-

140 2775 163 2816 .
228 2747 356 2800 pheta
378 2749 419 2787 et,
448 2748 604 2800 populo
632 2746 865 2799 praemittit,
891 2758 988 2788 cum
1014 2746 1113 2786 dicit
1141 2760 1151 2788 :
1178 2748 1254 2790 Ait

230 2820 387 2867 autem,
411 2816 567 2857 scilieet
595 2816 783 2858 Christus
810 2831 818 2855 ε
851 2818 984 2858 Amen
1006 2816 1100 2859 dico
1121 2817 1252 2868 vobis,

108 2900 212 2925 Amen.
229 2887 272 2928 id
291 2890 366 2938 est,
398 2887 766 2936 certitudinaliter,
796 2887 896 2940 quia
925 2888 1058 2929 Amen
1077 2888 1255 2939 signum

232 2960 295 2998 est
324 2958 629 2999 affirmationis.
663 2957 714 2998 Et
743 2969 856 3007 vere,
893 2958 994 3010 quia
1031 2958 1139 2998 sicut
1166 2959 1256 3011 ipse

234 3028 351 3069 dicit⁵
373 3043 382 3070 :
411 3044 430 3067 (ι
455 3029 616 3069 Coelum
636 3031 676 3069 01
704 3030 817 3068 10110
840 3028 1101 3079 11·011511)11111;
1129 3030 1257 3070 verba

234 3100 376 3138 autem
402 3110 496 3139 mea
525 3111 613 3140 non
639 3098 933 3151 praeteribunt.
955 3113 973 3136 n
1003 3099 1111 3148 Quia
1138 3110 1256 3142 nemo

226 3166 434 3219 propheta
454 3172 647 3221 acceptus
667 3171 726 3210 est
750 3169 799 3210 in
822 3169 972 3220 patria
991 3179 1085 3219 sua,
1103 3170 1259 3210 scilicet

234 3249 312 3278 nec
341 3240 478 3290 quoad
506 3240 754 3291 doctrinam,
786 3252 863 3281 nec
886 3241 1024 3293 quoad
1047 3241 1191 3292 vitam,
1215 3242 1258 3282 in

278 3321 288 3341 ¹
307 3322 407 3361 Aug,
421 3320 459 3351 cle
478 3330 619 3353 consens.
638 3323 777 3363 Evanq„
795 3322 854 3353 lib.
874 3323 916 3362 11,
940 3332 968 3354 c.
995 3331 1068 3362 XXI,
1088 3333 1120 3354 n.
1144 3326 1194 3355 51.
1219 3341 1260 3347 —

234 3368 248 3389 ‘2
267 3367 384 3407 Eccli„
402 3375 472 3407 ΧΝ,
492 3370 566 3400 4.-
581 3370 617 3400 ³1
643 3370 738 3407 Tim„
762 3378 796 3408 V,
823 3371 897 3401 8.-
919 3370 929 3388 ⁴
951 3370 1070 3409 Eccli„
1089 3379 1181 3411 xvir,
1209 3375 1258 3404 12.

233 3430 276 3436 —
295 3414 308 3435 5
329 3413 461 3454 Matth„
482 3422 578 3453 xxw,
599 3416 649 3448 35.
670 3433 710 3440 --
739 3416 753 3438 6
774 3416 868 3455 Gen„
888 3424 951 3457 x11,
974 3420 1003 3448 1.
1024 3435 1064 3440 —
1081 3419 1090 3437 ⁷
1109 3419 1204 3455 Bed.,
1227 3419 1259 3450 z'n

237 3461 330 3501 Luc„
346 3461 403 3496 lib.
422 3461 515 3493 ll.-
532 3463 543 3481 ⁸
558 3463 665 3502 Joan.‚
682 3470 768 3502 xvn,
789 3464 839 3494 17.
859 3480 900 3487 —
919 3465 930 3483 ⁹
951 3464 1049 3506 ibid„
1069 3472 1144 3506 vni,
1166 3467 1259 3498 46.-

2245 181 2321 218 315

1304 275 1457 328 quibus
1481 272 1698 326 prophetae
1726 269 2039 312 consueverunt
2065 265 2219 307 habere
2250 278 2322 306 ex·-

1305 344 1553 386 cellentiam.
1590 342 1642 384 Et
1675 342 1768 383 ideo
1801 353 1887 381 non
1916 342 1979 380 est
2009 338 2187 387 mirum,
2223 336 2257 376 si
2282 337 2325 376 in

1305 416 1440 469 patria
1459 427 1535 455 sua
1553 425 1639 454 non
1660 413 1781 453 faciat
1807 409 2009 452 miracula
2024 440 2034 457 ‚
2056 419 2153 460 quae
2173 418 2249 459 pro
2269 405 2328 444 in-

1307 486 1438 537 gratis
1471 487 1511 525 et
1541 484 1730 535 indignis
1756 495 1842 523 non
1867 482 1965 522 sunt
1991 477 2193 520 facienda.
2221 475 2329 516 Huic

1308 555 1537 597 Salvatoris
1563 553 1788 607 proverbio
1807 552 1978 601 accedit,
2001 549 2114 603 quod
2131 547 2285 600 Joseph
2305 559 2330 586 a

1307 626 1507 667 fratribus
1524 625 1737 674 venditur,
1765 625 1817 665 ab
1850 622 2058 676 AEgyptiis
2078 621 2327 660 honoratur.

1309 698 1368 738 510
1386 696 1549 749 Moyses
1569 695 1620 735 ab
1641 696 1780 735 Aaron
1811 697 1852 735 et
1879 693 2009 734 Maria
2030 689 2330 732 contumeliam

1309 767 1480 820 patitur,
1509 768 1549 807 et
1572 778 1597 806 a
1625 765 1929 806 contribulibus
1966 764 2231 815 objurgatur.
2266 759 2332 800 Sic

1310 837 1563 878 Abrahama
1576 835 1862 888 compatriotis
1883 835 1926 874 in
1947 833 2140 875 Chaldaea
2157 831 2330 884 patitur;

1311 908 1421 949 unde
1441 907 1590 948 dicitur
1611 905 1671 946 016
1696 920 1705 947 :
1734 920 1753 944 c<
1773 904 1984 957 Egredere
2003 903 2053 944 de
2073 905 2183 942 terra
2202 904 2275 942 tua
2295 902 2336 941 01

1312 980 1362 1021 (10
1382 978 1633 1031 cognatione
1652 979 1739 1018 tua.
1761 991 1780 1014 >³
1808 976 2026 1017 Rationem
2044 975 2185 1014 autem
2205 972 2336 1023 huJus

1313 1051 1502 1102 assignat
1520 1049 1656 1090 Beda⁷
1684 1049 1727 1089 in
1745 1048 1885 1100 glossa
1906 1062 1915 1087 :
1944 1062 1962 1085 «
1983 1044 2130 1087 Caeteri
2155 1043 2334 1096 proplie-

1313 1124 1367 1162 tae
1387 1121 1573 1161 minores
1591 1120 1636 1160 in
1654 1120 1801 1172 patria,
1823 1129 1953 1171 quam
1981 1117 2026 1156 in
2049 1114 2204 1156 exteris
2233 1112 2336 1154 civi-

1314 1192 1469 1233 tatibus
1484 1191 1616 1231 habiti
1636 1192 1748 1240 sunt,
1764 1189 1864 1242 quia
1884 1185 2190 1241 propemodum
2211 1186 2334 1224 natu-

1315 1263 1402 1303 rale
1422 1264 1484 1302 est
1502 1262 1612 1301 cives
1639 1272 1805 1312 semper
1835 1259 1999 1300 civibus
2017 1256 2223 1297 invidere.
2248 1253 2340 1294 Non

1317 1333 1429 1373 enim
1451 1331 1714 1372 considerant
1742 1329 1966 1382 praesentia
1993 1327 2075 1368 viri
2095 1337 2248 1378 opera;
2270 1324 2341 1364 sed

1317 1403 1511 1455 fragilem
1540 1401 1814 1441 recordantur
1841 1398 2077 1446 infantiam,
2108 1395 2227 1448 quasi
2256 1406 2342 1434 11011

1319 1476 1359 1514 01
1378 1472 1457 1526 ipsi
1486 1484 1561 1524 per
1593 1471 1762 1512 eosdem
1788 1469 1923 1510 aetatis
1943 1467 2104 1521 gradus
2126 1466 2178 1507 ad
2205 1467 2343 1506 matu-

1319 1557 1411 1586 ram
1431 1546 1598 1585 aetatem
1617 1542 1824 1584 venerint.
1845 1556 1863 1579 n

1374 1615 1560 1668 Speciale
1589 1625 1691 1655 vero
1727 1612 1972 1665 exemplum
2004 1610 2049 1650 in
2088 1609 2179 1650 Elia
2215 1608 2346 1648 nobili

1321 1685 1525 1739 propheta
1557 1684 1774 1736 adiungit,
1810 1695 1907 1723 cum
1938 1681 2035 1722 dicit
2063 1681 2118 1733 (v.
2158 1680 2221 1731 025)
2253 1693 2262 1719 :
2297 1680 2348 1720 In

1320 1757 1499 1798 veritate
1532 1755 1628 1797 dico
1658 1755 1788 1796 vobis.
1810 1753 1823 1775 ⁸
1849 1769 1867 1792 (ι
1888 1751 2035 1793 Sermo
2060 1753 2160 1791 tuus
2192 1749 2348 1790 veritas

1322 1830 1395 1867 est.
1420 1841 1438 1863 »
1465 1825 1602 1866 Etiam
1622 1824 1843 1866 veritatem
1864 1823 2041 1873 dicebat,
2066 1821 2135 1862 cui
2154 1823 2243 1861 erat
2264 1832 2350 1860 cre-

1322 1896 1507 1937 dendum
1525 1926 1538 1945 ,
1576 1898 1616 1935 et
1655 1897 1798 1935 tamen
1839 1905 1925 1934 non
1961 1892 2198 1933 credebant.
2233 1890 2348 1931 Unde

1321 1966 1365 2006 in
1377 1966 1535 2008 Joanne
1553 1965 1604 2018 (a)
1616 1965 1629 1987 ⁹
1642 1977 1655 2005 .·
1676 1980 1694 2003 ((
1709 1964 1753 2005 Si
1766 1964 1985 2005 veritatem
2001 1962 2107 2013 dico,
2124 1973 2255 2014 quare
2267 1972 2351 2000 non

1323 2036 1489 2077 creditis
1510 2035 1642 2075 mihi?
1662 2049 1681 2072 ))
1707 2035 1758 2075 Et
1776 2035 1879 2075 illud
1903 2034 1974 2076 Job
1996 2033 2025 2059 ¹⁰
2044 2047 2059 2074 .·
2082 2047 2101 2070 «
2123 2031 2260 2081 Quare
2285 2031 2353 2072 de-

1322 2106 1510 2147 traxistis
1548 2106 1816 2146 sermonibus
1853 2104 2068 2154 veritatisj
2111 2117 2130 2140 »
2176 2105 2255 2143 010.
2302 2102 2353 2142 Et

1323 2178 1415 2218 haec
1434 2179 1495 2218 est
1514 2176 1671 2217 veritas
1687 2179 1814 2227 certa⁷
1832 2175 1930 2228 quia
1950 2174 2132 2215 sumitur
2151 2174 2202 2214 de
2217 2172 2353 2225 Scrip-

1324 2251 1434 2289 tura.
1457 2247 1575 2289 Unde
1604 2247 1802 2287 additur:
1833 2247 1976 2288 Mulcce
2003 2245 2146 2287 viduoe
2165 2248 2286 2286 erant
2304 2244 2353 2285 in

1325 2318 1473 2360 diebus
1492 2318 1597 2360 Elc'oe
1616 2319 1664 2359 in
1685 2317 1834 2367 Israel,
1857 2328 1952 2369 quae
1987 2316 2142 2356 scilieet
2166 2317 2285 2355 erant
2309 2314 2353 2353 in

1325 2388 1570 2429 necessitate
1589 2388 1842 2428 constitutae.
1864 2388 1889 2409 ¹¹
1916 2402 1934 2425 (ι
1952 2385 2239 2438 Multiplicatae
2256 2386 2353 2424 sunt

1326 2458 1432 2498 mihi
1469 2457 1610 2499 viduae
1648 2458 1740 2510 ejus
1775 2469 1901 2510 super
1937 2468 2110 2497 arenam
2144 2456 2287 2496 maris.
2328 2468 2347 2492 ›)

1325 2528 1455 2569 Erant
1508 2530 1650 2568 autem
1694 2528 1737 2567 in
1784 2527 2030 2568 necessitate
2087 2528 2322 2568 constitutae
2339 2560 2352 2579 ,

1326 2601 1496 2652 propter
1524 2599 1729 2639 desectum
1767 2598 1926 2650 pluviae
1965 2598 2166 2649 coelestis3
2199 2598 2312 2638 addit
2342 2613 2351 2639 z

1330 2669 1505 2717 Quando
1528 2669 1719 2711 clausum
1743 2673 1800 2711 esc
1828 2669 1971 2710 coelum
1999 2669 2128 2710 armis
2160 2669 2294 2710 tribus
2318 2674 2358 2712 cc

1327 2741 1544 2782 mensibus
1573 2750 1674 2789 sex,
1705 2739 1812 2780 sicut
1843 2740 2050 2780 Dominus
2077 2739 2358 2780 comminatus

1327 2813 1466 2853 fuerat
1487 2813 1515 2834 ¹²
1537 2824 1546 2852 :
1575 2827 1594 2850 (ι
1615 2811 1691 2852 Sin
1711 2814 1853 2851 01110111
1875 2823 1953 2851 1100
1974 2811 2032 2851 510
2060 2811 2311 2862 01)οὀ1011115,
2332 2826 2351 2848 »

1329 2887 1405 2924 etc.
1429 2883 1479 2924 Et
1494 2885 1636 2935 postea
1655 2896 1664 2923 ε
1693 2881 1840 2922 «Dabo
1860 2882 1982 2922 vobis
2001 2881 2155 2922 coelum
2177 2882 2358 2935 desuper

1329 2956 1438 2995 sicut
1454 2956 1651 2995 ferreum.
1668 2968 1686 2991 ›)
1707 2953 1758 2994 Et
1778 2953 1821 2992 in
1839 2953 2164 2995 Deuteronomio
2178 2953 2208 2976 ¹³
2226 2965 2239 2993 .·
2261 2968 2279 2991 α
2298 2953 2359 2993 Sit

1330 3026 1484 3067 coelum
1509 3025 1621 3078 quod
1642 3036 1771 3077 supra
1791 3027 1831 3064 te
1845 3026 1919 3074 est,
1944 3035 2114 3064 aeneum
2138 3038 2146 3064 ;
2170 3026 2211 3064 01
2227 3026 2354 3074 10110,

1330 3109 1460 3150 quam
1472 3096 1619 3145 calcas,
1638 3095 1787 3135 ferrea.
1804 3109 1823 3132 ))
1840 3094 1891 3135 Ε1
1908 3094 1967 3134 510
1983 3094 2141 3135 factum
2160 3096 2221 3134 est
2238 3106 2358 3146 prop-

1330 3170 1395 3208 ter
1419 3169 1586 3220 peecata
1622 3177 1787 3206 eorum.
1822 3164 1940 3205 Unde
1971 3164 2017 3204 in
2048 3164 2264 3206 Hieremia
2291 3163 2320 3188 ¹⁵
2342 3174 2357 3202 :

1337 3255 1352 3273 «
1375 3237 1565 3279 Polluisti
1585 3239 1741 3278 terram
1770 3236 1814 3276 in
1831 3235 2178 3277 fornicationibus
2197 3234 2292 3284 tuis,
2318 3235 2359 3273 et

1334 3361 1359 3382 ¹⁰
1377 3361 1446 3398 Joh,
1475 3369 1520 3401 VI,
1541 3362 1593 3392 25.
1614 3378 1653 3383 —
1677 3359 1698 3379 ¹¹
1725 3360 1858 3399 Jerem„
1882 3370 1941 3399 xv,
1967 3362 1997 3391 8.
2018 3377 2059 3383 —
2081 3358 2104 3378 '²
2123 3358 2243 3394 Levz't„
2263 3364 2359 3397 xxvi,

1335 3410 1385 3446 18,
1406 3409 1506 3440 19.—
1529 3408 1552 3428 ¹³
1574 3408 1683 3443 Dent„
1699 3414 1825 3448 xxvm,
1843 3409 1942 3442 23.—-
1965 3407 1991 3430 ¹⁸
2007 3407 2139 3446 «lercha,
2163 3412 2214 3444 111,
2233 3406 2265 3444 2,
2286 3406 2315 3436 3.

1375 3465 1418 3507 (a)
1440 3466 1520 3504 Caet.
1541 3465 1620 3500 edit.
1639 3466 1803 3498 Joannes.
