<?xml version="1.0" encoding="UTF-8"?>
<!DOCTYPE html PUBLIC "-//W3C//DTD XHTML 1.0 Transitional//EN"
    "http://www.w3.org/TR/xhtml1/DTD/xhtml1-transitional.dtd">
<html xmlns="http://www.w3.org/1999/xhtml" xml:lang="en" lang="en">
 <head>
  <title>
</title>
<meta http-equiv="Content-Type" content="text/html;charset=utf-8" />
  <meta name='ocr-system' content='tesseract 3.04.00' />
  <meta name='ocr-capabilities' content='ocr_page ocr_carea ocr_par ocr_line ocrx_word'/>
</head>
<body>
  <div class='ocr_page' id='page_1' title='image "./operaomniasixtiv10bonauoft/operaomniasixtiv10bonauoft_0315.png"; bbox 0 0 2634 3853; ppageno 0'>
   <div class='ocr_carea' id='block_1_1' title="bbox 997 133 1595 177">
    <p class='ocr_par' dir='ltr' id='par_1_1' title="bbox 997 133 1595 177">
     <span class='ocr_line' id='line_1_1' title="bbox 997 133 1595 177; baseline -0.003 -1"><span class='ocrx_word' id='word_1_1' title='bbox 997 135 1268 177; x_wconf 88' lang='lat' dir='ltr'><strong>EXPOSITIO</strong></span> <span class='ocrx_word' id='word_1_2' title='bbox 1299 135 1352 176; x_wconf 73' lang='grc' dir='ltr'>ΙΝ</span> <span class='ocrx_word' id='word_1_3' title='bbox 1380 133 1495 177; x_wconf 88' lang='lat' dir='ltr'>CAP.</span> <span class='ocrx_word' id='word_1_4' title='bbox 1526 135 1595 175; x_wconf 85' lang='grc' dir='ltr'><strong>ΙΙΙ.</strong></span> 
     </span>
    </p>
   </div>
   <div class='ocr_carea' id='block_1_2' title="bbox 226 225 1258 3267">
    <p class='ocr_par' dir='ltr' id='par_1_2' title="bbox 233 225 1258 483">
     <span class='ocr_line' id='line_1_2' title="bbox 237 225 1255 275; baseline -0.008 -2"><span class='ocrx_word' id='word_1_5' title='bbox 237 229 550 273; x_wconf 82' lang='lat' dir='ltr'>consonantiam</span> <span class='ocrx_word' id='word_1_6' title='bbox 587 228 722 269; x_wconf 87' lang='lat' dir='ltr'>laudis</span> <span class='ocrx_word' id='word_1_7' title='bbox 743 229 755 250; x_wconf 87' lang='lat'><strong>¹</strong></span> <span class='ocrx_word' id='word_1_8' title='bbox 781 242 790 269; x_wconf 90' lang='lat'><strong>:</strong></span> <span class='ocrx_word' id='word_1_9' title='bbox 832 241 851 265; x_wconf 75' lang='grc' dir='ltr'>α</span> <span class='ocrx_word' id='word_1_10' title='bbox 881 225 1027 267; x_wconf 84' lang='lat' dir='ltr'>Salvos</span> <span class='ocrx_word' id='word_1_11' title='bbox 1059 236 1136 265; x_wconf 89' lang='lat' dir='ltr'>nos</span> <span class='ocrx_word' id='word_1_12' title='bbox 1160 225 1225 265; x_wconf 82' lang='lat' dir='ltr'>fac</span> <span class='ocrx_word' id='word_1_13' title='bbox 1242 257 1255 275; x_wconf 85' lang='lat'>,</span> 
     </span>
     <span class='ocr_line' id='line_1_3' title="bbox 236 296 1258 350; baseline -0.009 -6"><span class='ocrx_word' id='word_1_14' title='bbox 236 302 408 345; x_wconf 80' lang='lat' dir='ltr'>Domine</span> <span class='ocrx_word' id='word_1_15' title='bbox 442 300 551 341; x_wconf 88' lang='lat' dir='ltr'>Deus</span> <span class='ocrx_word' id='word_1_16' title='bbox 579 302 749 350; x_wconf 89' lang='lat' dir='ltr'>noster,</span> <span class='ocrx_word' id='word_1_17' title='bbox 780 300 821 339; x_wconf 89' lang='lat' dir='ltr'>et</span> <span class='ocrx_word' id='word_1_18' title='bbox 848 309 1065 350; x_wconf 88' lang='lat' dir='ltr'>congrega</span> <span class='ocrx_word' id='word_1_19' title='bbox 1099 308 1177 337; x_wconf 88' lang='lat' dir='ltr'>nos</span> <span class='ocrx_word' id='word_1_20' title='bbox 1206 296 1258 336; x_wconf 88' lang='lat' dir='ltr'>de</span> 
     </span>
     <span class='ocr_line' id='line_1_4' title="bbox 234 367 1256 421; baseline -0.006 -9"><span class='ocrx_word' id='word_1_21' title='bbox 234 371 496 421; x_wconf 88' lang='lat' dir='ltr'>nationibus,</span> <span class='ocrx_word' id='word_1_22' title='bbox 525 373 575 411; x_wconf 88' lang='lat' dir='ltr'>ut</span> <span class='ocrx_word' id='word_1_23' title='bbox 602 371 881 411; x_wconf 86' lang='lat' dir='ltr'>confiteamur</span> <span class='ocrx_word' id='word_1_24' title='bbox 919 367 1083 409; x_wconf 87' lang='lat' dir='ltr'>nomini</span> <span class='ocrx_word' id='word_1_25' title='bbox 1114 370 1256 407; x_wconf 87' lang='lat' dir='ltr'>sancto</span> 
     </span>
     <span class='ocr_line' id='line_1_5' title="bbox 233 445 368 483; baseline -0.007 0"><span class='ocrx_word' id='word_1_26' title='bbox 233 445 324 483; x_wconf 84' lang='lat' dir='ltr'>tuo.</span> <span class='ocrx_word' id='word_1_27' title='bbox 348 456 368 479; x_wconf 90' lang='lat'>»</span> 
     </span>
    </p>

    <p class='ocr_par' dir='ltr' id='par_1_3' title="bbox 228 509 1257 1344">
     <span class='ocr_line' id='line_1_6' title="bbox 286 509 1253 564; baseline -0.002 -12"><span class='ocrx_word' id='word_1_28' title='bbox 286 512 357 552; x_wconf 92' lang='lat'>18.</span> <span class='ocrx_word' id='word_1_29' title='bbox 402 512 541 554; x_wconf 80' lang='lat' dir='ltr'>Multa</span> <span class='ocrx_word' id='word_1_30' title='bbox 589 511 758 564; x_wconf 76' lang='lat' dir='ltr'>quidem</span> <span class='ocrx_word' id='word_1_31' title='bbox 799 514 835 553; x_wconf 77' lang='lat' dir='ltr'>et</span> <span class='ocrx_word' id='word_1_32' title='bbox 876 510 965 552; x_wconf 79' lang='lat' dir='ltr'>alia</span> <span class='ocrx_word' id='word_1_33' title='bbox 1003 509 1253 560; x_wconf 75' lang='lat' dir='ltr'>exhortans,</span> 
     </span>
     <span class='ocr_line' id='line_1_7' title="bbox 231 581 1257 636; baseline -0.004 -11"><span class='ocrx_word' id='word_1_34' title='bbox 231 582 554 636; x_wconf 72' lang='lat' dir='ltr'>evanqelizabat</span> <span class='ocrx_word' id='word_1_35' title='bbox 584 614 597 633; x_wconf 84' lang='lat'>,</span> <span class='ocrx_word' id='word_1_36' title='bbox 639 585 715 623; x_wconf 90' lang='lat' dir='ltr'>etc.</span> <span class='ocrx_word' id='word_1_37' title='bbox 767 582 903 634; x_wconf 87' lang='lat' dir='ltr'>Supra</span> <span class='ocrx_word' id='word_1_38' title='bbox 944 581 1257 621; x_wconf 85' lang='lat' dir='ltr'>commendavit</span> 
     </span>
     <span class='ocr_line' id='line_1_8' title="bbox 230 652 1256 707; baseline -0.003 -12"><span class='ocrx_word' id='word_1_39' title='bbox 230 654 577 707; x_wconf 69' lang='lat' dir='ltr'>praedicationem</span> <span class='ocrx_word' id='word_1_40' title='bbox 594 652 765 694; x_wconf 86' lang='lat' dir='ltr'>Joannis</span> <span class='ocrx_word' id='word_1_41' title='bbox 784 653 828 691; x_wconf 87' lang='lat' dir='ltr'>in</span> <span class='ocrx_word' id='word_1_42' title='bbox 856 652 1169 704; x_wconf 88' lang='lat' dir='ltr'>comparatione</span> <span class='ocrx_word' id='word_1_43' title='bbox 1204 652 1256 692; x_wconf 91' lang='lat' dir='ltr'>ad</span> 
     </span>
     <span class='ocr_line' id='line_1_9' title="bbox 230 722 1252 778; baseline -0.005 -11"><span class='ocrx_word' id='word_1_44' title='bbox 230 725 491 778; x_wconf 80' lang='lat' dir='ltr'>exigentiam</span> <span class='ocrx_word' id='word_1_45' title='bbox 510 723 676 777; x_wconf 89' lang='lat' dir='ltr'>populi,</span> <span class='ocrx_word' id='word_1_46' title='bbox 699 726 740 764; x_wconf 88' lang='lat' dir='ltr'>et</span> <span class='ocrx_word' id='word_1_47' title='bbox 759 723 1050 763; x_wconf 89' lang='lat' dir='ltr'>excellentiam</span> <span class='ocrx_word' id='word_1_48' title='bbox 1071 722 1221 762; x_wconf 81' lang='lat' dir='ltr'>Christi</span> <span class='ocrx_word' id='word_1_49' title='bbox 1242 736 1252 773; x_wconf 78' lang='lat'><em>3</em></span> 
     </span>
     <span class='ocr_line' id='line_1_10' title="bbox 231 793 1255 848; baseline -0.003 -11"><span class='ocrx_word' id='word_1_50' title='bbox 231 797 276 837; x_wconf 91' lang='lat' dir='ltr'>in</span> <span class='ocrx_word' id='word_1_51' title='bbox 303 796 384 837; x_wconf 88' lang='lat' dir='ltr'>hac</span> <span class='ocrx_word' id='word_1_52' title='bbox 413 798 530 848; x_wconf 88' lang='lat' dir='ltr'>parte</span> <span class='ocrx_word' id='word_1_53' title='bbox 567 794 833 835; x_wconf 76' lang='lat' dir='ltr'>commendat</span> <span class='ocrx_word' id='word_1_54' title='bbox 864 793 909 833; x_wconf 90' lang='lat' dir='ltr'>in</span> <span class='ocrx_word' id='word_1_55' title='bbox 943 793 1255 845; x_wconf 84' lang='lat' dir='ltr'>comparatione</span> 
     </span>
     <span class='ocr_line' id='line_1_11' title="bbox 230 864 1256 920; baseline -0.005 -12"><span class='ocrx_word' id='word_1_56' title='bbox 230 867 282 908; x_wconf 88' lang='lat' dir='ltr'>ad</span> <span class='ocrx_word' id='word_1_57' title='bbox 300 867 520 920; x_wconf 89' lang='lat' dir='ltr'>perfidiam</span> <span class='ocrx_word' id='word_1_58' title='bbox 539 865 723 918; x_wconf 80' lang='lat' dir='ltr'>tyranni.</span> <span class='ocrx_word' id='word_1_59' title='bbox 755 864 802 904; x_wconf 85' lang='lat' dir='ltr'>ln</span> <span class='ocrx_word' id='word_1_60' title='bbox 823 877 906 916; x_wconf 86' lang='lat' dir='ltr'>qua</span> <span class='ocrx_word' id='word_1_61' title='bbox 925 864 1121 904; x_wconf 88' lang='lat' dir='ltr'>laudatur</span> <span class='ocrx_word' id='word_1_62' title='bbox 1148 865 1256 916; x_wconf 84' lang='lat' dir='ltr'>ejus-</span> 
     </span>
     <span class='ocr_line' id='line_1_12' title="bbox 230 935 1255 991; baseline -0.003 -11"><span class='ocrx_word' id='word_1_63' title='bbox 230 940 325 980; x_wconf 89' lang='lat' dir='ltr'>dem</span> <span class='ocrx_word' id='word_1_64' title='bbox 344 937 558 991; x_wconf 86' lang='lat' dir='ltr'>patientia,</span> <span class='ocrx_word' id='word_1_65' title='bbox 578 936 677 988; x_wconf 88' lang='lat' dir='ltr'>quia</span> <span class='ocrx_word' id='word_1_66' title='bbox 699 939 713 959; x_wconf 74' lang='lat'><strong>²</strong></span> <span class='ocrx_word' id='word_1_67' title='bbox 740 951 759 974; x_wconf 74' lang='grc' dir='ltr'>α</span> <span class='ocrx_word' id='word_1_68' title='bbox 778 935 967 976; x_wconf 90' lang='lat' dir='ltr'>doctrina</span> <span class='ocrx_word' id='word_1_69' title='bbox 988 935 1069 976; x_wconf 86' lang='lat' dir='ltr'>viri</span> <span class='ocrx_word' id='word_1_70' title='bbox 1087 949 1161 989; x_wconf 90' lang='lat' dir='ltr'>per</span> <span class='ocrx_word' id='word_1_71' title='bbox 1180 950 1255 989; x_wconf 87' lang='lat' dir='ltr'>pa-</span> 
     </span>
     <span class='ocr_line' id='line_1_13' title="bbox 229 1006 1254 1060; baseline -0.003 -10"><span class='ocrx_word' id='word_1_72' title='bbox 229 1009 417 1050; x_wconf 87' lang='lat' dir='ltr'>tientiam</span> <span class='ocrx_word' id='word_1_73' title='bbox 437 1007 642 1048; x_wconf 88' lang='lat' dir='ltr'>noscitur.</span> <span class='ocrx_word' id='word_1_74' title='bbox 659 1020 677 1044; x_wconf 79' lang='lat'>›)</span> <span class='ocrx_word' id='word_1_75' title='bbox 702 1006 749 1046; x_wconf 91' lang='lat' dir='ltr'>ln</span> <span class='ocrx_word' id='word_1_76' title='bbox 762 1007 841 1046; x_wconf 91' lang='lat' dir='ltr'>hac</span> <span class='ocrx_word' id='word_1_77' title='bbox 861 1018 964 1058; x_wconf 87' lang='lat' dir='ltr'>ergo</span> <span class='ocrx_word' id='word_1_78' title='bbox 984 1011 1101 1059; x_wconf 85' lang='lat' dir='ltr'>parte</span> <span class='ocrx_word' id='word_1_79' title='bbox 1116 1008 1254 1060; x_wconf 88' lang='lat' dir='ltr'>primo</span> 
     </span>
     <span class='ocr_line' id='line_1_14' title="bbox 229 1077 1254 1131; baseline -0.002 -10"><span class='ocrx_word' id='word_1_80' title='bbox 229 1079 512 1121; x_wconf 82' lang='lat' dir='ltr'>introducitur</span> <span class='ocrx_word' id='word_1_81' title='bbox 554 1079 734 1120; x_wconf 77' lang='lat' dir='ltr'>Joannes</span> <span class='ocrx_word' id='word_1_82' title='bbox 772 1077 1002 1118; x_wconf 86' lang='lat' dir='ltr'>exhortans</span> <span class='ocrx_word' id='word_1_83' title='bbox 1047 1079 1254 1131; x_wconf 88' lang='lat' dir='ltr'>populum</span> 
     </span>
     <span class='ocr_line' id='line_1_15' title="bbox 230 1149 1254 1202; baseline -0.002 -10"><span class='ocrx_word' id='word_1_84' title='bbox 230 1151 517 1200; x_wconf 82' lang='lat' dir='ltr'>obedientem3</span> <span class='ocrx_word' id='word_1_85' title='bbox 541 1150 745 1199; x_wconf 91' lang='lat' dir='ltr'>secundo,</span> <span class='ocrx_word' id='word_1_86' title='bbox 769 1149 999 1202; x_wconf 89' lang='lat' dir='ltr'>corripiens</span> <span class='ocrx_word' id='word_1_87' title='bbox 1019 1149 1254 1202; x_wconf 78' lang='lat' dir='ltr'>principem</span> 
     </span>
     <span class='ocr_line' id='line_1_16' title="bbox 228 1221 1251 1274; baseline -0.001 -12"><span class='ocrx_word' id='word_1_88' title='bbox 228 1221 581 1274; x_wconf 87' lang='lat' dir='ltr'>praevaricantem</span> <span class='ocrx_word' id='word_1_89' title='bbox 600 1234 610 1272; x_wconf 93' lang='lat'>;</span> <span class='ocrx_word' id='word_1_90' title='bbox 632 1221 780 1272; x_wconf 86' lang='lat' dir='ltr'>tertio,</span> <span class='ocrx_word' id='word_1_91' title='bbox 813 1221 1025 1261; x_wconf 87' lang='lat' dir='ltr'>sustinens</span> <span class='ocrx_word' id='word_1_92' title='bbox 1053 1222 1251 1263; x_wconf 85' lang='lat' dir='ltr'>adversa-</span> 
     </span>
     <span class='ocr_line' id='line_1_17' title="bbox 228 1291 702 1344; baseline -0.002 -12"><span class='ocrx_word' id='word_1_93' title='bbox 228 1292 341 1332; x_wconf 91' lang='lat' dir='ltr'>rium</span> <span class='ocrx_word' id='word_1_94' title='bbox 362 1291 702 1344; x_wconf 83' lang='lat' dir='ltr'>persequentem.</span> 
     </span>
    </p>

    <p class='ocr_par' dir='ltr' id='par_1_4' title="bbox 226 1362 1254 3267">
     <span class='ocr_line' id='line_1_18' title="bbox 282 1362 1254 1416; baseline 0.002 -15"><span class='ocrx_word' id='word_1_95' title='bbox 282 1362 498 1410; x_wconf 86' lang='lat' dir='ltr'>Quantum</span> <span class='ocrx_word' id='word_1_96' title='bbox 526 1374 630 1413; x_wconf 84' lang='lat' dir='ltr'>ergo</span> <span class='ocrx_word' id='word_1_97' title='bbox 662 1362 714 1402; x_wconf 86' lang='lat' dir='ltr'>ad</span> <span class='ocrx_word' id='word_1_98' title='bbox 745 1362 1083 1402; x_wconf 80' lang='lat' dir='ltr'>exhortationem</span> <span class='ocrx_word' id='word_1_99' title='bbox 1110 1364 1254 1416; x_wconf 87' lang='lat' dir='ltr'>populi</span> 
     </span>
     <span class='ocr_line' id='line_1_19' title="bbox 228 1432 1254 1485; baseline 0 -11"><span class='ocrx_word' id='word_1_100' title='bbox 228 1433 484 1484; x_wconf 84' lang='lat' dir='ltr'>obedientis,</span> <span class='ocrx_word' id='word_1_101' title='bbox 516 1433 667 1473; x_wconf 90' lang='lat' dir='ltr'>dicitur</span> <span class='ocrx_word' id='word_1_102' title='bbox 696 1444 705 1472; x_wconf 92' lang='lat'><strong>:</strong></span> <span class='ocrx_word' id='word_1_103' title='bbox 729 1432 868 1475; x_wconf 76' lang='lat' dir='ltr'>Multa</span> <span class='ocrx_word' id='word_1_104' title='bbox 899 1433 1073 1485; x_wconf 72' lang='lat' dir='ltr'>quidem</span> <span class='ocrx_word' id='word_1_105' title='bbox 1100 1439 1137 1476; x_wconf 79' lang='lat' dir='ltr'>ei</span> <span class='ocrx_word' id='word_1_106' title='bbox 1164 1434 1254 1475; x_wconf 76' lang='lat' dir='ltr'>alia</span> 
     </span>
     <span class='ocr_line' id='line_1_20' title="bbox 229 1503 1251 1556; baseline -0.002 -10"><span class='ocrx_word' id='word_1_107' title='bbox 229 1504 489 1555; x_wconf 71' lang='lat' dir='ltr'>exhortans,</span> <span class='ocrx_word' id='word_1_108' title='bbox 523 1503 843 1556; x_wconf 74' lang='lat' dir='ltr'>evanqelizabat</span> <span class='ocrx_word' id='word_1_109' title='bbox 873 1504 1042 1556; x_wconf 73' lang='lat' dir='ltr'>populo.</span> <span class='ocrx_word' id='word_1_110' title='bbox 1074 1504 1154 1544; x_wconf 85' lang='lat' dir='ltr'>Sed</span> <span class='ocrx_word' id='word_1_111' title='bbox 1190 1508 1251 1545; x_wconf 87' lang='lat' dir='ltr'>ta-</span> 
     </span>
     <span class='ocr_line' id='line_1_21' title="bbox 228 1575 1253 1627; baseline -0.001 -11"><span class='ocrx_word' id='word_1_112' title='bbox 228 1587 328 1616; x_wconf 88' lang='lat' dir='ltr'>men</span> <span class='ocrx_word' id='word_1_113' title='bbox 350 1575 495 1617; x_wconf 80' lang='lat' dir='ltr'>omnia</span> <span class='ocrx_word' id='word_1_114' title='bbox 519 1578 638 1616; x_wconf 89' lang='lat' dir='ltr'>erant</span> <span class='ocrx_word' id='word_1_115' title='bbox 663 1576 715 1615; x_wconf 88' lang='lat' dir='ltr'>ad</span> <span class='ocrx_word' id='word_1_116' title='bbox 735 1575 895 1615; x_wconf 85' lang='lat' dir='ltr'>bonum</span> <span class='ocrx_word' id='word_1_117' title='bbox 916 1578 930 1599; x_wconf 82' lang='lat'><strong>³</strong></span> <span class='ocrx_word' id='word_1_118' title='bbox 952 1590 960 1615; x_wconf 91' lang='lat'>:</span> <span class='ocrx_word' id='word_1_119' title='bbox 992 1591 1009 1613; x_wconf 70' lang='grc' dir='ltr'>ι(</span> <span class='ocrx_word' id='word_1_120' title='bbox 1029 1575 1253 1627; x_wconf 68' lang='lat' dir='ltr'>AdJ&#39;uvan-</span> 
     </span>
     <span class='ocr_line' id='line_1_22' title="bbox 228 1646 1253 1698; baseline -0.002 -10"><span class='ocrx_word' id='word_1_121' title='bbox 228 1650 291 1688; x_wconf 83' lang='lat' dir='ltr'>tes</span> <span class='ocrx_word' id='word_1_122' title='bbox 310 1647 609 1696; x_wconf 81' lang='lat' dir='ltr'>exhortamur,</span> <span class='ocrx_word' id='word_1_123' title='bbox 631 1658 684 1686; x_wconf 88' lang='lat' dir='ltr'>ne</span> <span class='ocrx_word' id='word_1_124' title='bbox 708 1646 752 1686; x_wconf 92' lang='lat' dir='ltr'>in</span> <span class='ocrx_word' id='word_1_125' title='bbox 774 1658 958 1686; x_wconf 85' lang='lat' dir='ltr'>vacuum</span> <span class='ocrx_word' id='word_1_126' title='bbox 979 1647 1161 1698; x_wconf 78' lang='lat' dir='ltr'>gratiam</span> <span class='ocrx_word' id='word_1_127' title='bbox 1181 1647 1253 1687; x_wconf 83' lang='lat' dir='ltr'>Dei</span> 
     </span>
     <span class='ocr_line' id='line_1_23' title="bbox 228 1717 1248 1771; baseline -0.001 -12"><span class='ocrx_word' id='word_1_128' title='bbox 228 1719 434 1771; x_wconf 87' lang='lat' dir='ltr'>recipiatis</span> <span class='ocrx_word' id='word_1_129' title='bbox 449 1750 459 1767; x_wconf 93' lang='lat'>‚</span> <span class='ocrx_word' id='word_1_130' title='bbox 481 1732 499 1755; x_wconf 85' lang='lat'>»</span> <span class='ocrx_word' id='word_1_131' title='bbox 533 1720 611 1758; x_wconf 86' lang='lat' dir='ltr'>etc.</span> <span class='ocrx_word' id='word_1_132' title='bbox 644 1717 695 1758; x_wconf 89' lang='lat' dir='ltr'>Et</span> <span class='ocrx_word' id='word_1_133' title='bbox 723 1717 781 1758; x_wconf 71' lang='grc' dir='ltr'>(ιιι</span> <span class='ocrx_word' id='word_1_134' title='bbox 805 1718 1187 1760; x_wconf 73' lang='lat' dir='ltr'>Thessalonicenses</span> <span class='ocrx_word' id='word_1_135' title='bbox 1207 1719 1219 1739; x_wconf 92' lang='lat'>¹·</span> <span class='ocrx_word' id='word_1_136' title='bbox 1241 1734 1248 1758; x_wconf 90' lang='lat'><strong>:</strong></span> 
     </span>
     <span class='ocr_line' id='line_1_24' title="bbox 235 1788 1254 1841; baseline 0 -12"><span class='ocrx_word' id='word_1_137' title='bbox 235 1806 254 1829; x_wconf 72' lang='grc' dir='ltr'>(ι</span> <span class='ocrx_word' id='word_1_138' title='bbox 280 1790 526 1831; x_wconf 83' lang='lat' dir='ltr'>Exhortatio</span> <span class='ocrx_word' id='word_1_139' title='bbox 557 1791 700 1829; x_wconf 89' lang='lat' dir='ltr'>nostra</span> <span class='ocrx_word' id='word_1_140' title='bbox 729 1800 815 1829; x_wconf 88' lang='lat' dir='ltr'>non</span> <span class='ocrx_word' id='word_1_141' title='bbox 848 1788 898 1829; x_wconf 88' lang='lat' dir='ltr'>de</span> <span class='ocrx_word' id='word_1_142' title='bbox 927 1801 1090 1838; x_wconf 87' lang='lat' dir='ltr'>errore,</span> <span class='ocrx_word' id='word_1_143' title='bbox 1115 1802 1254 1841; x_wconf 81' lang='lat' dir='ltr'>neque</span> 
     </span>
     <span class='ocr_line' id='line_1_25' title="bbox 228 1860 1254 1913; baseline -0.002 -10"><span class='ocrx_word' id='word_1_144' title='bbox 228 1862 279 1903; x_wconf 93' lang='lat' dir='ltr'>de</span> <span class='ocrx_word' id='word_1_145' title='bbox 309 1861 605 1912; x_wconf 85' lang='lat' dir='ltr'>immunditia,</span> <span class='ocrx_word' id='word_1_146' title='bbox 639 1873 775 1913; x_wconf 84' lang='lat' dir='ltr'>neque</span> <span class='ocrx_word' id='word_1_147' title='bbox 807 1860 851 1900; x_wconf 89' lang='lat' dir='ltr'>in</span> <span class='ocrx_word' id='word_1_148' title='bbox 882 1861 1013 1910; x_wconf 86' lang='lat' dir='ltr'>idolo;</span> <span class='ocrx_word' id='word_1_149' title='bbox 1042 1861 1113 1901; x_wconf 83' lang='lat' dir='ltr'>sed</span> <span class='ocrx_word' id='word_1_150' title='bbox 1147 1861 1254 1901; x_wconf 90' lang='lat' dir='ltr'>sicut</span> 
     </span>
     <span class='ocr_line' id='line_1_26' title="bbox 227 1932 1253 1986; baseline -0.002 -13"><span class='ocrx_word' id='word_1_151' title='bbox 227 1933 390 1986; x_wconf 88' lang='lat' dir='ltr'>probati</span> <span class='ocrx_word' id='word_1_152' title='bbox 423 1944 572 1973; x_wconf 86' lang='lat' dir='ltr'>sumus</span> <span class='ocrx_word' id='word_1_153' title='bbox 591 1944 615 1973; x_wconf 91' lang='lat' dir='ltr'>a</span> <span class='ocrx_word' id='word_1_154' title='bbox 643 1932 746 1981; x_wconf 89' lang='lat' dir='ltr'>Deo,</span> <span class='ocrx_word' id='word_1_155' title='bbox 779 1934 827 1972; x_wconf 85' lang='lat' dir='ltr'>ut</span> <span class='ocrx_word' id='word_1_156' title='bbox 858 1932 1100 1972; x_wconf 82' lang='lat' dir='ltr'>crederetur</span> <span class='ocrx_word' id='word_1_157' title='bbox 1130 1932 1253 1972; x_wconf 89' lang='lat' dir='ltr'>nobis</span> 
     </span>
     <span class='ocr_line' id='line_1_27' title="bbox 227 2002 1252 2057; baseline 0 -12"><span class='ocrx_word' id='word_1_158' title='bbox 227 2003 515 2057; x_wconf 87' lang='lat' dir='ltr'>evangelium.</span> <span class='ocrx_word' id='word_1_159' title='bbox 541 2019 560 2042; x_wconf 94' lang='lat'>»</span> <span class='ocrx_word' id='word_1_160' title='bbox 583 2002 633 2044; x_wconf 88' lang='lat' dir='ltr'>Et</span> <span class='ocrx_word' id='word_1_161' title='bbox 652 2003 758 2044; x_wconf 91' lang='lat' dir='ltr'>ratio</span> <span class='ocrx_word' id='word_1_162' title='bbox 776 2002 971 2043; x_wconf 82' lang='lat' dir='ltr'>subditur</span> <span class='ocrx_word' id='word_1_163' title='bbox 989 2015 998 2043; x_wconf 91' lang='lat'><strong>:</strong></span> <span class='ocrx_word' id='word_1_164' title='bbox 1019 2003 1252 2056; x_wconf 70' lang='lat' dir='ltr'>Evanqeli-</span> 
     </span>
     <span class='ocr_line' id='line_1_28' title="bbox 228 2074 1252 2126; baseline -0.002 -8"><span class='ocrx_word' id='word_1_165' title='bbox 228 2075 358 2118; x_wconf 80' lang='lat' dir='ltr'>zabat</span> <span class='ocrx_word' id='word_1_166' title='bbox 372 2107 382 2126; x_wconf 93' lang='lat'>,</span> <span class='ocrx_word' id='word_1_167' title='bbox 405 2075 448 2115; x_wconf 91' lang='lat' dir='ltr'>id</span> <span class='ocrx_word' id='word_1_168' title='bbox 467 2077 555 2125; x_wconf 89' lang='lat' dir='ltr'>est,</span> <span class='ocrx_word' id='word_1_169' title='bbox 577 2075 688 2115; x_wconf 90' lang='lat' dir='ltr'>bona</span> <span class='ocrx_word' id='word_1_170' title='bbox 707 2074 987 2114; x_wconf 85' lang='lat' dir='ltr'>annuntiabat</span> <span class='ocrx_word' id='word_1_171' title='bbox 1005 2074 1018 2095; x_wconf 70' lang='lat'>⁵</span> <span class='ocrx_word' id='word_1_172' title='bbox 1041 2088 1047 2113; x_wconf 94' lang='lat'>:</span> <span class='ocrx_word' id='word_1_173' title='bbox 1080 2090 1099 2112; x_wconf 91' lang='lat'>«</span> <span class='ocrx_word' id='word_1_174' title='bbox 1119 2074 1252 2123; x_wconf 84' lang='lat' dir='ltr'>Quam</span> 
     </span>
     <span class='ocr_line' id='line_1_29' title="bbox 227 2145 1252 2200; baseline -0.002 -13"><span class='ocrx_word' id='word_1_175' title='bbox 227 2146 394 2200; x_wconf 88' lang='lat' dir='ltr'>pulchri</span> <span class='ocrx_word' id='word_1_176' title='bbox 424 2158 551 2199; x_wconf 88' lang='lat' dir='ltr'>super</span> <span class='ocrx_word' id='word_1_177' title='bbox 590 2147 755 2186; x_wconf 90' lang='lat' dir='ltr'>montes</span> <span class='ocrx_word' id='word_1_178' title='bbox 793 2145 919 2197; x_wconf 90' lang='lat' dir='ltr'>pedes</span> <span class='ocrx_word' id='word_1_179' title='bbox 957 2145 1252 2186; x_wconf 90' lang='lat' dir='ltr'>annuntiantis</span> 
     </span>
     <span class='ocr_line' id='line_1_30' title="bbox 226 2216 1254 2271; baseline -0.002 -12"><span class='ocrx_word' id='word_1_180' title='bbox 226 2221 268 2260; x_wconf 88' lang='lat' dir='ltr'>et</span> <span class='ocrx_word' id='word_1_181' title='bbox 301 2217 567 2271; x_wconf 85' lang='lat' dir='ltr'>praedicantis</span> <span class='ocrx_word' id='word_1_182' title='bbox 603 2228 750 2270; x_wconf 89' lang='lat' dir='ltr'>pacem</span> <span class='ocrx_word' id='word_1_183' title='bbox 781 2248 793 2267; x_wconf 88' lang='lat'>,</span> <span class='ocrx_word' id='word_1_184' title='bbox 845 2216 1141 2257; x_wconf 87' lang='lat' dir='ltr'>annuntiantis</span> <span class='ocrx_word' id='word_1_185' title='bbox 1178 2217 1254 2257; x_wconf 90' lang='lat' dir='ltr'>bo-</span> 
     </span>
     <span class='ocr_line' id='line_1_31' title="bbox 226 2286 1250 2341; baseline -0.003 -11"><span class='ocrx_word' id='word_1_186' title='bbox 226 2301 352 2340; x_wconf 91' lang='lat' dir='ltr'>num,</span> <span class='ocrx_word' id='word_1_187' title='bbox 386 2288 651 2341; x_wconf 83' lang='lat' dir='ltr'>praedicantis</span> <span class='ocrx_word' id='word_1_188' title='bbox 697 2286 903 2336; x_wconf 84' lang='lat' dir='ltr'>salutem,</span> <span class='ocrx_word' id='word_1_189' title='bbox 943 2301 962 2323; x_wconf 79' lang='lat'>›-›</span> <span class='ocrx_word' id='word_1_190' title='bbox 999 2289 1075 2327; x_wconf 89' lang='lat' dir='ltr'>etc.</span> <span class='ocrx_word' id='word_1_191' title='bbox 1109 2286 1250 2336; x_wconf 81' lang='lat' dir='ltr'>Quan-</span> 
     </span>
     <span class='ocr_line' id='line_1_32' title="bbox 226 2358 1254 2412; baseline -0.002 -11"><span class='ocrx_word' id='word_1_192' title='bbox 226 2363 321 2402; x_wconf 88' lang='lat' dir='ltr'>tum</span> <span class='ocrx_word' id='word_1_193' title='bbox 350 2360 402 2400; x_wconf 91' lang='lat' dir='ltr'>ad</span> <span class='ocrx_word' id='word_1_194' title='bbox 427 2359 732 2412; x_wconf 87' lang='lat' dir='ltr'>correptionem</span> <span class='ocrx_word' id='word_1_195' title='bbox 755 2358 955 2411; x_wconf 88' lang='lat' dir='ltr'>principis</span> <span class='ocrx_word' id='word_1_196' title='bbox 975 2359 1254 2410; x_wconf 84' lang='lat' dir='ltr'>praevarican-</span> 
     </span>
     <span class='ocr_line' id='line_1_33' title="bbox 227 2428 1253 2481; baseline 0 -10"><span class='ocrx_word' id='word_1_197' title='bbox 227 2431 281 2471; x_wconf 90' lang='lat' dir='ltr'>tis</span> <span class='ocrx_word' id='word_1_198' title='bbox 305 2461 318 2480; x_wconf 84' lang='lat'>,</span> <span class='ocrx_word' id='word_1_199' title='bbox 354 2429 548 2470; x_wconf 84' lang='lat' dir='ltr'>subditur</span> <span class='ocrx_word' id='word_1_200' title='bbox 579 2429 645 2481; x_wconf 89' lang='lat' dir='ltr'>(v.</span> <span class='ocrx_word' id='word_1_201' title='bbox 671 2428 741 2480; x_wconf 80' lang='lat'>19)</span> <span class='ocrx_word' id='word_1_202' title='bbox 764 2443 772 2469; x_wconf 92' lang='lat'>:</span> <span class='ocrx_word' id='word_1_203' title='bbox 800 2428 984 2470; x_wconf 81' lang='lat' dir='ltr'>Herodes</span> <span class='ocrx_word' id='word_1_204' title='bbox 1012 2432 1154 2471; x_wconf 74' lang='lat' dir='ltr'>autem</span> <span class='ocrx_word' id='word_1_205' title='bbox 1179 2430 1253 2471; x_wconf 90' lang='lat' dir='ltr'>Te-</span> 
     </span>
     <span class='ocr_line' id='line_1_34' title="bbox 229 2499 1253 2553; baseline 0 -10"><span class='ocrx_word' id='word_1_206' title='bbox 229 2500 426 2550; x_wconf 62' lang='lat' dir='ltr'>marcha,</span> <span class='ocrx_word' id='word_1_207' title='bbox 450 2500 501 2541; x_wconf 91' lang='lat' dir='ltr'>de</span> <span class='ocrx_word' id='word_1_208' title='bbox 532 2512 617 2553; x_wconf 90' lang='lat' dir='ltr'>quo</span> <span class='ocrx_word' id='word_1_209' title='bbox 648 2499 840 2540; x_wconf 90' lang='lat' dir='ltr'>habitum</span> <span class='ocrx_word' id='word_1_210' title='bbox 874 2502 935 2540; x_wconf 90' lang='lat' dir='ltr'>est</span> <span class='ocrx_word' id='word_1_211' title='bbox 967 2512 1124 2552; x_wconf 88' lang='lat' dir='ltr'>supra,</span> <span class='ocrx_word' id='word_1_212' title='bbox 1159 2512 1253 2543; x_wconf 78' lang='lat' dir='ltr'>cum</span> 
     </span>
     <span class='ocr_line' id='line_1_35' title="bbox 228 2570 1254 2624; baseline 0 -10"><span class='ocrx_word' id='word_1_213' title='bbox 228 2573 509 2624; x_wconf 74' lang='lat' dir='ltr'>corriperetur</span> <span class='ocrx_word' id='word_1_214' title='bbox 523 2571 573 2612; x_wconf 81' lang='lat' dir='ltr'>ab</span> <span class='ocrx_word' id='word_1_215' title='bbox 593 2570 666 2612; x_wconf 78' lang='lat' dir='ltr'>illo</span> <span class='ocrx_word' id='word_1_216' title='bbox 687 2570 737 2612; x_wconf 82' lang='lat' dir='ltr'>de</span> <span class='ocrx_word' id='word_1_217' title='bbox 756 2570 997 2612; x_wconf 79' lang='lat' dir='ltr'>Herodiade</span> <span class='ocrx_word' id='word_1_218' title='bbox 1018 2581 1148 2614; x_wconf 69' lang='lat' dir='ltr'>uxore</span> <span class='ocrx_word' id='word_1_219' title='bbox 1169 2573 1254 2623; x_wconf 78' lang='lat' dir='ltr'>fra-</span> 
     </span>
     <span class='ocr_line' id='line_1_36' title="bbox 228 2641 1254 2695; baseline -0.001 -11"><span class='ocrx_word' id='word_1_220' title='bbox 228 2643 308 2685; x_wconf 74' lang='lat' dir='ltr'>tris</span> <span class='ocrx_word' id='word_1_221' title='bbox 332 2643 404 2684; x_wconf 79' lang='lat' dir='ltr'>sui</span> <span class='ocrx_word' id='word_1_222' title='bbox 423 2642 436 2664; x_wconf 77' lang='lat'><strong>⁶</strong></span> <span class='ocrx_word' id='word_1_223' title='bbox 460 2642 644 2695; x_wconf 86' lang='lat' dir='ltr'>(dicebat</span> <span class='ocrx_word' id='word_1_224' title='bbox 673 2642 786 2681; x_wconf 87' lang='lat' dir='ltr'>enim</span> <span class='ocrx_word' id='word_1_225' title='bbox 816 2641 877 2681; x_wconf 90' lang='lat' dir='ltr'>illi</span> <span class='ocrx_word' id='word_1_226' title='bbox 907 2642 1088 2683; x_wconf 87' lang='lat' dir='ltr'>Joannes</span> <span class='ocrx_word' id='word_1_227' title='bbox 1116 2657 1124 2682; x_wconf 79' lang='lat' dir='ltr'><em>z</em></span> <span class='ocrx_word' id='word_1_228' title='bbox 1161 2642 1254 2684; x_wconf 92' lang='lat' dir='ltr'>Non</span> 
     </span>
     <span class='ocr_line' id='line_1_37' title="bbox 226 2712 1252 2763; baseline 0.001 -9"><span class='ocrx_word' id='word_1_229' title='bbox 226 2713 322 2754; x_wconf 89' lang='lat' dir='ltr'>licet</span> <span class='ocrx_word' id='word_1_230' title='bbox 343 2713 418 2753; x_wconf 89' lang='lat' dir='ltr'>tibi</span> <span class='ocrx_word' id='word_1_231' title='bbox 447 2712 605 2753; x_wconf 86' lang='lat' dir='ltr'>habere</span> <span class='ocrx_word' id='word_1_232' title='bbox 632 2724 726 2753; x_wconf 87' lang='lat' dir='ltr'>eam</span> <span class='ocrx_word' id='word_1_233' title='bbox 741 2743 750 2761; x_wconf 93' lang='lat'>,</span> <span class='ocrx_word' id='word_1_234' title='bbox 772 2714 867 2763; x_wconf 62' lang='lat' dir='ltr'>etc„</span> <span class='ocrx_word' id='word_1_235' title='bbox 890 2714 901 2763; x_wconf 68' lang='lat' dir='ltr'>l</span> <span class='ocrx_word' id='word_1_236' title='bbox 926 2717 965 2755; x_wconf 79' lang='lat' dir='ltr'>ec</span> <span class='ocrx_word' id='word_1_237' title='bbox 987 2713 1037 2754; x_wconf 83' lang='lat' dir='ltr'>de</span> <span class='ocrx_word' id='word_1_238' title='bbox 1059 2714 1252 2756; x_wconf 77' lang='lat' dir='ltr'>omnibus</span> 
     </span>
     <span class='ocr_line' id='line_1_38' title="bbox 229 2783 1254 2838; baseline -0.001 -11"><span class='ocrx_word' id='word_1_239' title='bbox 229 2785 374 2835; x_wconf 82' lang='lat' dir='ltr'>malis,</span> <span class='ocrx_word' id='word_1_240' title='bbox 404 2795 498 2838; x_wconf 82' lang='lat' dir='ltr'>quae</span> <span class='ocrx_word' id='word_1_241' title='bbox 532 2784 630 2835; x_wconf 81' lang='lat' dir='ltr'>fecit</span> <span class='ocrx_word' id='word_1_242' title='bbox 660 2783 866 2834; x_wconf 81' lang='lat' dir='ltr'>Herodes,</span> <span class='ocrx_word' id='word_1_243' title='bbox 889 2787 966 2825; x_wconf 83' lang='lat' dir='ltr'>etc.</span> <span class='ocrx_word' id='word_1_244' title='bbox 1000 2784 1051 2825; x_wconf 87' lang='lat' dir='ltr'>Et</span> <span class='ocrx_word' id='word_1_245' title='bbox 1081 2786 1140 2826; x_wconf 85' lang='lat' dir='ltr'>ita</span> <span class='ocrx_word' id='word_1_246' title='bbox 1167 2798 1254 2827; x_wconf 88' lang='lat' dir='ltr'>non</span> 
     </span>
     <span class='ocr_line' id='line_1_39' title="bbox 226 2855 1249 2911; baseline 0.001 -13"><span class='ocrx_word' id='word_1_247' title='bbox 226 2857 420 2911; x_wconf 85' lang='lat' dir='ltr'>parcebat</span> <span class='ocrx_word' id='word_1_248' title='bbox 439 2856 478 2897; x_wconf 89' lang='lat' dir='ltr'>ei</span> <span class='ocrx_word' id='word_1_249' title='bbox 497 2859 510 2881; x_wconf 87' lang='lat'><strong>⁷</strong></span> <span class='ocrx_word' id='word_1_250' title='bbox 534 2870 544 2896; x_wconf 71' lang='grc' dir='ltr'>ι</span> <span class='ocrx_word' id='word_1_251' title='bbox 572 2871 591 2894; x_wconf 73' lang='grc' dir='ltr'>(ι</span> <span class='ocrx_word' id='word_1_252' title='bbox 611 2855 751 2896; x_wconf 87' lang='lat' dir='ltr'>Gloria</span> <span class='ocrx_word' id='word_1_253' title='bbox 778 2856 957 2897; x_wconf 87' lang='lat' dir='ltr'>divitum</span> <span class='ocrx_word' id='word_1_254' title='bbox 972 2889 981 2906; x_wconf 95' lang='lat'>,</span> <span class='ocrx_word' id='word_1_255' title='bbox 1004 2860 1044 2897; x_wconf 91' lang='lat' dir='ltr'>et</span> <span class='ocrx_word' id='word_1_256' title='bbox 1065 2857 1249 2899; x_wconf 88' lang='lat' dir='ltr'>honora-</span> 
     </span>
     <span class='ocr_line' id='line_1_40' title="bbox 227 2928 1247 2983; baseline 0.001 -13"><span class='ocrx_word' id='word_1_257' title='bbox 227 2932 366 2970; x_wconf 90' lang='lat' dir='ltr'>torum</span> <span class='ocrx_word' id='word_1_258' title='bbox 381 2960 391 2980; x_wconf 94' lang='lat'>,</span> <span class='ocrx_word' id='word_1_259' title='bbox 410 2930 451 2969; x_wconf 90' lang='lat' dir='ltr'>et</span> <span class='ocrx_word' id='word_1_260' title='bbox 470 2940 730 2981; x_wconf 89' lang='lat' dir='ltr'>pauperum,</span> <span class='ocrx_word' id='word_1_261' title='bbox 746 2928 874 2968; x_wconf 84' lang='lat' dir='ltr'>timor-</span> <span class='ocrx_word' id='word_1_262' title='bbox 893 2928 966 2968; x_wconf 92' lang='lat' dir='ltr'>Dei</span> <span class='ocrx_word' id='word_1_263' title='bbox 988 2931 1048 2969; x_wconf 92' lang='lat' dir='ltr'>est</span> <span class='ocrx_word' id='word_1_264' title='bbox 1066 2944 1074 2979; x_wconf 85' lang='lat'><em>3</em></span> <span class='ocrx_word' id='word_1_265' title='bbox 1094 2942 1179 2970; x_wconf 91' lang='lat' dir='ltr'>non</span> <span class='ocrx_word' id='word_1_266' title='bbox 1197 2931 1247 2983; x_wconf 75' lang='lat' dir='ltr'>(a)</span> 
     </span>
     <span class='ocr_line' id='line_1_41' title="bbox 229 2999 1253 3053; baseline 0.002 -13"><span class='ocrx_word' id='word_1_267' title='bbox 229 2999 438 3052; x_wconf 83' lang='lat' dir='ltr'>despicere</span> <span class='ocrx_word' id='word_1_268' title='bbox 469 2999 690 3040; x_wconf 90' lang='lat' dir='ltr'>hominem</span> <span class='ocrx_word' id='word_1_269' title='bbox 719 3001 886 3052; x_wconf 74' lang='lat' dir='ltr'>Justum</span> <span class='ocrx_word' id='word_1_270' title='bbox 919 3012 1177 3053; x_wconf 82' lang='lat' dir='ltr'>pauperem,</span> <span class='ocrx_word' id='word_1_271' title='bbox 1212 3004 1253 3042; x_wconf 89' lang='lat' dir='ltr'>et</span> 
     </span>
     <span class='ocr_line' id='line_1_42' title="bbox 229 3070 1254 3124; baseline 0.003 -15"><span class='ocrx_word' id='word_1_272' title='bbox 229 3081 314 3110; x_wconf 92' lang='lat' dir='ltr'>non</span> <span class='ocrx_word' id='word_1_273' title='bbox 332 3070 384 3122; x_wconf 86' lang='lat' dir='ltr'>(a)</span> <span class='ocrx_word' id='word_1_274' title='bbox 405 3070 682 3123; x_wconf 82' lang='lat' dir='ltr'>magnificare</span> <span class='ocrx_word' id='word_1_275' title='bbox 702 3071 845 3112; x_wconf 89' lang='lat' dir='ltr'>virum</span> <span class='ocrx_word' id='word_1_276' title='bbox 866 3073 1127 3124; x_wconf 88' lang='lat' dir='ltr'>peccatorem</span> <span class='ocrx_word' id='word_1_277' title='bbox 1147 3072 1254 3114; x_wconf 88' lang='lat' dir='ltr'>divi-</span> 
     </span>
     <span class='ocr_line' id='line_1_43' title="bbox 229 3138 1252 3195; baseline 0.005 -16"><span class='ocrx_word' id='word_1_278' title='bbox 229 3141 331 3179; x_wconf 87' lang='lat' dir='ltr'>tem.</span> <span class='ocrx_word' id='word_1_279' title='bbox 349 3152 369 3177; x_wconf 75' lang='lat'>»</span> <span class='ocrx_word' id='word_1_280' title='bbox 392 3138 508 3181; x_wconf 70' lang='lat' dir='ltr'>&#39;Unde</span> <span class='ocrx_word' id='word_1_281' title='bbox 528 3140 607 3181; x_wconf 88' lang='lat' dir='ltr'>sibi</span> <span class='ocrx_word' id='word_1_282' title='bbox 626 3141 826 3194; x_wconf 85' lang='lat' dir='ltr'>competit</span> <span class='ocrx_word' id='word_1_283' title='bbox 845 3141 947 3182; x_wconf 89' lang='lat' dir='ltr'>illud</span> <span class='ocrx_word' id='word_1_284' title='bbox 967 3143 1079 3195; x_wconf 88' lang='lat' dir='ltr'>quod</span> <span class='ocrx_word' id='word_1_285' title='bbox 1099 3143 1252 3184; x_wconf 88' lang='lat' dir='ltr'>dicitur</span> 
     </span>
     <span class='ocr_line' id='line_1_44' title="bbox 231 3208 1253 3267; baseline 0.006 -17"><span class='ocrx_word' id='word_1_286' title='bbox 231 3209 283 3250; x_wconf 90' lang='lat' dir='ltr'>de</span> <span class='ocrx_word' id='word_1_287' title='bbox 301 3208 450 3250; x_wconf 88' lang='lat' dir='ltr'>Elisaeo</span> <span class='ocrx_word' id='word_1_288' title='bbox 465 3209 479 3232; x_wconf 75' lang='lat'>⁸</span> <span class='ocrx_word' id='word_1_289' title='bbox 501 3224 511 3251; x_wconf 73' lang='grc' dir='ltr'>ι</span> <span class='ocrx_word' id='word_1_290' title='bbox 538 3225 557 3250; x_wconf 85' lang='grc'>((</span> <span class='ocrx_word' id='word_1_291' title='bbox 577 3210 625 3251; x_wconf 92' lang='lat' dir='ltr'>In</span> <span class='ocrx_word' id='word_1_292' title='bbox 655 3211 802 3253; x_wconf 89' lang='lat' dir='ltr'>diebus</span> <span class='ocrx_word' id='word_1_293' title='bbox 820 3212 909 3253; x_wconf 88' lang='lat' dir='ltr'>suis</span> <span class='ocrx_word' id='word_1_294' title='bbox 928 3225 1014 3254; x_wconf 91' lang='lat' dir='ltr'>non</span> <span class='ocrx_word' id='word_1_295' title='bbox 1033 3215 1253 3267; x_wconf 89' lang='lat' dir='ltr'>pertimuit</span> 
     </span>
    </p>
   </div>
   <div class='ocr_carea' id='block_1_3' title="bbox 189 3291 1253 3480">
    <p class='ocr_par' dir='ltr' id='par_1_5' title="bbox 189 3291 1253 3480">
     <span class='ocr_line' id='line_1_45' title="bbox 271 3291 1251 3339; baseline 0.008 -17"><span class='ocrx_word' id='word_1_296' title='bbox 271 3292 284 3314; x_wconf 86' lang='grc'>1</span> <span class='ocrx_word' id='word_1_297' title='bbox 302 3291 391 3323; x_wconf 81' lang='lat' dir='ltr'>Psal.</span> <span class='ocrx_word' id='word_1_298' title='bbox 416 3300 469 3332; x_wconf 88' lang='lat' dir='ltr'>cv,</span> <span class='ocrx_word' id='word_1_299' title='bbox 492 3294 543 3324; x_wconf 82' lang='lat'>47.</span> <span class='ocrx_word' id='word_1_300' title='bbox 562 3310 602 3317; x_wconf 93' lang='lat'>—</span> <span class='ocrx_word' id='word_1_301' title='bbox 625 3294 640 3316; x_wconf 79' lang='lat'><em>2</em></span> <span class='ocrx_word' id='word_1_302' title='bbox 658 3296 766 3333; x_wconf 86' lang='grc' dir='ltr'><em>Ρνου.,</em></span> <span class='ocrx_word' id='word_1_303' title='bbox 786 3303 859 3336; x_wconf 82' lang='lat' dir='ltr'>xix,</span> <span class='ocrx_word' id='word_1_304' title='bbox 882 3298 929 3328; x_wconf 83' lang='lat'>11.</span> <span class='ocrx_word' id='word_1_305' title='bbox 952 3313 992 3319; x_wconf 92' lang='lat'><strong>—</strong></span> <span class='ocrx_word' id='word_1_306' title='bbox 1011 3297 1022 3316; x_wconf 81' lang='lat'>³</span> <span class='ocrx_word' id='word_1_307' title='bbox 1043 3297 1069 3328; x_wconf 82' lang='grc' dir='ltr'>ΙΙ</span> <span class='ocrx_word' id='word_1_308' title='bbox 1095 3297 1185 3338; x_wconf 64' lang='lat' dir='ltr'>Com,</span> <span class='ocrx_word' id='word_1_309' title='bbox 1204 3306 1251 3339; x_wconf 76' lang='lat' dir='ltr'>VI,</span> 
     </span>
     <span class='ocr_line' id='line_1_46' title="bbox 233 3338 1253 3386; baseline 0.007 -15"><span class='ocrx_word' id='word_1_310' title='bbox 233 3342 262 3372; x_wconf 82' lang='lat'>1.</span> <span class='ocrx_word' id='word_1_311' title='bbox 287 3356 323 3362; x_wconf 97' lang='lat'><strong>—</strong></span> <span class='ocrx_word' id='word_1_312' title='bbox 354 3338 368 3359; x_wconf 79' lang='lat'>⁴·</span> <span class='ocrx_word' id='word_1_313' title='bbox 391 3339 403 3370; x_wconf 88' lang='lat'>1</span> <span class='ocrx_word' id='word_1_314' title='bbox 425 3338 544 3377; x_wconf 69' lang='lat' dir='ltr'>Thess„</span> <span class='ocrx_word' id='word_1_315' title='bbox 566 3348 611 3382; x_wconf 92' lang='lat'>11,</span> <span class='ocrx_word' id='word_1_316' title='bbox 636 3343 665 3374; x_wconf 87' lang='lat'>3.</span> <span class='ocrx_word' id='word_1_317' title='bbox 687 3357 728 3368; x_wconf 80' lang='lat'><em>—</em></span> <span class='ocrx_word' id='word_1_318' title='bbox 753 3341 766 3363; x_wconf 73' lang='lat'>⁵</span> <span class='ocrx_word' id='word_1_319' title='bbox 791 3343 868 3384; x_wconf 64' lang='lat' dir='ltr'>Isa„</span> <span class='ocrx_word' id='word_1_320' title='bbox 889 3351 954 3385; x_wconf 77' lang='lat' dir='ltr'>Lu,</span> <span class='ocrx_word' id='word_1_321' title='bbox 975 3344 1005 3375; x_wconf 87' lang='lat'>7.</span> <span class='ocrx_word' id='word_1_322' title='bbox 1030 3361 1069 3368; x_wconf 87' lang='lat'>-—</span> <span class='ocrx_word' id='word_1_323' title='bbox 1089 3345 1100 3363; x_wconf 74' lang='lat'>‘³</span> <span class='ocrx_word' id='word_1_324' title='bbox 1117 3345 1253 3386; x_wconf 54' lang='lat' dir='ltr'>Mutila,</span> 
     </span>
     <span class='ocr_line' id='line_1_47' title="bbox 189 3386 1252 3432; baseline 0.008 -16"><span class='ocrx_word' id='word_1_325' title='bbox 189 3428 191 3430; x_wconf 25' lang='grc' dir='ltr'>Ι</span> <span class='ocrx_word' id='word_1_326' title='bbox 231 3394 304 3426; x_wconf 82' lang='lat' dir='ltr'>xiv,</span> <span class='ocrx_word' id='word_1_327' title='bbox 323 3387 354 3418; x_wconf 88' lang='lat'>4.</span> <span class='ocrx_word' id='word_1_328' title='bbox 376 3403 416 3409; x_wconf 93' lang='lat'><strong>—</strong></span> <span class='ocrx_word' id='word_1_329' title='bbox 437 3387 446 3404; x_wconf 89' lang='lat'><strong>⁷</strong></span> <span class='ocrx_word' id='word_1_330' title='bbox 469 3386 584 3427; x_wconf 64' lang='lat' dir='ltr'>Ecoli„</span> <span class='ocrx_word' id='word_1_331' title='bbox 610 3396 651 3428; x_wconf 83' lang='lat' dir='ltr'>x,</span> <span class='ocrx_word' id='word_1_332' title='bbox 672 3391 723 3421; x_wconf 84' lang='lat'>26.</span> <span class='ocrx_word' id='word_1_333' title='bbox 743 3406 785 3413; x_wconf 96' lang='lat'><strong>—</strong></span> <span class='ocrx_word' id='word_1_334' title='bbox 809 3390 823 3412; x_wconf 82' lang='lat'>⁸</span> <span class='ocrx_word' id='word_1_335' title='bbox 847 3390 965 3430; x_wconf 70' lang='lat' dir='ltr'>Eccli„</span> <span class='ocrx_word' id='word_1_336' title='bbox 990 3400 1115 3432; x_wconf 73' lang='lat' dir='ltr'>XLvm,</span> <span class='ocrx_word' id='word_1_337' title='bbox 1142 3394 1190 3425; x_wconf 84' lang='grc'>13.</span> <span class='ocrx_word' id='word_1_338' title='bbox 1213 3410 1252 3416; x_wconf 97' lang='grc'>-</span> 
     </span>
     <span class='ocr_line' id='line_1_48' title="bbox 231 3433 1250 3480; baseline 0.006 -14"><span class='ocrx_word' id='word_1_339' title='bbox 231 3434 271 3466; x_wconf 83' lang='lat'>⁰1</span> <span class='ocrx_word' id='word_1_340' title='bbox 297 3433 388 3473; x_wconf 68' lang='lat' dir='ltr'>Tim„</span> <span class='ocrx_word' id='word_1_341' title='bbox 410 3440 441 3473; x_wconf 81' lang='lat' dir='ltr'>V,</span> <span class='ocrx_word' id='word_1_342' title='bbox 463 3435 514 3465; x_wconf 80' lang='lat'>20.</span> <span class='ocrx_word' id='word_1_343' title='bbox 533 3451 574 3457; x_wconf 91' lang='lat'>—</span> <span class='ocrx_word' id='word_1_344' title='bbox 592 3435 619 3458; x_wconf 85' lang='lat'>1⁰</span> <span class='ocrx_word' id='word_1_345' title='bbox 639 3436 713 3476; x_wconf 74' lang='lat' dir='ltr'>Tit..</span> <span class='ocrx_word' id='word_1_346' title='bbox 736 3445 781 3477; x_wconf 87' lang='lat'>11,</span> <span class='ocrx_word' id='word_1_347' title='bbox 803 3439 852 3470; x_wconf 81' lang='lat'>15.</span> <span class='ocrx_word' id='word_1_348' title='bbox 873 3455 913 3463; x_wconf 91' lang='lat'>—-</span> <span class='ocrx_word' id='word_1_349' title='bbox 932 3439 957 3462; x_wconf 83' lang='lat'>11</span> <span class='ocrx_word' id='word_1_350' title='bbox 977 3439 1096 3479; x_wconf 69' lang='lat' dir='ltr'>Eccli„</span> <span class='ocrx_word' id='word_1_351' title='bbox 1117 3448 1175 3480; x_wconf 86' lang='lat'>111,</span> <span class='ocrx_word' id='word_1_352' title='bbox 1199 3442 1250 3472; x_wconf 75' lang='lat'>29.</span> 
     </span>
    </p>
   </div>
   <div class='ocr_carea' id='block_1_4' title="bbox 2279 143 2357 182">
    <p class='ocr_par' dir='ltr' id='par_1_6' title="bbox 2279 143 2357 182">
     <span class='ocr_line' id='line_1_49' title="bbox 2279 143 2357 182; baseline 0 0"><span class='ocrx_word' id='word_1_353' title='bbox 2279 143 2357 182; x_wconf 73' lang='lat'>295</span> 
     </span>
    </p>
   </div>
   <div class='ocr_carea' id='block_1_5' title="bbox 1325 225 2357 3267">
    <p class='ocr_par' dir='ltr' id='par_1_7' title="bbox 1326 225 2356 1699">
     <span class='ocr_line' id='line_1_50' title="bbox 1330 225 2352 282; baseline 0.007 -18"><span class='ocrx_word' id='word_1_354' title='bbox 1330 225 1586 278; x_wconf 81' lang='lat' dir='ltr'>principem,</span> <span class='ocrx_word' id='word_1_355' title='bbox 1619 228 1660 267; x_wconf 86' lang='lat' dir='ltr'>et</span> <span class='ocrx_word' id='word_1_356' title='bbox 1696 227 1881 279; x_wconf 89' lang='lat' dir='ltr'>potentia</span> <span class='ocrx_word' id='word_1_357' title='bbox 1912 240 2038 269; x_wconf 90' lang='lat' dir='ltr'>nemo</span> <span class='ocrx_word' id='word_1_358' title='bbox 2067 229 2168 269; x_wconf 86' lang='lat' dir='ltr'>vicit</span> <span class='ocrx_word' id='word_1_359' title='bbox 2199 230 2321 270; x_wconf 91' lang='lat' dir='ltr'>illum</span> <span class='ocrx_word' id='word_1_360' title='bbox 2341 263 2352 282; x_wconf 90' lang='lat'>,</span> 
     </span>
     <span class='ocr_line' id='line_1_51' title="bbox 1329 297 2354 350; baseline 0.005 -14"><span class='ocrx_word' id='word_1_361' title='bbox 1329 308 1405 336; x_wconf 91' lang='lat' dir='ltr'>nec</span> <span class='ocrx_word' id='word_1_362' title='bbox 1436 297 1652 349; x_wconf 87' lang='lat' dir='ltr'>superavit</span> <span class='ocrx_word' id='word_1_363' title='bbox 1679 297 1800 337; x_wconf 89' lang='lat' dir='ltr'>illum</span> <span class='ocrx_word' id='word_1_364' title='bbox 1832 299 2013 339; x_wconf 90' lang='lat' dir='ltr'>verbum</span> <span class='ocrx_word' id='word_1_365' title='bbox 2045 298 2229 350; x_wconf 86' lang='lat' dir='ltr'>aliquod.</span> <span class='ocrx_word' id='word_1_366' title='bbox 2258 314 2277 336; x_wconf 83' lang='grc'>))</span> <span class='ocrx_word' id='word_1_367' title='bbox 2303 300 2354 340; x_wconf 89' lang='lat' dir='ltr'>Et</span> 
     </span>
     <span class='ocr_line' id='line_1_52' title="bbox 1329 368 2350 422; baseline 0.002 -14"><span class='ocrx_word' id='word_1_368' title='bbox 1329 368 1430 420; x_wconf 79' lang='lat' dir='ltr'>quia</span> <span class='ocrx_word' id='word_1_369' title='bbox 1457 368 1621 421; x_wconf 91' lang='lat' dir='ltr'>publice</span> <span class='ocrx_word' id='word_1_370' title='bbox 1652 369 1881 421; x_wconf 81' lang='lat' dir='ltr'>peccabat,</span> <span class='ocrx_word' id='word_1_371' title='bbox 1914 369 2081 422; x_wconf 91' lang='lat' dir='ltr'>publice</span> <span class='ocrx_word' id='word_1_372' title='bbox 2119 370 2350 422; x_wconf 87' lang='lat' dir='ltr'>arguebat,</span> 
     </span>
     <span class='ocr_line' id='line_1_53' title="bbox 1329 439 2355 482; baseline 0.003 -3"><span class='ocrx_word' id='word_1_373' title='bbox 1329 440 1562 480; x_wconf 88' lang='lat' dir='ltr'>secundum</span> <span class='ocrx_word' id='word_1_374' title='bbox 1585 439 1690 480; x_wconf 89' lang='lat' dir='ltr'>illud</span> <span class='ocrx_word' id='word_1_375' title='bbox 1703 440 1716 462; x_wconf 84' lang='lat'>⁹</span> <span class='ocrx_word' id='word_1_376' title='bbox 1740 455 1748 481; x_wconf 76' lang='grc' dir='ltr'>ε</span> <span class='ocrx_word' id='word_1_377' title='bbox 1781 456 1799 479; x_wconf 76' lang='grc' dir='ltr'>ε(</span> <span class='ocrx_word' id='word_1_378' title='bbox 1816 440 2038 482; x_wconf 87' lang='lat' dir='ltr'>Peccantes</span> <span class='ocrx_word' id='word_1_379' title='bbox 2058 453 2200 482; x_wconf 88' lang='lat' dir='ltr'>coram</span> <span class='ocrx_word' id='word_1_380' title='bbox 2219 442 2355 482; x_wconf 83' lang='lat' dir='ltr'>omni·=</span> 
     </span>
     <span class='ocr_line' id='line_1_54' title="bbox 1327 512 2352 563; baseline 0 -12"><span class='ocrx_word' id='word_1_381' title='bbox 1327 512 1407 551; x_wconf 91' lang='lat' dir='ltr'>bus</span> <span class='ocrx_word' id='word_1_382' title='bbox 1425 522 1576 562; x_wconf 85' lang='lat' dir='ltr'>argue,</span> <span class='ocrx_word' id='word_1_383' title='bbox 1599 513 1647 551; x_wconf 93' lang='lat' dir='ltr'>ut</span> <span class='ocrx_word' id='word_1_384' title='bbox 1667 514 1707 551; x_wconf 89' lang='lat' dir='ltr'>et</span> <span class='ocrx_word' id='word_1_385' title='bbox 1721 512 1861 552; x_wconf 84' lang='lat' dir='ltr'>caeteri</span> <span class='ocrx_word' id='word_1_386' title='bbox 1886 512 2083 553; x_wconf 86' lang='lat' dir='ltr'>timorem</span> <span class='ocrx_word' id='word_1_387' title='bbox 2103 513 2312 563; x_wconf 83' lang='lat' dir='ltr'>habeant3</span> <span class='ocrx_word' id='word_1_388' title='bbox 2333 528 2352 551; x_wconf 81' lang='lat'>›)</span> 
     </span>
     <span class='ocr_line' id='line_1_55' title="bbox 1328 581 2355 634; baseline 0.006 -14"><span class='ocrx_word' id='word_1_389' title='bbox 1328 584 1369 621; x_wconf 89' lang='lat' dir='ltr'>et</span> <span class='ocrx_word' id='word_1_390' title='bbox 1388 582 1467 621; x_wconf 93' lang='lat' dir='ltr'>hoc</span> <span class='ocrx_word' id='word_1_391' title='bbox 1486 581 1657 633; x_wconf 86' lang='lat' dir='ltr'>quidem</span> <span class='ocrx_word' id='word_1_392' title='bbox 1678 583 1896 634; x_wconf 89' lang='lat' dir='ltr'>audacter;</span> <span class='ocrx_word' id='word_1_393' title='bbox 1918 584 1977 625; x_wconf 74' lang='lat' dir='ltr'>ad</span> <span class='ocrx_word' id='word_1_394' title='bbox 2001 584 2141 626; x_wconf 77' lang='lat' dir='ltr'>Titum</span> <span class='ocrx_word' id='word_1_395' title='bbox 2156 584 2184 608; x_wconf 84' lang='lat'>¹⁰</span> <span class='ocrx_word' id='word_1_396' title='bbox 2203 598 2242 624; x_wconf 72' lang='grc' dir='ltr'>εει</span> <span class='ocrx_word' id='word_1_397' title='bbox 2256 584 2355 626; x_wconf 86' lang='lat' dir='ltr'>Haec</span> 
     </span>
     <span class='ocr_line' id='line_1_56' title="bbox 1327 652 2355 707; baseline 0.005 -16"><span class='ocrx_word' id='word_1_398' title='bbox 1327 652 1526 704; x_wconf 85' lang='lat' dir='ltr'>loquere,</span> <span class='ocrx_word' id='word_1_399' title='bbox 1546 655 1587 692; x_wconf 88' lang='lat' dir='ltr'>et</span> <span class='ocrx_word' id='word_1_400' title='bbox 1615 654 1864 704; x_wconf 77' lang='lat' dir='ltr'>exhortare,</span> <span class='ocrx_word' id='word_1_401' title='bbox 1887 658 1928 695; x_wconf 91' lang='lat' dir='ltr'>et</span> <span class='ocrx_word' id='word_1_402' title='bbox 1957 667 2091 707; x_wconf 86' lang='lat' dir='ltr'>argue</span> <span class='ocrx_word' id='word_1_403' title='bbox 2118 668 2216 696; x_wconf 88' lang='lat' dir='ltr'>cum</span> <span class='ocrx_word' id='word_1_404' title='bbox 2237 655 2355 696; x_wconf 90' lang='lat' dir='ltr'>omni</span> 
     </span>
     <span class='ocr_line' id='line_1_57' title="bbox 1327 723 2355 775; baseline 0.005 -13"><span class='ocrx_word' id='word_1_405' title='bbox 1327 723 1520 775; x_wconf 89' lang='lat' dir='ltr'>imperio.</span> <span class='ocrx_word' id='word_1_406' title='bbox 1544 737 1563 759; x_wconf 69' lang='lat'>&gt;³</span> <span class='ocrx_word' id='word_1_407' title='bbox 1589 723 1805 771; x_wconf 82' lang='lat' dir='ltr'>Quantum</span> <span class='ocrx_word' id='word_1_408' title='bbox 1835 725 1887 764; x_wconf 91' lang='lat' dir='ltr'>ad</span> <span class='ocrx_word' id='word_1_409' title='bbox 1914 725 2182 766; x_wconf 87' lang='lat' dir='ltr'>tolerantiam</span> <span class='ocrx_word' id='word_1_410' title='bbox 2203 726 2355 769; x_wconf 88' lang='lat' dir='ltr'>adver-</span> 
     </span>
     <span class='ocr_line' id='line_1_58' title="bbox 1327 792 2353 845; baseline 0.006 -13"><span class='ocrx_word' id='word_1_411' title='bbox 1327 792 1424 833; x_wconf 88' lang='lat' dir='ltr'>sarii</span> <span class='ocrx_word' id='word_1_412' title='bbox 1473 794 1762 845; x_wconf 85' lang='lat' dir='ltr'>persequentis</span> <span class='ocrx_word' id='word_1_413' title='bbox 1788 825 1800 844; x_wconf 86' lang='lat'>,</span> <span class='ocrx_word' id='word_1_414' title='bbox 1844 795 2040 835; x_wconf 89' lang='lat' dir='ltr'>subditur</span> <span class='ocrx_word' id='word_1_415' title='bbox 2091 796 2142 836; x_wconf 92' lang='lat' dir='ltr'>de</span> <span class='ocrx_word' id='word_1_416' title='bbox 2190 796 2353 839; x_wconf 89' lang='lat' dir='ltr'>Herode</span> 
     </span>
     <span class='ocr_line' id='line_1_59' title="bbox 1332 864 2354 918; baseline 0.006 -13"><span class='ocrx_word' id='word_1_417' title='bbox 1332 866 1385 918; x_wconf 91' lang='lat' dir='ltr'>(v.</span> <span class='ocrx_word' id='word_1_418' title='bbox 1404 864 1467 917; x_wconf 66' lang='lat'>20)</span> <span class='ocrx_word' id='word_1_419' title='bbox 1488 880 1495 905; x_wconf 72' lang='grc' dir='ltr'>ι</span> <span class='ocrx_word' id='word_1_420' title='bbox 1514 864 1681 917; x_wconf 81' lang='lat' dir='ltr'>Acljecic</span> <span class='ocrx_word' id='word_1_421' title='bbox 1700 869 1738 907; x_wconf 83' lang='lat' dir='ltr'>et</span> <span class='ocrx_word' id='word_1_422' title='bbox 1757 866 1829 908; x_wconf 85' lang='lat' dir='ltr'>hoc</span> <span class='ocrx_word' id='word_1_423' title='bbox 1846 876 1973 918; x_wconf 78' lang='lat' dir='ltr'>super</span> <span class='ocrx_word' id='word_1_424' title='bbox 1992 869 2160 918; x_wconf 80' lang='lat' dir='ltr'>omnia,</span> <span class='ocrx_word' id='word_1_425' title='bbox 2175 869 2354 912; x_wconf 75' lang='lat' dir='ltr'>inclusit</span> 
     </span>
     <span class='ocr_line' id='line_1_60' title="bbox 1328 938 2354 982; baseline 0.003 -4"><span class='ocrx_word' id='word_1_426' title='bbox 1328 938 1530 979; x_wconf 77' lang='lat' dir='ltr'>Jocmnem</span> <span class='ocrx_word' id='word_1_427' title='bbox 1548 940 1596 979; x_wconf 87' lang='lat' dir='ltr'>in</span> <span class='ocrx_word' id='word_1_428' title='bbox 1622 949 1840 981; x_wconf 77' lang='lat' dir='ltr'>carcerem.</span> <span class='ocrx_word' id='word_1_429' title='bbox 1863 939 1914 980; x_wconf 90' lang='lat' dir='ltr'>Et</span> <span class='ocrx_word' id='word_1_430' title='bbox 1932 939 1990 979; x_wconf 89' lang='lat' dir='ltr'>sic</span> <span class='ocrx_word' id='word_1_431' title='bbox 2008 940 2274 981; x_wconf 87' lang='lat' dir='ltr'>verificatum</span> <span class='ocrx_word' id='word_1_432' title='bbox 2291 944 2354 982; x_wconf 86' lang='lat' dir='ltr'>est</span> 
     </span>
     <span class='ocr_line' id='line_1_61' title="bbox 1327 1008 2354 1062; baseline 0.003 -14"><span class='ocrx_word' id='word_1_433' title='bbox 1327 1008 1431 1049; x_wconf 89' lang='lat' dir='ltr'>illud</span> <span class='ocrx_word' id='word_1_434' title='bbox 1454 1010 1479 1030; x_wconf 86' lang='lat'>¹¹</span> <span class='ocrx_word' id='word_1_435' title='bbox 1503 1021 1543 1049; x_wconf 71' lang='lat' dir='ltr'>:a</span> <span class='ocrx_word' id='word_1_436' title='bbox 1568 1010 1646 1050; x_wconf 90' lang='lat' dir='ltr'>Cor</span> <span class='ocrx_word' id='word_1_437' title='bbox 1665 1022 1849 1062; x_wconf 88' lang='lat' dir='ltr'>nequam</span> <span class='ocrx_word' id='word_1_438' title='bbox 1868 1010 2120 1062; x_wconf 82' lang='lat' dir='ltr'>gravabitur</span> <span class='ocrx_word' id='word_1_439' title='bbox 2140 1011 2183 1051; x_wconf 89' lang='lat' dir='ltr'>in</span> <span class='ocrx_word' id='word_1_440' title='bbox 2204 1010 2354 1051; x_wconf 86' lang='lat' dir='ltr'>dolori-</span> 
     </span>
     <span class='ocr_line' id='line_1_62' title="bbox 1327 1080 2354 1134; baseline 0.003 -15"><span class='ocrx_word' id='word_1_441' title='bbox 1327 1080 1430 1130; x_wconf 80' lang='lat' dir='ltr'>bus,</span> <span class='ocrx_word' id='word_1_442' title='bbox 1450 1082 1490 1120; x_wconf 90' lang='lat' dir='ltr'>et</span> <span class='ocrx_word' id='word_1_443' title='bbox 1509 1083 1701 1132; x_wconf 90' lang='lat' dir='ltr'>peccator</span> <span class='ocrx_word' id='word_1_444' title='bbox 1722 1082 1872 1134; x_wconf 86' lang='lat' dir='ltr'>adjecit</span> <span class='ocrx_word' id='word_1_445' title='bbox 1890 1082 1942 1122; x_wconf 90' lang='lat' dir='ltr'>ad</span> <span class='ocrx_word' id='word_1_446' title='bbox 1962 1082 2238 1134; x_wconf 84' lang='lat' dir='ltr'>peccandum.</span> <span class='ocrx_word' id='word_1_447' title='bbox 2257 1096 2276 1120; x_wconf 73' lang='lat'>2)</span> <span class='ocrx_word' id='word_1_448' title='bbox 2303 1081 2354 1122; x_wconf 90' lang='lat' dir='ltr'>Et</span> 
     </span>
     <span class='ocr_line' id='line_1_63' title="bbox 1327 1150 2354 1205; baseline 0.003 -15"><span class='ocrx_word' id='word_1_449' title='bbox 1327 1150 1407 1190; x_wconf 87' lang='lat' dir='ltr'>hoc</span> <span class='ocrx_word' id='word_1_450' title='bbox 1421 1152 1538 1203; x_wconf 87' lang='lat' dir='ltr'>justo</span> <span class='ocrx_word' id='word_1_451' title='bbox 1555 1151 1626 1191; x_wconf 91' lang='lat' dir='ltr'>Dei</span> <span class='ocrx_word' id='word_1_452' title='bbox 1646 1152 1830 1204; x_wconf 73' lang='lat' dir='ltr'>Judici03</span> <span class='ocrx_word' id='word_1_453' title='bbox 1853 1153 2133 1205; x_wconf 74' lang='lat' dir='ltr'>Apocalypsis</span> <span class='ocrx_word' id='word_1_454' title='bbox 2152 1154 2180 1174; x_wconf 80' lang='lat'>¹²</span> <span class='ocrx_word' id='word_1_455' title='bbox 2203 1167 2211 1194; x_wconf 92' lang='lat'>:</span> <span class='ocrx_word' id='word_1_456' title='bbox 2233 1167 2252 1191; x_wconf 81' lang='lat'>(‹</span> <span class='ocrx_word' id='word_1_457' title='bbox 2273 1153 2354 1202; x_wconf 82' lang='lat' dir='ltr'>Qui</span> 
     </span>
     <span class='ocr_line' id='line_1_64' title="bbox 1327 1221 2354 1273; baseline 0.003 -13"><span class='ocrx_word' id='word_1_458' title='bbox 1327 1221 1371 1261; x_wconf 90' lang='lat' dir='ltr'>in</span> <span class='ocrx_word' id='word_1_459' title='bbox 1403 1223 1596 1262; x_wconf 89' lang='lat' dir='ltr'>sordibus</span> <span class='ocrx_word' id='word_1_460' title='bbox 1624 1226 1718 1273; x_wconf 90' lang='lat' dir='ltr'>est,</span> <span class='ocrx_word' id='word_1_461' title='bbox 1755 1224 1965 1264; x_wconf 84' lang='lat' dir='ltr'>sordescat</span> <span class='ocrx_word' id='word_1_462' title='bbox 1998 1224 2149 1264; x_wconf 87' lang='lat' dir='ltr'>adhuc.</span> <span class='ocrx_word' id='word_1_463' title='bbox 2170 1238 2190 1261; x_wconf 88' lang='lat'>»</span> <span class='ocrx_word' id='word_1_464' title='bbox 2215 1223 2266 1264; x_wconf 88' lang='lat' dir='ltr'>Et</span> <span class='ocrx_word' id='word_1_465' title='bbox 2295 1224 2354 1263; x_wconf 90' lang='lat' dir='ltr'>sic</span> 
     </span>
     <span class='ocr_line' id='line_1_65' title="bbox 1327 1293 2353 1336; baseline 0.004 -5"><span class='ocrx_word' id='word_1_466' title='bbox 1327 1293 1592 1332; x_wconf 86' lang='lat' dir='ltr'>verificatum</span> <span class='ocrx_word' id='word_1_467' title='bbox 1612 1296 1672 1333; x_wconf 91' lang='lat' dir='ltr'>est</span> <span class='ocrx_word' id='word_1_468' title='bbox 1697 1294 1799 1334; x_wconf 89' lang='lat' dir='ltr'>illud</span> <span class='ocrx_word' id='word_1_469' title='bbox 1814 1295 1941 1336; x_wconf 83' lang='lat' dir='ltr'>Amos</span> <span class='ocrx_word' id='word_1_470' title='bbox 1962 1295 1992 1318; x_wconf 79' lang='lat'>¹³</span> <span class='ocrx_word' id='word_1_471' title='bbox 2006 1308 2042 1335; x_wconf 80' lang='lat' dir='ltr'>t«</span> <span class='ocrx_word' id='word_1_472' title='bbox 2067 1294 2169 1335; x_wconf 90' lang='lat' dir='ltr'>Odio</span> <span class='ocrx_word' id='word_1_473' title='bbox 2189 1294 2353 1335; x_wconf 88' lang='lat' dir='ltr'>habue-</span> 
     </span>
     <span class='ocr_line' id='line_1_66' title="bbox 1327 1362 2352 1417; baseline 0.003 -15"><span class='ocrx_word' id='word_1_474' title='bbox 1327 1365 1428 1402; x_wconf 90' lang='lat' dir='ltr'>runt</span> <span class='ocrx_word' id='word_1_475' title='bbox 1448 1363 1744 1415; x_wconf 86' lang='lat' dir='ltr'>corripientem</span> <span class='ocrx_word' id='word_1_476' title='bbox 1778 1365 1822 1403; x_wconf 90' lang='lat' dir='ltr'>in</span> <span class='ocrx_word' id='word_1_477' title='bbox 1855 1369 1976 1417; x_wconf 87' lang='lat' dir='ltr'>porta</span> <span class='ocrx_word' id='word_1_478' title='bbox 1997 1378 2007 1405; x_wconf 77' lang='lat' dir='ltr'><em>z</em></span> <span class='ocrx_word' id='word_1_479' title='bbox 2029 1379 2048 1402; x_wconf 87' lang='lat'>»</span> <span class='ocrx_word' id='word_1_480' title='bbox 2075 1364 2183 1405; x_wconf 88' lang='lat' dir='ltr'>sieut</span> <span class='ocrx_word' id='word_1_481' title='bbox 2208 1362 2352 1406; x_wconf 77' lang='lat' dir='ltr'>Achab</span> 
     </span>
     <span class='ocr_line' id='line_1_67' title="bbox 1326 1434 2354 1485; baseline 0.003 -12"><span class='ocrx_word' id='word_1_482' title='bbox 1326 1434 1566 1484; x_wconf 80' lang='lat' dir='ltr'>Michaeam3</span> <span class='ocrx_word' id='word_1_483' title='bbox 1593 1435 1701 1475; x_wconf 88' lang='lat' dir='ltr'>sicut</span> <span class='ocrx_word' id='word_1_484' title='bbox 1722 1434 1944 1475; x_wconf 86' lang='lat' dir='ltr'>Sedechias</span> <span class='ocrx_word' id='word_1_485' title='bbox 1969 1436 2195 1477; x_wconf 87' lang='lat' dir='ltr'>Jeremiam</span> <span class='ocrx_word' id='word_1_486' title='bbox 2214 1449 2224 1485; x_wconf 81' lang='lat'>3</span> <span class='ocrx_word' id='word_1_487' title='bbox 2247 1436 2354 1476; x_wconf 89' lang='lat' dir='ltr'>sicut</span> 
     </span>
     <span class='ocr_line' id='line_1_68' title="bbox 1327 1505 2351 1560; baseline 0.005 -16"><span class='ocrx_word' id='word_1_488' title='bbox 1327 1505 1436 1545; x_wconf 83' lang='lat' dir='ltr'>alius</span> <span class='ocrx_word' id='word_1_489' title='bbox 1472 1505 1656 1546; x_wconf 85' lang='lat' dir='ltr'>Herodes</span> <span class='ocrx_word' id='word_1_490' title='bbox 1689 1505 1877 1547; x_wconf 86' lang='lat' dir='ltr'>Petrum.</span> <span class='ocrx_word' id='word_1_491' title='bbox 1922 1506 2097 1560; x_wconf 87' lang='lat' dir='ltr'>Propter</span> <span class='ocrx_word' id='word_1_492' title='bbox 2134 1507 2247 1560; x_wconf 85' lang='lat' dir='ltr'>quod</span> <span class='ocrx_word' id='word_1_493' title='bbox 2285 1507 2310 1529; x_wconf 73' lang='lat'>¹¹⁰</span> <span class='ocrx_word' id='word_1_494' title='bbox 2342 1522 2351 1549; x_wconf 93' lang='lat'><strong>:</strong></span> 
     </span>
     <span class='ocr_line' id='line_1_69' title="bbox 1330 1576 2356 1632; baseline 0.005 -18"><span class='ocrx_word' id='word_1_495' title='bbox 1330 1591 1348 1614; x_wconf 77' lang='grc' dir='ltr'>α</span> <span class='ocrx_word' id='word_1_496' title='bbox 1370 1576 1454 1616; x_wconf 80' lang='lat' dir='ltr'>Alii</span> <span class='ocrx_word' id='word_1_497' title='bbox 1483 1576 1665 1617; x_wconf 88' lang='lat' dir='ltr'>ludibria</span> <span class='ocrx_word' id='word_1_498' title='bbox 1697 1579 1737 1617; x_wconf 88' lang='lat' dir='ltr'>et</span> <span class='ocrx_word' id='word_1_499' title='bbox 1757 1577 1938 1618; x_wconf 87' lang='lat' dir='ltr'>verbera</span> <span class='ocrx_word' id='word_1_500' title='bbox 1969 1579 2161 1631; x_wconf 79' lang='lat' dir='ltr'>experti,</span> <span class='ocrx_word' id='word_1_501' title='bbox 2182 1579 2356 1632; x_wconf 85' lang='lat' dir='ltr'>insuper</span> 
     </span>
     <span class='ocr_line' id='line_1_70' title="bbox 1328 1647 2257 1699; baseline 0.002 -12"><span class='ocrx_word' id='word_1_502' title='bbox 1328 1651 1368 1687; x_wconf 84' lang='lat' dir='ltr'>et</span> <span class='ocrx_word' id='word_1_503' title='bbox 1388 1647 1559 1687; x_wconf 73' lang='lat' dir='ltr'>vincula</span> <span class='ocrx_word' id='word_1_504' title='bbox 1579 1650 1619 1687; x_wconf 87' lang='lat' dir='ltr'>et</span> <span class='ocrx_word' id='word_1_505' title='bbox 1642 1659 1845 1698; x_wconf 80' lang='lat' dir='ltr'>carceres,</span> <span class='ocrx_word' id='word_1_506' title='bbox 1869 1648 1971 1688; x_wconf 82' lang='lat' dir='ltr'>secti</span> <span class='ocrx_word' id='word_1_507' title='bbox 1992 1651 2113 1699; x_wconf 78' lang='lat' dir='ltr'>sunt,</span> <span class='ocrx_word' id='word_1_508' title='bbox 2136 1663 2154 1686; x_wconf 87' lang='lat'>»</span> <span class='ocrx_word' id='word_1_509' title='bbox 2180 1651 2257 1689; x_wconf 83' lang='lat' dir='ltr'>etc.</span> 
     </span>
    </p>

    <p class='ocr_par' dir='ltr' id='par_1_8' title="bbox 1325 1718 2357 3267">
     <span class='ocr_line' id='line_1_71' title="bbox 1380 1718 2356 1771; baseline 0.005 -14"><span class='ocrx_word' id='word_1_510' title='bbox 1380 1721 1446 1757; x_wconf 48' lang='lat'><strong>⁵211.</strong></span> <span class='ocrx_word' id='word_1_511' title='bbox 1481 1718 1657 1760; x_wconf 73' lang='lat' dir='ltr'>Factum</span> <span class='ocrx_word' id='word_1_512' title='bbox 1690 1722 1751 1760; x_wconf 76' lang='lat' dir='ltr'>est</span> <span class='ocrx_word' id='word_1_513' title='bbox 1781 1721 1946 1769; x_wconf 65' lang='lat' dir='ltr'>(tactem,</span> <span class='ocrx_word' id='word_1_514' title='bbox 1982 1730 2076 1760; x_wconf 77' lang='lat' dir='ltr'>cum</span> <span class='ocrx_word' id='word_1_515' title='bbox 2110 1719 2356 1771; x_wconf 72' lang='lat' dir='ltr'>baptizare-</span> 
     </span>
     <span class='ocr_line' id='line_1_72' title="bbox 1329 1790 2355 1844; baseline 0 -12"><span class='ocrx_word' id='word_1_516' title='bbox 1329 1794 1411 1839; x_wconf 73' lang='lat' dir='ltr'>tur,</span> <span class='ocrx_word' id='word_1_517' title='bbox 1446 1793 1522 1831; x_wconf 88' lang='lat' dir='ltr'>etc.</span> <span class='ocrx_word' id='word_1_518' title='bbox 1558 1790 1786 1843; x_wconf 86' lang='lat' dir='ltr'>Postquam</span> <span class='ocrx_word' id='word_1_519' title='bbox 1817 1792 2128 1833; x_wconf 84' lang='lat' dir='ltr'>commendavit</span> <span class='ocrx_word' id='word_1_520' title='bbox 2154 1791 2355 1844; x_wconf 89' lang='lat' dir='ltr'>Evange-</span> 
     </span>
     <span class='ocr_line' id='line_1_73' title="bbox 1327 1861 2355 1914; baseline 0.002 -13"><span class='ocrx_word' id='word_1_521' title='bbox 1327 1861 1421 1901; x_wconf 89' lang='lat' dir='ltr'>lista</span> <span class='ocrx_word' id='word_1_522' title='bbox 1454 1861 1734 1902; x_wconf 81' lang='lat' dir='ltr'>Praecursoris</span> <span class='ocrx_word' id='word_1_523' title='bbox 1764 1862 2128 1914; x_wconf 77' lang='lat' dir='ltr'>praedicationem,</span> <span class='ocrx_word' id='word_1_524' title='bbox 2159 1866 2199 1903; x_wconf 88' lang='lat' dir='ltr'>et</span> <span class='ocrx_word' id='word_1_525' title='bbox 2230 1863 2355 1904; x_wconf 86' lang='lat' dir='ltr'>officii</span> 
     </span>
     <span class='ocr_line' id='line_1_74' title="bbox 1328 1932 2356 1985; baseline 0.001 -12"><span class='ocrx_word' id='word_1_526' title='bbox 1328 1933 1619 1973; x_wconf 80' lang='lat' dir='ltr'>executionem</span> <span class='ocrx_word' id='word_1_527' title='bbox 1637 1932 1680 1972; x_wconf 93' lang='lat' dir='ltr'>in</span> <span class='ocrx_word' id='word_1_528' title='bbox 1700 1933 1891 1984; x_wconf 85' lang='lat' dir='ltr'>generali</span> <span class='ocrx_word' id='word_1_529' title='bbox 1904 1936 1944 1973; x_wconf 88' lang='lat' dir='ltr'>et</span> <span class='ocrx_word' id='word_1_530' title='bbox 1957 1933 2139 1985; x_wconf 89' lang='lat' dir='ltr'>speciali,</span> <span class='ocrx_word' id='word_1_531' title='bbox 2158 1933 2228 1974; x_wconf 89' lang='lat' dir='ltr'>hic</span> <span class='ocrx_word' id='word_1_532' title='bbox 2244 1946 2356 1974; x_wconf 93' lang='lat' dir='ltr'>com-</span> 
     </span>
     <span class='ocr_line' id='line_1_75' title="bbox 1328 2003 2356 2056; baseline 0.001 -12"><span class='ocrx_word' id='word_1_533' title='bbox 1328 2004 1498 2044; x_wconf 90' lang='lat' dir='ltr'>mendat</span> <span class='ocrx_word' id='word_1_534' title='bbox 1533 2003 1577 2043; x_wconf 92' lang='lat' dir='ltr'>in</span> <span class='ocrx_word' id='word_1_535' title='bbox 1615 2003 1822 2055; x_wconf 86' lang='lat' dir='ltr'>singulari</span> <span class='ocrx_word' id='word_1_536' title='bbox 1858 2007 2050 2056; x_wconf 90' lang='lat' dir='ltr'>respectu</span> <span class='ocrx_word' id='word_1_537' title='bbox 2087 2004 2262 2056; x_wconf 87' lang='lat' dir='ltr'>Christi,</span> <span class='ocrx_word' id='word_1_538' title='bbox 2304 2005 2356 2045; x_wconf 86' lang='lat' dir='ltr'>ad</span> 
     </span>
     <span class='ocr_line' id='line_1_76' title="bbox 1328 2074 2357 2128; baseline 0.001 -13"><span class='ocrx_word' id='word_1_539' title='bbox 1328 2086 1456 2128; x_wconf 88' lang='lat' dir='ltr'>quem</span> <span class='ocrx_word' id='word_1_540' title='bbox 1476 2074 1762 2127; x_wconf 81' lang='lat' dir='ltr'>principaliter</span> <span class='ocrx_word' id='word_1_541' title='bbox 1787 2076 1876 2115; x_wconf 86' lang='lat' dir='ltr'>tota</span> <span class='ocrx_word' id='word_1_542' title='bbox 1901 2075 2145 2127; x_wconf 73' lang='lat' dir='ltr'>praedicatio</span> <span class='ocrx_word' id='word_1_543' title='bbox 2165 2075 2357 2116; x_wconf 88' lang='lat' dir='ltr'>ordinata</span> 
     </span>
     <span class='ocr_line' id='line_1_77' title="bbox 1330 2145 2356 2199; baseline 0.003 -14"><span class='ocrx_word' id='word_1_544' title='bbox 1330 2146 1420 2186; x_wconf 84' lang='lat' dir='ltr'>fuit.</span> <span class='ocrx_word' id='word_1_545' title='bbox 1450 2145 1567 2186; x_wconf 85' lang='lat' dir='ltr'>Sicut</span> <span class='ocrx_word' id='word_1_546' title='bbox 1591 2145 1705 2186; x_wconf 90' lang='lat' dir='ltr'>enim</span> <span class='ocrx_word' id='word_1_547' title='bbox 1733 2145 1830 2186; x_wconf 90' lang='lat' dir='ltr'>dicit</span> <span class='ocrx_word' id='word_1_548' title='bbox 1855 2146 1944 2199; x_wconf 90' lang='lat' dir='ltr'>ipse</span> <span class='ocrx_word' id='word_1_549' title='bbox 1971 2146 2157 2199; x_wconf 87' lang='lat' dir='ltr'>Baptista</span> <span class='ocrx_word' id='word_1_550' title='bbox 2178 2147 2205 2171; x_wconf 76' lang='lat'>¹⁵</span> <span class='ocrx_word' id='word_1_551' title='bbox 2229 2161 2238 2187; x_wconf 73' lang='grc' dir='ltr'>ε</span> <span class='ocrx_word' id='word_1_552' title='bbox 2261 2162 2280 2186; x_wconf 85' lang='grc'>((</span> <span class='ocrx_word' id='word_1_553' title='bbox 2303 2147 2356 2189; x_wconf 88' lang='lat' dir='ltr'>Ut</span> 
     </span>
     <span class='ocr_line' id='line_1_78' title="bbox 1328 2217 2356 2272; baseline 0.003 -15"><span class='ocrx_word' id='word_1_554' title='bbox 1328 2217 1621 2258; x_wconf 81' lang='lat' dir='ltr'>manifestetur</span> <span class='ocrx_word' id='word_1_555' title='bbox 1650 2217 1693 2256; x_wconf 91' lang='lat' dir='ltr'>in</span> <span class='ocrx_word' id='word_1_556' title='bbox 1723 2217 1870 2269; x_wconf 79' lang='lat' dir='ltr'>Israel,</span> <span class='ocrx_word' id='word_1_557' title='bbox 1900 2220 2123 2271; x_wconf 84' lang='lat' dir='ltr'>propterea</span> <span class='ocrx_word' id='word_1_558' title='bbox 2147 2219 2246 2260; x_wconf 86' lang='lat' dir='ltr'>veni</span> <span class='ocrx_word' id='word_1_559' title='bbox 2274 2232 2356 2272; x_wconf 85' lang='lat' dir='ltr'>ego</span> 
     </span>
     <span class='ocr_line' id='line_1_79' title="bbox 1328 2288 2356 2342; baseline 0.003 -14"><span class='ocrx_word' id='word_1_560' title='bbox 1328 2289 1371 2328; x_wconf 90' lang='lat' dir='ltr'>in</span> <span class='ocrx_word' id='word_1_561' title='bbox 1402 2301 1512 2340; x_wconf 86' lang='lat' dir='ltr'>aqua</span> <span class='ocrx_word' id='word_1_562' title='bbox 1540 2288 1772 2341; x_wconf 88' lang='lat' dir='ltr'>baptizans.</span> <span class='ocrx_word' id='word_1_563' title='bbox 1805 2303 1823 2325; x_wconf 80' lang='lat'>›)</span> <span class='ocrx_word' id='word_1_564' title='bbox 1861 2289 2118 2330; x_wconf 86' lang='lat' dir='ltr'>Describitur</span> <span class='ocrx_word' id='word_1_565' title='bbox 2150 2302 2255 2342; x_wconf 86' lang='lat' dir='ltr'>ergo</span> <span class='ocrx_word' id='word_1_566' title='bbox 2286 2290 2356 2331; x_wconf 91' lang='lat' dir='ltr'>hic</span> 
     </span>
     <span class='ocr_line' id='line_1_80' title="bbox 1328 2359 2353 2413; baseline 0.003 -15"><span class='ocrx_word' id='word_1_567' title='bbox 1328 2359 1557 2411; x_wconf 86' lang='lat' dir='ltr'>spiritualis</span> <span class='ocrx_word' id='word_1_568' title='bbox 1586 2359 1852 2411; x_wconf 83' lang='lat' dir='ltr'>regeneratio</span> <span class='ocrx_word' id='word_1_569' title='bbox 1883 2359 2050 2411; x_wconf 87' lang='lat' dir='ltr'>Christi,</span> <span class='ocrx_word' id='word_1_570' title='bbox 2073 2372 2170 2413; x_wconf 82' lang='lat' dir='ltr'>quae</span> <span class='ocrx_word' id='word_1_571' title='bbox 2197 2360 2353 2413; x_wconf 89' lang='lat' dir='ltr'>princi-</span> 
     </span>
     <span class='ocr_line' id='line_1_81' title="bbox 1327 2430 2356 2483; baseline 0.003 -14"><span class='ocrx_word' id='word_1_572' title='bbox 1327 2430 1477 2483; x_wconf 89' lang='lat' dir='ltr'>paliter</span> <span class='ocrx_word' id='word_1_573' title='bbox 1507 2430 1667 2469; x_wconf 86' lang='lat' dir='ltr'>intenta</span> <span class='ocrx_word' id='word_1_574' title='bbox 1698 2432 1761 2470; x_wconf 89' lang='lat' dir='ltr'>est</span> <span class='ocrx_word' id='word_1_575' title='bbox 1797 2430 1842 2470; x_wconf 90' lang='lat' dir='ltr'>in</span> <span class='ocrx_word' id='word_1_576' title='bbox 1874 2432 1960 2471; x_wconf 87' lang='lat' dir='ltr'>toto</span> <span class='ocrx_word' id='word_1_577' title='bbox 1991 2431 2188 2483; x_wconf 88' lang='lat' dir='ltr'>capitulo.</span> <span class='ocrx_word' id='word_1_578' title='bbox 2222 2432 2356 2473; x_wconf 90' lang='lat' dir='ltr'>Habet</span> 
     </span>
     <span class='ocr_line' id='line_1_82' title="bbox 1328 2500 2352 2553; baseline 0.003 -13"><span class='ocrx_word' id='word_1_579' title='bbox 1328 2503 1470 2540; x_wconf 90' lang='lat' dir='ltr'>autem</span> <span class='ocrx_word' id='word_1_580' title='bbox 1490 2500 1584 2540; x_wconf 81' lang='lat' dir='ltr'>haec</span> <span class='ocrx_word' id='word_1_581' title='bbox 1602 2512 1700 2553; x_wconf 90' lang='lat' dir='ltr'>pars</span> <span class='ocrx_word' id='word_1_582' title='bbox 1721 2501 1825 2541; x_wconf 92' lang='lat' dir='ltr'>duas</span> <span class='ocrx_word' id='word_1_583' title='bbox 1848 2513 1857 2541; x_wconf 91' lang='lat'>:</span> <span class='ocrx_word' id='word_1_584' title='bbox 1881 2501 1925 2540; x_wconf 91' lang='lat' dir='ltr'>in</span> <span class='ocrx_word' id='word_1_585' title='bbox 1943 2501 2080 2553; x_wconf 87' lang='lat' dir='ltr'>prima</span> <span class='ocrx_word' id='word_1_586' title='bbox 2100 2501 2352 2543; x_wconf 88' lang='lat' dir='ltr'>determina-</span> 
     </span>
     <span class='ocr_line' id='line_1_83' title="bbox 1327 2571 2355 2623; baseline 0.003 -12"><span class='ocrx_word' id='word_1_587' title='bbox 1327 2574 1397 2612; x_wconf 88' lang='lat' dir='ltr'>tur</span> <span class='ocrx_word' id='word_1_588' title='bbox 1434 2571 1587 2612; x_wconf 87' lang='lat' dir='ltr'>Christi</span> <span class='ocrx_word' id='word_1_589' title='bbox 1623 2572 1892 2623; x_wconf 85' lang='lat' dir='ltr'>regeneratio</span> <span class='ocrx_word' id='word_1_590' title='bbox 1933 2573 2266 2623; x_wconf 84' lang='lat' dir='ltr'>sacramentalis3</span> <span class='ocrx_word' id='word_1_591' title='bbox 2309 2573 2355 2615; x_wconf 91' lang='lat' dir='ltr'>in</span> 
     </span>
     <span class='ocr_line' id='line_1_84' title="bbox 1327 2643 2350 2697; baseline 0.002 -14"><span class='ocrx_word' id='word_1_592' title='bbox 1327 2643 1510 2683; x_wconf 87' lang='lat' dir='ltr'>secunda</span> <span class='ocrx_word' id='word_1_593' title='bbox 1529 2655 1630 2684; x_wconf 82' lang='lat' dir='ltr'>vero</span> <span class='ocrx_word' id='word_1_594' title='bbox 1651 2643 1801 2683; x_wconf 85' lang='lat' dir='ltr'>Christi</span> <span class='ocrx_word' id='word_1_595' title='bbox 1823 2643 2074 2696; x_wconf 83' lang='lat' dir='ltr'>genealogia</span> <span class='ocrx_word' id='word_1_596' title='bbox 2096 2645 2350 2697; x_wconf 87' lang='lat' dir='ltr'>temporalis,</span> 
     </span>
     <span class='ocr_line' id='line_1_85' title="bbox 1327 2715 2350 2768; baseline 0.004 -14"><span class='ocrx_word' id='word_1_597' title='bbox 1327 2715 1384 2754; x_wconf 88' lang='lat' dir='ltr'>ibi</span> <span class='ocrx_word' id='word_1_598' title='bbox 1408 2715 1462 2767; x_wconf 90' lang='lat' dir='ltr'>(v.</span> <span class='ocrx_word' id='word_1_599' title='bbox 1485 2715 1549 2766; x_wconf 67' lang='grc'>23)</span> <span class='ocrx_word' id='word_1_600' title='bbox 1573 2716 1658 2758; x_wconf 77' lang='lat' dir='ltr'>:Et</span> <span class='ocrx_word' id='word_1_601' title='bbox 1673 2717 1763 2768; x_wconf 78' lang='lat' dir='ltr'>ipse</span> <span class='ocrx_word' id='word_1_602' title='bbox 1780 2716 1897 2757; x_wconf 78' lang='lat' dir='ltr'>Jesus</span> <span class='ocrx_word' id='word_1_603' title='bbox 1918 2719 2008 2758; x_wconf 78' lang='lat' dir='ltr'>erat</span> <span class='ocrx_word' id='word_1_604' title='bbox 2027 2717 2254 2768; x_wconf 80' lang='lat' dir='ltr'>incipiens,</span> <span class='ocrx_word' id='word_1_605' title='bbox 2273 2720 2350 2758; x_wconf 88' lang='lat' dir='ltr'>etc.</span> 
     </span>
     <span class='ocr_line' id='line_1_86' title="bbox 1328 2786 2351 2840; baseline 0.002 -13"><span class='ocrx_word' id='word_1_606' title='bbox 1328 2786 1544 2836; x_wconf 84' lang='lat' dir='ltr'>Quantum</span> <span class='ocrx_word' id='word_1_607' title='bbox 1564 2788 1614 2828; x_wconf 91' lang='lat' dir='ltr'>ad</span> <span class='ocrx_word' id='word_1_608' title='bbox 1642 2787 1854 2840; x_wconf 75' lang='lat' dir='ltr'>primum,</span> <span class='ocrx_word' id='word_1_609' title='bbox 1882 2788 1966 2828; x_wconf 92' lang='lat' dir='ltr'>duo</span> <span class='ocrx_word' id='word_1_610' title='bbox 1994 2787 2351 2829; x_wconf 83' lang='lat' dir='ltr'>introducuntur:</span> 
     </span>
     <span class='ocr_line' id='line_1_87' title="bbox 1325 2858 2353 2912; baseline 0.001 -15"><span class='ocrx_word' id='word_1_611' title='bbox 1325 2858 1514 2911; x_wconf 87' lang='lat' dir='ltr'>primum</span> <span class='ocrx_word' id='word_1_612' title='bbox 1551 2861 1614 2898; x_wconf 89' lang='lat' dir='ltr'>est</span> <span class='ocrx_word' id='word_1_613' title='bbox 1655 2858 1893 2899; x_wconf 88' lang='lat' dir='ltr'>humiliatio</span> <span class='ocrx_word' id='word_1_614' title='bbox 1934 2870 2009 2910; x_wconf 89' lang='lat' dir='ltr'>per</span> <span class='ocrx_word' id='word_1_615' title='bbox 2042 2859 2353 2912; x_wconf 89' lang='lat' dir='ltr'>susceptionem</span> 
     </span>
     <span class='ocr_line' id='line_1_88' title="bbox 1328 2928 2354 2982; baseline 0.003 -14"><span class='ocrx_word' id='word_1_616' title='bbox 1328 2929 1578 2969; x_wconf 85' lang='lat' dir='ltr'>sacramenti</span> <span class='ocrx_word' id='word_1_617' title='bbox 1599 2929 1643 2969; x_wconf 89' lang='lat' dir='ltr'>in</span> <span class='ocrx_word' id='word_1_618' title='bbox 1663 2931 1877 2982; x_wconf 88' lang='lat' dir='ltr'>assumpta</span> <span class='ocrx_word' id='word_1_619' title='bbox 1895 2928 2185 2979; x_wconf 84' lang='lat' dir='ltr'>humanitate3</span> <span class='ocrx_word' id='word_1_620' title='bbox 2209 2941 2354 2971; x_wconf 88' lang='lat' dir='ltr'>secun-</span> 
     </span>
     <span class='ocr_line' id='line_1_89' title="bbox 1327 2999 2355 3053; baseline 0.002 -14"><span class='ocrx_word' id='word_1_621' title='bbox 1327 3000 1428 3040; x_wconf 91' lang='lat' dir='ltr'>dum</span> <span class='ocrx_word' id='word_1_622' title='bbox 1454 3001 1516 3040; x_wconf 86' lang='lat' dir='ltr'>est</span> <span class='ocrx_word' id='word_1_623' title='bbox 1543 2999 1785 3040; x_wconf 81' lang='lat' dir='ltr'>clarificatio</span> <span class='ocrx_word' id='word_1_624' title='bbox 1810 3012 1885 3053; x_wconf 88' lang='lat' dir='ltr'>per</span> <span class='ocrx_word' id='word_1_625' title='bbox 1910 2999 2213 3041; x_wconf 89' lang='lat' dir='ltr'>exhibitionem</span> <span class='ocrx_word' id='word_1_626' title='bbox 2236 3001 2355 3041; x_wconf 90' lang='lat' dir='ltr'>testi-</span> 
     </span>
     <span class='ocr_line' id='line_1_90' title="bbox 1327 3070 2355 3123; baseline 0.003 -12"><span class='ocrx_word' id='word_1_627' title='bbox 1327 3070 1459 3112; x_wconf 90' lang='lat' dir='ltr'>monii</span> <span class='ocrx_word' id='word_1_628' title='bbox 1478 3083 1502 3111; x_wconf 92' lang='lat' dir='ltr'>a</span> <span class='ocrx_word' id='word_1_629' title='bbox 1521 3073 1607 3111; x_wconf 84' lang='lat' dir='ltr'>tota</span> <span class='ocrx_word' id='word_1_630' title='bbox 1625 3071 1844 3122; x_wconf 79' lang='lat' dir='ltr'>Trinitate,</span> <span class='ocrx_word' id='word_1_631' title='bbox 1867 3071 1924 3111; x_wconf 91' lang='lat' dir='ltr'>ibi</span> <span class='ocrx_word' id='word_1_632' title='bbox 1946 3085 1955 3111; x_wconf 75' lang='grc' dir='ltr'>ε</span> <span class='ocrx_word' id='word_1_633' title='bbox 1979 3071 2182 3123; x_wconf 78' lang='lat' dir='ltr'>Apertum</span> <span class='ocrx_word' id='word_1_634' title='bbox 2203 3076 2263 3114; x_wconf 75' lang='lat' dir='ltr'>est</span> <span class='ocrx_word' id='word_1_635' title='bbox 2282 3083 2355 3114; x_wconf 75' lang='lat' dir='ltr'>(3oe-</span> 
     </span>
     <span class='ocr_line' id='line_1_91' title="bbox 1328 3142 2353 3196; baseline -0.003 -11"><span class='ocrx_word' id='word_1_636' title='bbox 1328 3143 1437 3194; x_wconf 81' lang='lat' dir='ltr'>lum‚</span> <span class='ocrx_word' id='word_1_637' title='bbox 1458 3145 1534 3184; x_wconf 91' lang='lat' dir='ltr'>etc.</span> <span class='ocrx_word' id='word_1_638' title='bbox 1559 3143 1676 3185; x_wconf 86' lang='lat' dir='ltr'>Circa</span> <span class='ocrx_word' id='word_1_639' title='bbox 1696 3142 2004 3196; x_wconf 87' lang='lat' dir='ltr'>susceptionem</span> <span class='ocrx_word' id='word_1_640' title='bbox 2029 3143 2280 3184; x_wconf 87' lang='lat' dir='ltr'>sacramenti</span> <span class='ocrx_word' id='word_1_641' title='bbox 2307 3143 2353 3183; x_wconf 90' lang='lat' dir='ltr'>in</span> 
     </span>
     <span class='ocr_line' id='line_1_92' title="bbox 1327 3214 2353 3267; baseline -0.001 -12"><span class='ocrx_word' id='word_1_642' title='bbox 1327 3215 1462 3256; x_wconf 89' lang='lat' dir='ltr'>forma</span> <span class='ocrx_word' id='word_1_643' title='bbox 1490 3215 1622 3266; x_wconf 89' lang='lat' dir='ltr'>servi,</span> <span class='ocrx_word' id='word_1_644' title='bbox 1649 3214 1906 3264; x_wconf 84' lang='lat' dir='ltr'>notandum,</span> <span class='ocrx_word' id='word_1_645' title='bbox 1928 3214 2041 3267; x_wconf 86' lang='lat' dir='ltr'>quod</span> <span class='ocrx_word' id='word_1_646' title='bbox 2065 3214 2219 3267; x_wconf 85' lang='lat' dir='ltr'>triplex</span> <span class='ocrx_word' id='word_1_647' title='bbox 2243 3214 2353 3255; x_wconf 90' lang='lat' dir='ltr'>desi-</span> 
     </span>
    </p>
   </div>
   <div class='ocr_carea' id='block_1_6' title="bbox 1327 3327 2350 3417">
    <p class='ocr_par' dir='ltr' id='par_1_9' title="bbox 1327 3327 2350 3417">
     <span class='ocr_line' id='line_1_93' title="bbox 1327 3327 2350 3371; baseline -0.002 -10"><span class='ocrx_word' id='word_1_648' title='bbox 1327 3345 1367 3352; x_wconf 96' lang='lat'><strong>—</strong></span> <span class='ocrx_word' id='word_1_649' title='bbox 1385 3329 1413 3350; x_wconf 86' lang='lat'>1²</span> <span class='ocrx_word' id='word_1_650' title='bbox 1434 3328 1547 3369; x_wconf 82' lang='lat' dir='ltr'>Apoc.,</span> <span class='ocrx_word' id='word_1_651' title='bbox 1572 3336 1660 3367; x_wconf 78' lang='lat' dir='ltr'>xxti,</span> <span class='ocrx_word' id='word_1_652' title='bbox 1684 3330 1734 3360; x_wconf 81' lang='lat'>12.</span> <span class='ocrx_word' id='word_1_653' title='bbox 1754 3345 1794 3352; x_wconf 89' lang='lat'>-</span> <span class='ocrx_word' id='word_1_654' title='bbox 1814 3327 1841 3350; x_wconf 76' lang='lat'>1³</span> <span class='ocrx_word' id='word_1_655' title='bbox 1860 3328 1986 3368; x_wconf 67' lang='lat' dir='ltr'>Amos„</span> <span class='ocrx_word' id='word_1_656' title='bbox 2012 3336 2043 3369; x_wconf 85' lang='lat' dir='ltr'>v,</span> <span class='ocrx_word' id='word_1_657' title='bbox 2067 3330 2116 3360; x_wconf 85' lang='lat'>10.</span> <span class='ocrx_word' id='word_1_658' title='bbox 2136 3345 2176 3352; x_wconf 89' lang='lat'>-</span> <span class='ocrx_word' id='word_1_659' title='bbox 2195 3328 2222 3350; x_wconf 68' lang='lat'>1⁶</span> <span class='ocrx_word' id='word_1_660' title='bbox 2237 3327 2350 3371; x_wconf 68' lang='lat' dir='ltr'>Helm,</span> 
     </span>
     <span class='ocr_line' id='line_1_94' title="bbox 1327 3376 1794 3417; baseline 0 -9"><span class='ocrx_word' id='word_1_661' title='bbox 1327 3384 1378 3417; x_wconf 77' lang='lat'>11,</span> <span class='ocrx_word' id='word_1_662' title='bbox 1399 3377 1450 3408; x_wconf 90' lang='grc'>36.</span> <span class='ocrx_word' id='word_1_663' title='bbox 1467 3393 1507 3399; x_wconf 88' lang='grc'>-</span> <span class='ocrx_word' id='word_1_664' title='bbox 1528 3376 1555 3399; x_wconf 82' lang='lat'>1⁵</span> <span class='ocrx_word' id='word_1_665' title='bbox 1574 3376 1722 3416; x_wconf 79' lang='lat' dir='ltr'>Joan.,1,</span> <span class='ocrx_word' id='word_1_666' title='bbox 1744 3377 1794 3408; x_wconf 88' lang='grc'>31.</span> 
     </span>
    </p>
   </div>
   <div class='ocr_carea' id='block_1_7' title="bbox 1371 3440 1643 3482">
    <p class='ocr_par' dir='ltr' id='par_1_10' title="bbox 1371 3440 1643 3482">
     <span class='ocr_line' id='line_1_95' title="bbox 1371 3440 1643 3482; baseline -0.007 -9"><span class='ocrx_word' id='word_1_667' title='bbox 1371 3441 1412 3481; x_wconf 84' lang='lat' dir='ltr'>(a)</span> <span class='ocrx_word' id='word_1_668' title='bbox 1440 3441 1536 3482; x_wconf 63' lang='grc' dir='ltr'><em>γαίῃ.</em></span> <span class='ocrx_word' id='word_1_669' title='bbox 1557 3440 1643 3472; x_wconf 93' lang='lat' dir='ltr'>Noli.</span> 
     </span>
    </p>
   </div>
  </div>
 </body>
</html>
