2634 3853
250 98 328 137 202

248 183 450 233 solvitur,
491 181 571 222 nisi
611 180 747 232 frigus
790 179 1059 219 continuetur
1097 191 1105 216 ε
1147 176 1275 216 flante

247 255 361 296 enim
380 256 523 295 austro
541 284 551 301 ‚
573 252 613 292 id
640 256 727 301 est,
766 250 1042 303 prosperitate
1065 246 1276 287 accidente

246 326 421 367 faciliter
457 323 752 374 extinguitur3
794 320 905 360 unde
948 319 992 358 in
1026 318 1195 359 Psalmo
1226 317 1236 338 ¹
1264 331 1273 356 :

253 411 272 434 α
288 395 465 437 Lavabis
486 405 554 433 me
570 425 580 443 ,
605 396 645 432 et
666 403 791 443 super
821 390 965 429 nivem
985 388 1227 428 dealbabor.
1255 401 1274 425 ι)

246 464 352 507 Vere
372 477 498 517 super
519 464 662 503 nivem
689 461 931 509 dealbatur,
953 459 1027 512 qui
1059 458 1277 498 affluentia

247 548 332 577 non
363 534 664 585 corrumpitur.
705 531 939 573 Niccdiores
973 530 1099 574 lacte:
1129 528 1173 568 in
1192 541 1277 581 quo

248 607 455 648 munditia
474 604 623 653 cordis,
639 603 740 656 quia
758 602 865 642 sicut
886 601 959 641 nix
980 603 1113 651 extra,
1138 600 1196 640 sic
1214 600 1278 639 lac

248 680 358 719 intra
380 675 621 730 perducitur
644 674 696 714 ad
715 673 942 714 candorem
975 684 1050 724 per
1077 671 1276 724 purifica-

248 750 406 789 tionem
431 747 482 798 (a)
503 744 742 797 sanguinis,
757 744 798 784 id
816 746 892 793 est,
909 742 1210 783 extinctionem
1225 741 1275 794 (b)

249 820 386 862 omnis
407 817 716 867 immunditiae,
750 819 791 857 et
820 815 1053 856 immundae
1091 813 1276 854 affectio-

249 892 315 932 nis
331 894 372 932 et
391 888 673 942 cogitationis.
697 887 771 928 Vel
790 887 834 927 in
854 886 989 926 nitore
1022 885 1140 925 lactis
1157 883 1279 925 aflec-

250 966 318 1003 tus
337 961 500 1015 pietatis
514 963 553 1001 et
567 971 693 1012 opera
710 957 1008 998 misericordiae
1027 956 1080 997 ad
1100 967 1274 1008 egenos.

251 1031 591 1074 Rubicundz‘ores
610 1030 723 1072 ebore
743 1030 940 1081 anciqzc03
980 1029 1024 1068 in
1046 1039 1131 1080 quo
1152 1028 1279 1068 nota-

250 1107 320 1144 tur
354 1101 610 1152 refulgentia
651 1099 883 1140 honestatis
923 1111 933 1139 :
973 1099 1080 1139 ebur
1130 1098 1279 1139 candet

249 1174 402 1227 primo,
434 1171 604 1212 tandem
637 1170 781 1222 vergit
815 1170 859 1210 in
890 1170 1094 1210 ruborem
1133 1184 1142 1210 z
1180 1169 1281 1222 quia

250 1244 374 1297 plena
393 1243 615 1283 maturitas
635 1241 894 1295 perlongam
911 1241 1145 1293 acquiritur
1158 1253 1280 1282 exer-

252 1315 508 1355 citationem.
535 1313 608 1354 Vel
646 1313 692 1353 in
728 1313 809 1353 hoc
848 1312 988 1352 fervor
1026 1312 1283 1364 intelligitur

252 1386 467 1428 charitatis
488 1399 496 1426 :
517 1384 650 1425 rubor
669 1384 785 1425 enim
805 1383 849 1423 in
877 1382 1003 1433 facie,
1026 1383 1209 1424 calorem
1228 1383 1282 1423 si-

255 1458 444 1510 gnificat,
465 1456 532 1498 vel
552 1458 662 1496 certe
680 1455 886 1507 pudorem
904 1456 945 1494 et
964 1455 1278 1505 verecundiam,

253 1532 302 1570 ut
320 1528 475 1581 pudeat
495 1528 636 1580 turpia
667 1527 824 1576 dicere,
857 1525 925 1567 vel
954 1525 1116 1566 audire.
1142 1525 1217 1567 Vel
1240 1526 1283 1565 in

254 1600 380 1641 ebore
403 1600 605 1652 antiquo,
628 1597 903 1650 antiquorum
933 1600 1175 1637 sanctorum
1205 1598 1283 1637 sub

253 1671 350 1722 lege
369 1669 587 1722 perfectio;
606 1668 678 1709 sed
700 1670 799 1708 sunt
814 1680 928 1708 nunc
943 1668 1283 1720 rubicundiores,

254 1740 355 1794 quia
373 1742 510 1793 major
535 1742 597 1780 est
616 1739 659 1779 in
679 1738 913 1791 Evangelio
933 1738 1145 1791 perfectio.
1168 1740 1282 1792 Sap-

251 1813 378 1866 phiro
396 1811 659 1865 pulchriores
677 1825 686 1853 ε
703 1812 747 1851 in
761 1823 846 1864 quo
866 1811 1004 1863 gratia
1025 1813 1282 1864 contempla—

254 1884 379 1924 tionis
397 1883 665 1935 designatur,
685 1885 725 1923 et
743 1882 998 1923 desiderium
1019 1883 1283 1924 aeternitatis.

256 1954 356 1995 Haec
375 1957 473 1995 sunt
493 1966 613 2006 ergo,
638 1966 738 2007 quae
764 1953 918 1994 debent
935 1955 1128 2006 perfectis
1148 1954 1286 1996 inesse

255 2025 468 2077 religiosis
507 2025 570 2076 (c).
603 2023 683 2065 Ubi
719 2025 885 2078 primus
917 2026 1078 2076 gradus
1109 2028 1192 2075 est,
1233 2026 1286 2066 ab

256 2096 374 2137 omni
405 2096 672 2149 corruptione
714 2095 1035 2137 immaculatum
1066 2108 1110 2137 se
1144 2099 1285 2137 custo-

257 2167 365 2218 dire,
403 2169 610 2220 quantum
642 2166 800 2219 patitur
831 2166 1023 2207 humana.
1053 2167 1282 2220 fragilitas3

256 2239 486 2289 secundUS,
522 2250 668 2279 curam
704 2250 789 2279 non
826 2238 1049 2290 negligere
1083 2241 1282 2293 proximi,

257 2312 465 2363 quantum
502 2309 687 2362 suppetit
718 2309 910 2360 facultas3
946 2311 1117 2360 tertius⁷
1143 2311 1186 2351 in
1213 2323 1286 2351 ru-

258 2381 360 2422 bore
387 2381 620 2422 devotionis
663 2383 818 2421 sanctae
855 2384 896 2421 et
927 2382 1059 2421 sancti
1097 2382 1284 2434 pudoris,

257 2452 363 2493 dura
383 2455 423 2493 et
440 2452 618 2504 indigna
643 2452 802 2493 fortiter
829 2452 1009 2494 tolerare
1032 2485 1042 2503 ⁷
1074 2456 1286 2506 quantum

257 2525 355 2564 sinit
381 2524 572 2565 humana
606 2524 856 2575 infirmitas;
891 2529 1070 2577 quartus
1090 2525 1134 2565 in
1154 2526 1288 2566 omni-

258 2596 337 2636 bus
364 2596 417 2636 ad
436 2596 569 2636 Deum
590 2608 761 2648 quoque
789 2596 843 2649 (d)
867 2597 919 2637 ad
941 2597 1095 2637 coelum
1115 2598 1288 2638 oculum

258 2667 436 2718 erigere,
460 2668 668 2719 quantum
687 2667 890 2719 praevalet
909 2668 1098 2708 humana
1118 2669 1289 2721 possibi-

258 2737 369 2777 litas,
393 2737 549 2788 Magna
568 2740 628 2778 est
660 2738 796 2790 igitur
828 2738 921 2779 haec
959 2739 1285 2781 commendatio.
1307 2739 1310 2741 ’

313 2811 352 2848 8.
375 2807 499 2850 Heth.
529 2808 574 2861 (e)
596 2808 798 2862 Sequitur
820 2822 830 2850 ε
859 2810 1094 2863 Deniqraza
1115 2815 1190 2861 esc,
1214 2812 1289 2853 ubi

260 2878 414 2919 candor
432 2879 557 2930 nivis,
576 2879 694 2920 lactis
714 2881 847 2931 nitor,
876 2881 1006 2922 rubor
1039 2881 1177 2922 eboris
1211 2894 1286 2923 an-

259 2950 395 3002 tiqui,
433 2949 702 3002 pulchritudo
732 2951 918 3004 sapphiri
946 2952 1170 3004 nigredine
1195 2965 1286 2994 car-

259 3021 382 3061 bonis
401 3020 624 3061 obducitur
647 3035 655 3061 :
679 3034 763 3074 qua
777 3023 883 3063 dere
901 3023 1000 3064 dicit
1022 3036 1032 3064 ε
1057 3025 1290 3077 Dem'qrala

260 3095 336 3134 est.
359 3091 438 3133 Ubi
458 3091 595 3144 primo
619 3091 784 3144 plangit
805 3105 954 3134 eorum
974 3095 1285 3146 carnalitatem3

260 3163 444 3204 secundo
477 3163 820 3215 excaecationem,
842 3165 899 3204 ibi
922 3177 932 3205 ε
957 3165 1161 3218 Adhoesz‘t,
1189 3170 1285 3218 etc.;

260 3233 384 3274 tertio
414 3233 751 3284 obdurationem,
775 3233 833 3274 ibi
857 3248 866 3275 :
888 3235 1036 3286 Arm't,
1057 3239 1135 3277 etc.

308 3341 313 3357 ¹
334 3339 424 3371 Psal.
445 3348 476 3379 L,
499 3340 530 3370 9.
550 3356 584 3361 —
608 3340 622 3360 2
641 3339 718 3379 rsa„
738 3347 815 3380 xm,
837 3342 866 3373 8.
884 3357 922 3364 -
941 3342 954 3363 ⁸
974 3341 1118 3382 Nahum,
1142 3351 1182 3384 11,
1201 3346 1230 3376 9.
1254 3362 1287 3367 —

266 3386 385 3426 ‘Joel.,
407 3395 445 3426 11,
463 3389 491 3418 6.
507 3403 548 3410 -
569 3387 584 3411 ⁶
599 3387 732 3427 Mateta„
755 3395 817 3427 vn,
841 3389 890 3420 16.

603 89 875 132 EXPOSITIO
906 88 958 131 IN
986 57 1697 130 LAMENTATIONESAJEREMIAE
1724 88 2033 132 PROPHETAE.

1405 176 1509 217 Dicit
1528 188 1635 229 ergo
1667 192 1675 218 :
1710 178 1943 231 Deniqrata
1967 183 2025 222 est
2059 180 2192 232 facies
2224 191 2379 235 eorum,

1351 248 1487 288 cordis
1507 251 1729 299 secretum,
1747 252 1788 289 et
1804 252 2135 292 conversatIOnis
2147 253 2379 305 evidentia3

1351 329 1476 371 super
1492 319 1715 369 carbones,
1739 319 1784 359 in
1803 320 1959 372 quibus
1990 321 2154 363 lumine
2179 324 2379 376 extincto,

1351 389 1439 430 sola
1469 394 1661 431 remanet
1698 390 1906 431 terrestris
1945 391 2141 442 nigredo.
2165 394 2179 415 Β
2199 408 2218 431 «
2243 393 2384 435 Facies

1353 461 1585 501 combustae
1606 462 1753 503 vultus
1773 474 1936 503 eorum.
1959 476 1979 500 n
2006 462 2058 503 Et
2075 464 2187 515 quod
2212 469 2384 518 propter

1355 531 1498 572 sordes
1517 532 1773 573 carnalitatis
1798 533 1998 588 praedicto
2022 534 2193 574 candori
2225 538 2386 577 contra-

1354 602 1540 653 riantur,
1564 603 1734 645 Nahum
1758 607 1771 629 ³
1792 618 1800 644 z
1828 618 1847 641 «
1866 604 2037 656 Diripite
2060 605 2107 657 (Γ)
2131 608 2383 659 argentum3

1354 672 1521 726 diripite
1544 674 1597 725 (f)
1617 687 1773 715 aurum
1795 689 1805 715 ε
1841 677 1882 715 et
1911 687 1997 715 non
2022 676 2120 716 finis
2139 676 2385 719 divitiarum

1353 755 1408 784 ex
1426 745 1624 786 omnibus
1637 747 1749 786 vasis
1771 746 2118 787 desiderabilibus
2146 747 2386 791 :dissolutio

1355 815 1653 868 geniculorum
1669 847 1679 866 ‚
1704 820 1744 857 et
1762 818 1937 858 defectio
1959 818 2119 858 cunctis
2137 820 2324 871 renibUS,
2347 823 2388 861 et

1353 887 1478 928 facies
1492 888 1686 928 omnium
1702 889 1811 929 sicut
1824 889 2003 941 nigredo
2023 889 2133 930 ollae.
2147 890 2213 928 »⁸«
2233 890 2388 931 Omnes

1355 959 1500 1000 vultus
1520 960 1776 1010 redigentur
1796 960 1840 999 in
1861 961 1943 1000 olla
1967 962 2033 1013 (q).
2054 975 2074 999 ›>
2106 962 2160 1004 Et
2181 971 2268 1004 non
2286 966 2388 1005 sunt

1356 1031 1518 1082 coynizz·
1535 1031 1583 1073 in
1597 1030 1754 1083 plateis
1776 1044 1884 1072 :non
1898 1035 1999 1072 sunt
2018 1033 2177 1084 cogniti
2199 1045 2276 1085 pro
2292 1034 2386 1074 tali·

1355 1101 1451 1152 tm,
1474 1102 1621 1154 quales
1640 1113 1730 1143 esse
1752 1102 1957 1154 solebant,
1978 1103 2079 1156 quia
2105 1103 2149 1144 in
2168 1104 2330 1156 plateiS,
2347 1104 2390 1146 id

1357 1174 1431 1224 est,
1455 1173 1497 1212 in
1516 1172 1775 1223 carnalitate,
1796 1173 1890 1213 aliis
1912 1174 2176 1214 conformes:
2198 1175 2390 1228 frequen-

1324 1273 1326 1275 >
1356 1243 1414 1283 tia
1433 1242 1606 1296 quidem
1625 1242 1863 1295 platearum
1883 1243 2140 1285 decoloravit
2158 1257 2387 1298 nazaraeos,

1357 1318 1398 1356 et
1417 1315 1690 1367 peregrinam
1701 1316 1884 1368 speeiem
1904 1315 2085 1357 induxit.
2099 1316 2173 1359 Vel
2184 1329 2271 1358 non
2291 1320 2390 1359 sunt

1357 1387 1532 1439 cogniti,
1553 1387 1655 1440 quia
1676 1387 1907 1428 creduntur
1923 1387 2024 1428 boni
2036 1419 2048 1438 ,
2064 1400 2161 1428 cum
2176 1388 2260 1429 sint
2271 1389 2388 1431 mali.

1358 1459 1370 1480 ⁵
1395 1473 1415 1496 a
1431 1458 1467 1498 A
1487 1458 1693 1498 fructibus
1715 1469 1864 1499 eorum
1881 1459 2146 1510 cognoscetis
2167 1471 2252 1500 eos.
2273 1460 2389 1502 »Ad-

1358 1530 1483 1572 lzoesz‘t
1501 1531 1614 1572 cutis
1629 1540 1771 1571 eorum
1789 1530 1955 1571 ossibus
1970 1541 1984 1569 .·
2004 1529 2073 1569 bic
2087 1541 2237 1570 eorum
2254 1542 2390 1572 excae-

1360 1601 1569 1641 cationem
1587 1600 1768 1653 plangit,
1783 1601 1924 1640 dicens
1947 1614 1956 1639 z
1980 1599 2177 1643 Adhaesit
2196 1603 2324 1644 cutis.
2344 1602 2391 1643 In

1359 1674 1468 1722 cute,
1490 1683 1587 1723 quae
1609 1675 1755 1711 tenera
1774 1673 1858 1722 est,
1880 1670 2078 1712 mollities
2107 1673 2390 1714 conversatio-

1359 1742 1448 1792 nis;
1468 1741 1513 1782 in
1531 1742 1698 1782 ossibus
1722 1742 1925 1783 fortitudo
1945 1742 2054 1783 vitii.
2075 1742 2268 1784 Adhaesit
2287 1756 2392 1796 ergo

1360 1814 1467 1855 cutis
1486 1814 1616 1863 ossis,
1639 1814 1739 1866 quia
1770 1814 1823 1854 ab
1855 1814 1915 1854 eis
1950 1826 2081 1867 prave
2113 1815 2393 1856 sentientibus

1361 1885 1591 1925 infirmitas
1608 1885 1717 1935 vitii,
1740 1885 1896 1926 duritia
1925 1886 1993 1927 vel
2021 1886 2243 1927 difficultas
2261 1886 2411 1936 virtu--

1359 1957 1413 1997 tis
1445 1956 1728 1997 existimatur.
1765 1956 1882 1998 Unde
1912 1957 2096 1998 multum
2122 1960 2272 2011 putant
2302 1969 2394 1999 esse

1360 2028 1504 2078 semel,
1538 2028 1612 2068 ubi
1644 2027 1805 2067 deliciis
1842 2028 2164 2079 ingurgitantes
2199 2029 2395 2070 imbuant

1361 2111 1427 2151 se3
1455 2100 1659 2141 virtutem
1690 2101 1843 2152 putant
1862 2111 1953 2140 esse
1984 2100 2029 2140 in
2061 2100 2234 2141 eeclesia
2265 2103 2390 2153 stare,

1360 2171 1436 2212 ubi
1455 2174 1624 2225 pactum
1647 2171 1808 2212 faciunt
1832 2171 1879 2224 (h)
1896 2171 1977 2212 nisi
1996 2171 2163 2212 lucrum
2183 2183 2390 2224 quaerere,

1360 2242 1429 2284 vel
1449 2242 1630 2295 ineptias
1652 2242 1843 2294 cogitare
1857 2274 1868 2292 ‚
1884 2242 1954 2283 vel
1968 2254 2139 2295 poenam
2157 2243 2309 2294 fugere
2331 2243 2392 2297 (i).

1362 2314 1441 2355 Sed
1467 2326 1544 2366 pro
1573 2325 1723 2355 eorum
1757 2313 2037 2354 obduratione
2067 2314 2192 2354 infert
2214 2324 2224 2352 ε
2245 2315 2391 2366 Amic,

1361 2385 1462 2438 quia
1469 2385 1714 2437 cognitione
1723 2385 1971 2425 suiminime
1985 2385 2226 2438 (j)virescit;
2238 2387 2396 2437 etfacta

1361 2460 1422 2500 est
1443 2457 1570 2509 quasi
1587 2456 1778 2509 limium,
1800 2456 2054 2497 insensibilis
2081 2456 2133 2497 ad
2159 2459 2392 2510 peccatum.

1415 2532 1455 2570 9.
1482 2528 1595 2571 Tem.
1615 2528 1772 2570 Melius
1788 2529 1888 2579 fuit,
1912 2530 1990 2569 etc.
2013 2528 2089 2569 Hic
2108 2528 2231 2569 tertio
2257 2529 2396 2582 deplo-

1361 2612 1457 2642 rare
1477 2601 1645 2642 videtur
1665 2599 1795 2641 simul
1812 2600 1983 2652 lapsum
2000 2600 2226 2641 amborum
2241 2632 2252 2651 ,
2281 2601 2393 2641 scili-

1362 2674 1426 2713 cet
1445 2671 1722 2724 praelatorum
1743 2673 1783 2711 et
1802 2669 2120 2721 religiosorum,
2145 2682 2395 2724 comparans

1362 2745 1518 2783 statum
1540 2741 1759 2795 praesentis
1779 2741 1973 2782 Ecclesiae
1994 2743 2185 2794 respectu
2200 2741 2395 2783 Ecclesiae

1363 2814 1592 2868 primitivae
1633 2825 1643 2853 ε
1677 2813 1797 2865 quasi
1837 2811 1980 2852 minus
2018 2812 2163 2853 nocuit
2200 2813 2397 2855 Ecclesiae

1363 2885 1578 2927 tribulatio
1620 2883 1886 2926 adversitatis
1926 2885 2230 2936 tyrannorum,
2266 2896 2395 2936 quam

1363 2957 1572 2998 infestatio
1592 2954 1884 3008 prosperitatis
1902 2954 2202 3006 temporalium
2225 2968 2234 2994 ε
2257 2956 2298 2995 et
2315 2954 2395 2996 hoc

1362 3029 1407 3069 in
1446 3026 1592 3068 multis
1641 3040 1650 3066 :
1699 3037 1831 3078 quare
1874 3026 2018 3076 postea
2059 3024 2183 3076 pauci
2224 3025 2396 3066 fuerunt

1364 3099 1509 3140 sancti.
1533 3097 1651 3139 Unde
1679 3096 1778 3138 dicit
1801 3109 1809 3135 :
1836 3094 1991 3137 Melius
2018 3095 2126 3146 fuit,
2149 3097 2226 3136 etc.
2258 3096 2393 3138 Raba-

1409 3204 1449 3243 (α)
1472 3202 1553 3235 Coet.
1571 3201 1652 3232 edit.
1669 3199 1964 3241 putrefactionem.
1986 3215 2025 3221 —
2048 3198 2089 3239 (b)
2112 3199 2192 3230 Item
2216 3200 2395 3233 extinctio-

1363 3251 1478 3283 nis.—
1500 3250 1540 3290 (c)
1561 3250 1641 3280 Item
1655 3247 1885 3288 religionis.—
1904 3246 1951 3286 (d)
1963 3247 2040 3287 Leq,
2055 3246 2236 3279 scilicet.—
2254 3248 2296 3289 (e)
2315 3249 2394 3281 Coet.

1363 3298 1445 3330 edit.
1474 3296 1552 3329 Sed.
1568 3313 1608 3319 —
1631 3296 1672 3335 (f)
1701 3295 1781 3325 [tem
1803 3293 1941 3333 Dirigite
1967 3296 2145 3334 argentum
2163 3306 2174 3337 3
2208 3295 2397 3337 dirigite.—

1365 3345 1410 3386 (q)
1437 3344 1532 3384 Vulq.
1555 3342 1668 3374 ollam.
1693 3358 1733 3364 -—
1762 3341 1812 3382 (h)
1840 3340 1958 3382 Suppl.
1985 3341 2079 3372 nibil.
2102 3358 2141 3365 -—
2160 3343 2196 3384 (i)
2225 3343 2307 3374 Coet.
2328 3342 2397 3375 edit

1363 3400 1467 3432 poena
1487 3390 1608 3422 furere.
1631 3404 1670 3414 -·-
1692 3389 1736 3430 (j)
1753 3388 1834 3420 Item
1853 3387 1997 3420 minimi.
