2587 3845
200 132 277 171 112

201 215 407 266 exterius3
429 217 471 255 et
487 215 584 256 inde
610 214 790 263 turbati,
820 214 1012 253 interius.
1042 209 1158 250 Unde
1179 209 1189 230 ¹
1214 222 1222 247 :

208 302 227 326 (ι
249 286 313 328 Ad
335 288 542 339 punctum
569 285 614 324 in
633 284 797 324 modico
817 281 1021 333 dereliqui
1044 283 1098 328 te,
1123 281 1163 318 et
1183 279 1226 317 in

203 360 420 398 momento
474 353 779 405 indignationis
828 350 1026 391 abscondi
1078 348 1228 389 faciem

205 439 344 468 meam
376 436 603 478 parumper
643 436 667 463 a
698 432 756 472 tc,
792 425 832 462 et
862 422 906 460 in
945 418 1232 459 misericordia

205 497 458 550 sempiterna
478 494 674 534 misertus
688 504 783 531 sum
807 491 916 531 tui.»
935 489 1051 530 Unde
1068 490 1081 510 2
1104 503 1112 529 :
1143 488 1232 528 «Te

207 571 349 609 autem
368 579 453 606 non
474 564 621 604 faciam
642 563 686 601 in
705 560 1111 601 consummationem
1128 572 1138 610 3
1161 558 1233 598 sed

208 639 420 690 castigabo
446 640 485 676 te
513 636 556 675 in
574 633 735 686 judicio
750 664 762 682 ,
782 634 831 672 ut
849 644 935 672 non
955 631 1137 672 videaris
1159 630 1233 670 tibi

209 709 422 751 innoxius.
444 721 462 743 »
482 706 659 757 Siqnum
670 703 864 745 habentes
877 704 1047 753 salutis,
1063 701 1206 742 Glossa
1223 712 1232 740 ε

216 795 235 819 α
251 781 489 832 serpentem
527 787 718 824 ameum,
756 786 833 826 pro
871 774 995 825 signo
1033 773 1234 824 positum,

210 852 333 903 quus
352 852 523 901 aspectu
538 847 809 895 sanabantur,
825 847 872 885 ut
882 844 1030 897 patetss.
1048 844 1116 885 Act
1132 854 1239 885 com-

211 921 552 963 memorationem
579 916 780 959 mandati
813 916 916 968 teqis
950 919 1049 965 tuae,
1086 914 1240 954 scilicet

214 991 508 1039 custodiendae,
525 987 758 1030 secundum
770 986 875 1026 illud
885 989 898 1010 ⁶
915 1001 922 1025 :
943 1001 961 1023 α
972 985 1022 1026 Et
1033 995 1241 1024 memores

214 1061 619 1103 suntmaudatorum
633 1058 779 1110 ipsiuS,
797 1056 848 1096 ad
861 1055 1099 1095 faciendum
1119 1066 1168 1094 ea
1191 1066 1199 1093 :
1217 1067 1235 1090 ›>

214 1132 321 1172 sicut
340 1142 445 1183 puer
458 1128 680 1180 negligens
695 1125 937 1177 flagellatur
951 1126 1000 1164 ut
1019 1123 1241 1164 lectionem

216 1213 338 1242 suam
371 1200 543 1251 repetat.
578 1197 630 1238 Et
667 1196 889 1236 confirmat
919 1194 969 1245 (a)
1007 1208 1017 1234 ι
1052 1193 1102 1233 Et
1137 1194 1244 1233 bene

216 1271 303 1313 dixi
333 1271 503 1323 siqnum
531 1268 749 1318 habentes,
777 1278 865 1307 non
886 1276 1059 1307 causam
1089 1266 1144 1316 (v.
1176 1264 1243 1316 7):

217 1343 293 1395 qui
310 1343 423 1383 enim
442 1350 663 1382 conversus
684 1342 756 1388 est,
790 1337 944 1378 scilicet
972 1336 1041 1376 vel
1069 1335 1247 1375 interius

218 1425 294 1466 per
311 1411 603 1466 poenitentiam
622 1410 673 1450 ad
706 1409 858 1457 Deum,
880 1407 949 1449 vel
977 1406 1164 1448 exterius
1196 1405 1248 1445 ad

219 1486 457 1537 serpentem
478 1493 649 1522 aeneum
672 1480 719 1533 (b)
736 1479 1025 1532 aspiciendum
1043 1492 1052 1518 :
1069 1487 1155 1519 non
1175 1486 1250 1528 per

221 1555 271 1597 id
286 1553 400 1608 quod
418 1553 664 1602 videbatur,
687 1551 843 1591 scilicet
872 1549 992 1590 oculo
1024 1547 1246 1600 corporali,

223 1625 470 1673 sanabatur,
485 1624 525 1664 id
537 1625 613 1672 cst,
626 1634 712 1662 non
725 1633 800 1673 per
814 1624 1051 1672 serpentem
1063 1631 1247 1669 aeneum,

223 1696 299 1739 sed
314 1707 390 1749 per
410 1701 447 1737 te
467 1694 734 1736 Salvatorem
763 1692 966 1739 omnium,
987 1702 1062 1742 per
1093 1690 1252 1730 dictum

224 1769 461 1819 serpentem
481 1765 713 1816 signatum,
733 1762 822 1813 cui,
840 1773 926 1801 non
944 1761 1047 1800 huic
1068 1759 1130 1812 (c),
1160 1760 1254 1800 obe-

225 1837 365 1878 diebat
386 1837 398 1858 ⁵
424 1851 433 1877 ε
462 1851 480 1874 «
510 1835 627 1876 Sicut
653 1834 817 1887 Moyses
851 1831 1053 1872 exaltavit
1083 1842 1253 1883 serpen-

225 1911 312 1949 tem
331 1908 376 1948 in
396 1907 574 1956 deserto,
615 1906 674 1945 ita
703 1904 880 1946 exaltari
917 1905 1080 1956 oportet
1117 1902 1254 1942 filium

226 1979 436 2030 hominis3
461 1993 481 2016 ι)
506 1978 614 2018 sieut
632 1977 760 2017 etiam
788 1977 983 2015 mortuus
1010 1985 1096 2013 non
1120 1973 1257 2025 potuit

228 2051 417 2092 suscitari
438 2062 512 2103 per
531 2049 669 2091 Elisaei
687 2047 839 2088 baculu
848 2058 887 2086 m
903 2078 912 2096 ,
937 2048 985 2085 ut
1013 2044 1194 2084 habetur
1214 2043 1258 2083 in

228 2122 337 2163 libro
351 2123 507 2175 Regum
528 2121 557 2161 ⁶.

284 2196 323 2233 8.
345 2193 395 2234 In
416 2193 490 2234 hoc
510 2195 652 2233 autem
673 2188 912 2239 ostendisti,
941 2189 1019 2227 etc.
1037 2200 1045 2225 :
1068 2185 1137 2225 hic
1158 2185 1257 2225 sub-

228 2263 432 2315 jungitur
453 2261 664 2314 praedictae
682 2257 915 2312 punitionis
941 2260 981 2296 et
1001 2254 1260 2295 liberationis

232 2334 355 2383 ratio,
376 2333 529 2373 scilicet
549 2330 731 2371 ostensio
751 2329 906 2370 divinae
925 2327 1098 2379 justitiae
1119 2328 1159 2366 et
1181 2324 1259 2365 mi-

234 2403 470 2444 serieordiae
493 2416 501 2442 ε
526 2403 567 2442 et
587 2401 726 2453 primo
747 2412 799 2440 ex
823 2401 941 2451 parte
961 2396 1263 2450 AEgyptiorum

234 2474 506 2527 punitorum,
548 2471 730 2512 ostensio
766 2470 922 2510 divinae
953 2467 1157 2521 justitiae,
1198 2478 1263 2505 se-

235 2544 388 2594 cundo,
424 2556 477 2584 cx
511 2545 629 2595 parte
662 2540 941 2581 Hebraeorum
968 2538 1262 2586 liberatorum,

237 2614 419 2656 ostensio
455 2613 611 2654 divmae
649 2610 972 2659 misericordiae,
1005 2611 1046 2648 et
1067 2607 1265 2660 quaedam

239 2695 377 2724 causae
397 2682 489 2722 aliae
513 2696 521 2720 :
546 2681 677 2722 Filios
696 2684 836 2721 autem
863 2682 970 2728 tuos,
993 2680 1069 2717 etc.

293 2754 345 2794 In
364 2753 437 2794 hoc
459 2755 615 2801 autem,
637 2749 792 2790 scilicet
817 2749 861 2788 in
886 2747 1187 2800 AEgyptiorum
1207 2746 1266 2785 af-

241 2824 446 2872 flictione,
469 2825 509 2862 et
541 2820 826 2862 Israelitarum
864 2817 974 2858 facili
1007 2816 1267 2867 liberatione,

243 2892 487 2942 ostendisti,
508 2892 550 2932 id
570 2896 651 2940 est,
674 2889 892 2931 ostendere
910 2887 1098 2937 voluisti,
1121 2899 1272 2939 quam-

243 2966 310 3008 vis
330 2965 387 3005 illi
408 2977 493 3005 non
513 2963 711 3005 viderint.
734 2961 850 3002 Unde
871 2973 958 3001 non
977 2962 1151 3013 possunt
1171 2971 1273 3000 con-

246 3035 381 3089 queri,
414 3035 495 3074 nisi
529 3034 578 3074 de
608 3033 794 3074 caecitate
828 3031 1048 3072 oculorum
1081 3042 1272 3081 suorum,

248 3106 356 3147 sicut
382 3105 417 3144 si
448 3104 571 3144 alicui
600 3104 714 3156 lippo
741 3101 983 3143 ostendatur
1017 3100 1079 3140 sol
1110 3101 1274 3150 lucens,

248 3179 290 3217 et
307 3176 375 3217 ille
395 3187 479 3216 non
499 3173 662 3224 videat,
697 3172 930 3213 secundum
968 3170 1274 3222 Augustinum.

292 3260 302 3281 ¹
323 3260 402 3298 Isa,
421 3264 489 3297 ων,
511 3258 541 3287 7.
561 3273 597 3278 —-
619 3256 632 3276 ²
647 3255 784 3292 Je›·em.,
805 3262 887 3293 XXX,
910 3256 959 3285 11.
975 3271 1017 3277 -—-
1036 3253 1049 3274 3
1069 3253 1182 3292 Num„
1204 3260 1277 3294 XXI,

251 3308 281 3338 9.
302 3323 342 3329 —
362 3306 372 3324 ⁴
392 3303 700 3343 Psal.C11,1S.—
718 3302 731 3322 ὅ
749 3302 856 3340 doun„
878 3308 934 3340 111,
959 3302 1008 3332 14.
1029 3318 1069 3323 ·—
1091 3302 1102 3319 ⁰
1125 3301 1165 3331 lV
1189 3301 1277 3341 Κεφ,

252 3361 297 3392 lv,
320 3355 370 3385 31.
396 3369 434 3375 -
453 3352 466 3373 ⁷
487 3352 585 3390 Aug„
613 3349 654 3380 de
679 3349 771 3381 Doct.
795 3348 936 3387 Christ„
955 3347 1012 3380 lib.
1034 3349 1061 3385 1,
1083 3347 1218 3388 prolog.
1239 3365 1279 3371 —

252 3400 266 3421 ⁸
286 3399 375 3431 Psal.
396 3405 522 3438 xxxm,
544 3399 596 3429 20.
613 3413 655 3420 —
673 3397 684 3414 ⁹
703 3396 812 3436 Joan.,
832 3403 855 3435 1,
877 3396 908 3425 8.
932 3412 966 3417 —-
994 3395 1015 3413 ¹·
1035 3394 1124 3426 Psal.
1143 3402 1279 3436 xxxin,

802 123 1074 167 EXPOSlTlO
1105 120 1156 162 IN
1185 119 1384 162 LIBRUM
1412 121 1724 163 SAPIENTIAE.

1299 210 1496 252 inimicis
1535 211 1715 260 nostris,
1749 209 1903 250 scilieet
1934 209 2148 262 AEgyptiis
2182 222 2191 250 :
2227 210 2328 250 mali

1300 280 1414 320 enim
1435 283 1533 320 sunt
1554 279 1715 319 inimici
1732 280 1948 331 justorum
1963 311 1975 330 ,
2003 280 2157 320 scilicet
2177 280 2327 330 active,

1301 361 1387 389 non
1423 350 1614 402 passive,
1661 350 1733 401 qui
1783 349 1938 389 scilicet
1983 349 2130 389 odiunt
2166 350 2329 400 Justos,

1303 420 1500 470 quamvis
1534 420 1767 471 diligantur
1799 419 1852 458 ab
1887 419 1946 459 eis
1969 433 1978 458 z
2002 418 2243 467 ostendisti,
2274 418 2335 458 in-

1304 501 1448 541 quam,
1473 492 1576 542 quia
1597 494 1642 532 tu
1667 501 1728 539 es,
1751 489 1904 529 seilicet
1923 489 2060 540 solus,
2085 490 2161 541 qui
2181 488 2335 530 liberas

1306 559 1356 600 ab
1376 561 1493 601 omni
1514 560 1636 602 malo.
1673 559 1789 600 Unde
1810 560 1823 582 ⁸
1848 571 1857 599 :
1886 574 1904 597 α
1926 558 2068 599 Multae
2097 558 2334 599 tribulatio-

1306 642 1382 670 nes
1397 632 1631 681 justorum,
1653 646 1671 668 υ
1699 633 1776 688 etc.
1803 631 1955 671 Contra
1978 644 1987 670 :
2013 641 2089 670 cur
2110 629 2233 669 multi
2253 640 2338 668 non

1305 700 1540 741 liberantur
1557 714 1581 741 a
1603 701 1744 741 malo?
1766 700 2018 750 Dicendum,
2054 700 2163 752 quod
2202 699 2261 739 sic
2279 698 2343 738 in·

1308 770 1587 821 telligendam
1607 785 1615 811 :
1639 771 1787 812 liberat
1812 783 1975 819 omnes,
1996 770 2071 822 qui
2089 770 2340 817 liberantur,

1309 840 1417 880 sicut
1448 840 1552 881 illud
1584 842 1597 862 ⁹
1635 856 1643 882 :
1685 856 1703 878 «
1739 841 1954 881 Illuminat
1993 852 2165 880 omnem
2204 839 2342 880 homi-

1312 922 1427 960 nem,
1451 924 1470 948 i)
1498 914 1595 961 etc„
1616 912 1770 952 scilicet
1790 912 1863 963 qui
1884 911 2164 951 illuminatur.

1365 984 1404 1020 9.
1440 980 1542 1022 Illos
1577 983 1711 1031 enim,
1751 982 1905 1021 scilicet
1937 981 2161 1034 AEgyptios
2184 983 2224 1021 te
2261 991 2347 1021 non

1314 1052 1519 1100 colentes,
1553 1052 1814 1094 locustarum
1852 1057 1890 1094 et
1929 1063 2170 1094 muscarum
2191 1050 2350 1093 occide-

1314 1125 1415 1163 runt
1435 1132 1598 1164 morsus
1628 1137 1636 1162 z
1661 1122 1920 1172 occiderunt,
1956 1123 2010 1162 ad
2034 1122 2234 1170 litteram,
2275 1119 2351 1160 ali-

1316 1203 1444 1243 quem
1463 1204 1628 1242 eorum,
1649 1194 1846 1245 quamvis
1866 1205 1952 1233 non
1977 1192 2146 1244 legatur
2163 1190 2262 1232 alibi
2282 1202 2353 1230 ex-

1317 1274 1474 1314 presse.
1509 1263 1563 1305 Et
1591 1274 1677 1306 non
1707 1268 1769 1306 est
1802 1266 1981 1305 inventa
2007 1264 2176 1305 sanitas
2197 1261 2354 1303 animae

1319 1333 1513 1385 illorum,
1552 1334 1855 1387 AEgyptiorum
1886 1335 2040 1375 scilicet
2057 1365 2067 1383 ,
2107 1334 2217 1374 sicut
2259 1333 2355 1372 filiis

1320 1402 1447 1444 Israel
1467 1417 1491 1444 a
1512 1406 1800 1457 serpentibus,
1824 1409 1871 1446 ut
1890 1406 1936 1445 in
1955 1405 2120 1447 Psalmo
2141 1406 2169 1429 ¹⁰
2190 1418 2198 1443 ε
2228 1418 2246 1441 «
2264 1402 2355 1444 Non

1321 1477 1384 1514 est
1397 1475 1556 1514 sanitas
1570 1475 1615 1514 in
1629 1488 1754 1516 carne
1765 1488 1859 1516 mea
1872 1488 1896 1516 a
1912 1475 2014 1516 facie
2027 1475 2102 1515 irae
2113 1477 2214 1525 tuae,
2239 1488 2258 1511 n
2275 1475 2353 1514 etc.

1328 1545 1353 1566 ¹¹
1382 1560 1400 1583 α
1423 1544 1673 1585 lnsanabilis
1693 1546 1876 1586 fractura
1895 1549 1969 1586 tua
1981 1577 1995 1596 ,
2019 1545 2202 1598 pessima
2229 1544 2359 1596 plaga

1324 1618 1412 1656 tua.
1434 1630 1453 1653 n
1483 1616 1598 1667 Quia
1624 1616 1752 1669 diqni
1772 1620 1913 1667 erant,
1953 1616 2108 1656 scilicet
2141 1615 2353 1667 exigenti-

1325 1686 1406 1726 bus
1429 1698 1580 1726 eorum
1614 1687 1788 1736 meritIS,
1823 1687 1874 1728 ab
1907 1686 2172 1738 hujusmodi,
2205 1686 2361 1727 scilieet

1327 1756 1640 1798 universalibus
1655 1757 1924 1807 animalibus,
1939 1758 2234 1807 eoeterminari,
2248 1757 2361 1798 unde

1327 1826 1598 1878 Augustinus
1637 1838 1765 1879 super
1800 1828 2002 1870 Joannem
2021 1832 2035 1853 ‘³
2059 1842 2067 1867 ε
2106 1842 2125 1865 α
2150 1826 2362 1879 Populum

1329 1899 1562 1950 superbum
1589 1897 1822 1940 Pharaonis
1854 1899 2059 1940 Dominus
2085 1899 2258 1940 domare
2286 1911 2361 1952 po-

1329 1968 1412 2008 tuit
1432 1968 1541 2008 ursis
1560 1971 1597 2008 et
1627 1969 1842 2020 leonibus,
1864 1971 1933 2010 sed
1953 1982 2120 2011 muscas
2149 1973 2190 2011 et
2209 1982 2276 2010 res
2296 1970 2362 2010 vi-

1330 2038 1512 2079 lissimas
1533 2039 1728 2090 immisit,
1748 2043 1795 2080 ut
1824 2053 1973 2081 eorum
1998 2040 2198 2093 superbia
2218 2041 2363 2081 (loma-

1331 2111 1463 2148 retur.
1497 2124 1515 2146 ›>
1552 2108 1709 2150 Eadem
1746 2110 1911 2150 ratione
1942 2113 1982 2151 et
2018 2110 2216 2150 homines
2256 2109 2366 2162 puli-

1334 2180 1453 2220 cibus
1484 2180 1752 2231 asssfguntur.
1782 2180 1888 2228 Quid
1919 2183 1959 2220 te
1991 2180 2140 2230 inflas,
2180 2180 2370 2220 humana

1335 2252 1561 2304 superbia?
1596 2251 1813 2292 Pulicibus
1832 2252 1977 2292 resiste
1994 2284 2003 2302 ,
2025 2255 2074 2292 ut
2095 2251 2296 2292 dormias.

1392 2327 1456 2363 10.
1479 2323 1613 2365 Fitios
1634 2327 1777 2365 autem
1797 2327 1904 2372 tuos,
1927 2325 2003 2363 etc.
2021 2336 2029 2363 :
2048 2322 2118 2362 hic
2137 2321 2372 2362 ostenditur

1339 2394 1562 2446 multiplex
1615 2394 1722 2435 ratio
1769 2394 2031 2434 liberationis
2075 2393 2368 2434 Hebraeorum.

1340 2464 1436 2516 Sed,
1461 2466 1510 2505 ut
1529 2464 1720 2505 ordinate
1741 2465 1952 2517 procedat,
1974 2465 2112 2517 primo
2133 2464 2282 2517 repetit
2301 2475 2372 2504 eo-

1339 2547 1439 2575 rum
1480 2534 1794 2586 liberationem;
1848 2536 2053 2586 secundo,
2110 2535 2372 2576 liberationis

1342 2605 1619 2658 multiplicem
1639 2606 1849 2646 rationem
1881 2619 1890 2646 :
1921 2606 2224 2649 Misericordia
2260 2607 2373 2648 enim

1344 2680 1434 2727 tua,
1454 2679 1531 2716 etc.
1550 2677 1683 2718 Filios
1701 2680 1842 2718 autem
1860 2681 1966 2726 tuos,
1987 2676 2030 2716 id
2044 2679 2119 2726 est,
2141 2675 2372 2725 israelita53

1343 2759 1443 2786 nam
1463 2747 1475 2769 ²³
1498 2759 1508 2786 :
1537 2761 1556 2785 (ι
1578 2745 1891 2798 Primogenitus
1912 2746 2185 2787 meuslsrael.
2204 2760 2223 2784 >³
2239 2746 2378 2788 Filios

1346 2818 1536 2870 inquam,
1559 2821 1665 2866 tuos,
1697 2829 1771 2869 per
1789 2817 1931 2867 fidem,
1955 2817 2189 2858 secundum
2212 2816 2317 2857 illud
2333 2816 2346 2837 a
2367 2830 2375 2856 ε

1352 2903 1371 2926 «
1392 2888 1509 2928 Dedit
1525 2887 1584 2928 eis
1604 2889 1852 2940 potestatem
1884 2887 1993 2928 filios
2013 2887 2084 2928 Dei
2105 2887 2212 2937 fieri,
2235 2887 2286 2927 iis
2305 2886 2379 2939 qui

1348 2959 1525 2999 eredunt
1544 2958 1587 2998 in
1606 2958 1779 2998 nomine
1793 2959 1899 3010 eJus.
1912 2973 1930 2995 »
1954 2958 2038 3000 Nec
2056 2957 2288 3000 draconum
2310 2967 2377 2998 ve-

1349 3034 1600 3072 nenatorum
1620 3029 1780 3080 dentes,
1804 3029 1846 3070 id
1866 3032 1947 3079 est,
1971 3028 2382 3082 serpentumignito-

1349 3113 1463 3152 rum,
1487 3100 1599 3141 unde
1619 3102 1633 3124 ⁵
1658 3114 1667 3141 :
1695 3100 1887 3140 «Ductor
1914 3103 2014 3140 tuus
2048 3099 2129 3139 fuit
2154 3099 2201 3139 in
2234 3099 2380 3140 solitu-

1353 3199 1383 3228 4.
1404 3213 1445 3220 -—
1468 3197 1490 3218 ¹¹
1511 3196 1643 3234 Jerem.,
1674 3203 1738 3233 xx,
1762 3197 1811 3226 12.
1833 3212 1873 3218 —-
1900 3195 1924 3215 ¹2
1947 3196 2047 3235 Aug,
2072 3194 2105 3224 in
2131 3193 2256 3233 Evanq.
2277 3195 2385 3232 Joan.,

1354 3246 1450 3275 tract.
1473 3250 1543 3282 1,n.
1565 3241 1712 3274 15.--13
1729 3241 1849 3280 Eaeod„
1872 3249 1916 3282 1v,
1937 3243 2032 3273 22.-
2050 3241 2077 3262 ¹⁴
2098 3241 2206 3279 Joan.,
2229 3248 2256 3280 1,
2281 3243 2328 3272 12.
2344 3257 2384 3262 —

1355 3291 1379 3312 ¹⁵
1400 3290 1510 3329 Dent„
1535 3297 1613 3329 v111,
1638 3290 1685 3321 15.

1400 3349 1443 3389 (α)
1474 3349 1554 3380 Caet.
1585 3347 1664 3379 edit.
1696 3348 1884 3381 confirmet.
1911 3366 1951 3372 —
1978 3347 2022 3389 (b)
2049 3348 2132 3380 Item
2156 3345 2236 3380 add.
2261 3346 2317 3378 ad.
2345 3363 2387 3370 —

1356 3396 1397 3437 (c)
1417 3396 1498 3429 Coet.
1517 3394 1598 3428 edit.
1619 3394 1654 3426 in
1672 3395 1749 3427 hoc.
