2587 3845
1030 187 1199 229 CAPUT
1229 188 1316 230 vil.
2185 200 2236 238 ie

115 287 198 324 tur.
220 282 407 322 Christus
420 283 578 331 autem,
595 281 826 322 secundum
840 279 1039 328 Glossam,
1058 278 1139 317 fuit

113 353 158 392 in
177 354 296 392 utero
317 352 462 392 matris
482 364 635 392 novem
654 351 882 398 mensibus,
904 351 945 389 et
965 360 1039 388 sex
1059 347 1140 388 die-

111 424 204 464 bus.
227 423 343 464 Unde
362 424 474 476 quod
493 424 564 472 ait,
587 424 726 465 decem
753 422 976 469 mensium,
1000 431 1141 472 synec-

113 494 284 536 dochice
308 495 511 547 accipitur
534 509 542 534 :
566 495 644 535 fuit
678 494 791 534 enim
818 492 869 531 ab
900 494 1047 531 octavo
1068 490 1139 530 ka-

113 564 257 605 lendas
278 565 452 617 Aprilis,
479 576 615 617 usque
639 564 691 604 ad
718 564 917 604 octavum
937 561 1140 602 kalendas

113 636 318 677 Januarii.
359 637 412 678 Ec
457 636 751 678 delectamento
795 635 953 676 somnii
993 644 1141 676 conve-

114 708 276 758 niente,
307 707 370 749 vel
400 708 704 755 convenientis,
728 705 769 746 id
805 708 867 745 est
885 707 981 745 actu
1006 705 1142 745 delec-

114 777 231 817 tabili
250 777 491 818 communis
512 776 776 817 dormitionis
805 775 887 816 viri
918 787 1015 815 cum
1044 787 1140 815 mu-

115 847 230 887 liere.
255 847 354 888 Haec
372 849 514 887 autem
545 846 762 887 delectatio
784 849 1051 898 comparatur
1070 847 1140 887 de-

115 917 326 958 lectationi
362 917 534 966 somnii,
575 917 673 970 quia
705 916 911 957 rationem
952 916 1076 968 ligat,
1105 919 1145 956 et

117 990 196 1030 cito
215 990 378 1040 transit,
401 990 509 1030 sicut
527 989 742 1030 delectatio
762 988 930 1029 somnii.

172 1064 209 1101 3.
226 1061 280 1104 Et
304 1071 374 1114 eqo
394 1064 522 1103 natus
550 1062 692 1112 accepi
710 1071 969 1102 communem
990 1071 1143 1110 aerem,

118 1131 171 1172 ad
189 1132 480 1172 necessitatem
512 1130 800 1184 respirationis
821 1130 830 1151 ¹
858 1144 866 1169 2
909 1146 926 1167 (ι
947 1129 1147 1170 Similiter

119 1202 279 1255 spirant
298 1203 455 1243 onmia.
477 1217 495 1239 »
520 1201 789 1244 Ecsimiliter
809 1201 953 1260 decidi
972 1201 1023 1243 cle
1044 1212 1145 1242 ren-

121 1278 180 1315 lre
198 1273 356 1323 matriS,
380 1274 429 1314 in
449 1277 604 1314 terram
626 1275 803 1323 factam,
827 1272 1022 1312 sciliceta
1041 1272 1144 1321 Deo;

120 1346 161 1384 et
184 1343 265 1384 hoc
273 1375 285 1394 ,
324 1332 534 1396 quantum
570 1343 622 1383 ad
650 1343 937 1383 necessitatem
966 1343 1086 1392 vitae,
1109 1345 1149 1382 et

121 1414 450 1455 sustentationis.
482 1414 539 1456 Ec
566 1415 756 1466 primam
793 1424 931 1455 vocem
965 1413 1148 1455 similem

121 1484 329 1535 omnibus,
352 1484 506 1525 scilicet
524 1484 809 1535 nascentibus,
825 1485 948 1526 emisi
958 1484 1146 1536 plorans.

121 1553 227 1596 Dicit
255 1555 524 1607 Augustinus
555 1555 668 1607 quod
698 1567 803 1607 puer
834 1568 859 1594 a
886 1554 1054 1607 ploratu
1074 1566 1149 1595 suo

121 1626 266 1679 incipit
279 1638 369 1666 esse
387 1626 592 1679 propheta
612 1637 700 1666 suae
721 1626 984 1666 calamitatis.
1003 1626 1148 1666 Solum

122 1699 264 1737 autem
284 1696 451 1749 quando
473 1698 598 1737 natus
626 1699 701 1746 est,
727 1696 886 1746 ferunt,
912 1697 954 1737 id
985 1700 1062 1747 est,
1083 1697 1149 1737 di-

122 1769 242 1817 cunt,
276 1766 417 1807 risisse
445 1766 705 1808 Zoroastrem
730 1779 879 1819 regem
909 1766 1150 1807 Bactriano-

57 1849 60 1852 ·
122 1849 236 1877 rum.
268 1836 392 1878 Solus
423 1837 536 1878 enim
571 1840 752 1878 Joannes
788 1836 975 1889 Baptista
1006 1840 1151 1877 contra

122 1907 262 1959 legem
290 1907 554 1948 nascentium
577 1908 842 1948 nativitatem
863 1920 984 1948 suam
1005 1907 1151 1948 laetitia

123 1980 163 2018 et
198 1978 454 2019 exultatione
473 1979 679 2031 praevenit
710 1980 723 2000 ²
765 1993 772 2018 :
811 1994 829 2017 «
858 1978 1072 2019 Exultavit
1107 1979 1151 2018 in

124 2049 282 2099 gaudio
302 2049 440 2089 infans
460 2050 505 2089 in
526 2052 646 2090 utero
669 2062 776 2091 meo.
801 2065 819 2087 »

176 2122 216 2160 4.
231 2120 283 2161 1η
296 2120 616 2171 involumentis,
631 2121 785 2161 scilicet
798 2133 1054 2174 pannorum,
1072 2133 1151 2162 nu-

123 2190 248 2231 tritus
276 2202 372 2231 sum
392 2191 434 2231 ³:
464 2206 483 2229 «
502 2190 655 2232 Pannis
690 2204 788 2232 eum
816 2192 1010 2232 involvit.
1037 2206 1054 2228 ›>
1091 2194 1151 2234 Et

124 2263 239 2303 curis
263 2263 434 2314 magmis
466 2262 505 2302 l‘z
534 2261 773 2303 «Triennio
811 2262 874 2302 lac
896 2261 1011 2311 dedi,
1047 2265 1087 2302 et
1109 2263 1151 2301 in

124 2331 232 2372 hanc
250 2335 417 2373 aetatem
436 2332 631 2385 perduxi.
653 2348 671 2370 »

180 2405 217 2442 5.
228 2403 353 2445 Nemo
366 2404 478 2444 enim
490 2414 544 2444 ex
559 2403 726 2455 reyibus
737 2403 862 2445 aliud
881 2404 1030 2446 habuit
1043 2407 1153 2446 nati-

126 2473 277 2514 vitatis
297 2474 494 2523 initium,
516 2473 617 2525 quia
638 2473 683 2512 in
702 2474 966 2514 naturalibus
986 2486 1069 2514 non
1091 2477 1153 2514 est

127 2541 364 2583 differentia
384 2542 494 2583 inter
512 2555 635 2594 reges
658 2546 698 2583 et
716 2544 918 2595 subditos,
938 2544 1009 2585 sed
1027 2545 1070 2584 in
1084 2545 1153 2585 ho-

128 2612 193 2652 nis
211 2613 407 2654 fortunae.

181 2685 221 2724 6.
249 2683 362 2726 Unus
382 2695 477 2737 erqo
509 2688 569 2727 est
588 2686 793 2728 introitus
814 2686 873 2727 act
897 2687 1046 2737 vitam,
1070 2689 1152 2728 sci-

126 2752 221 2794 licet
245 2766 320 2807 per
338 2756 611 2808 temporalem
645 2756 908 2797 nativitatem
928 2757 986 2797 ita
1006 2758 1150 2808 vilem,

126 2826 174 2864 ut
193 2824 351 2865 dictum
371 2830 453 2876 est3
477 2830 515 2881 et
534 2826 692 2869 similis
719 2828 862 2869 exitus
875 2859 884 2876 ‚
907 2828 1063 2868 scilicet
1079 2841 1154 2881 per

127 2897 306 2936 mortem
321 2896 380 2937 ita
397 2910 603 2950 asperam,
628 2899 734 2939 sicut
752 2899 1004 2940 describitur
1018 2900 1153 2942 Eccle-

126 2966 272 3010 siastoe
294 2968 345 3021 (α)
365 2969 532 3011 ultimo.
556 2970 659 3011 Item
682 2986 691 3012 ε
714 2982 826 3013 unus
852 2974 912 3013 est
931 2972 1148 3022 introitus,

129 3037 368 3092 scilicetper
381 3051 611 3093 pauperem
630 3041 916 3091 nativitatem;
943 3046 982 3083 et
993 3042 1153 3084 similis

131 3109 290 3159 emtus,
311 3109 464 3151 scilicet
483 3123 558 3163 per
579 3114 758 3153 mortem
779 3111 1095 3164 pauperrimam
1111 3116 1124 3136 ὅ
1141 3125 1150 3152 :

137 3190 157 3213 α
175 3175 320 3220 Nudus
339 3192 537 3232 egressus
555 3195 651 3222 sum
665 3183 716 3223 de
736 3185 859 3223 utero
873 3182 1019 3222 matris
1031 3195 1151 3234 meae,

132 3248 173 3286 et
190 3248 328 3290 nudus
341 3255 530 3293 revertar
543 3253 679 3294 illuc.»
698 3252 711 3274 ⁶
735 3268 754 3291 α
767 3253 1014 3293 Miserabilis
1034 3265 1153 3306 pror-

175 3331 186 3351 ¹
209 3330 327 3370 Eccle„
348 3340 397 3373 111,
418 3337 467 3366 19.
488 3352 526 3358 -
546 3337 560 3358 θ
578 3337 667 3377 Luc„
688 3345 712 3375 1,
734 3339 783 3368 44.
805 3355 845 3361 —
864 3337 877 3358 ³
894 3338 984 3375 [λα’.7
1005 3346 1042 3377 11,
1064 3340 1093 3369 7.
1115 3357 1155 3362 ——

132 3377 142 3396 ⁴
165 3378 191 3408 11
211 3378 330 3419 Maeli„
350 3388 409 3421 vn,
428 3383 519 3414 27.—
542 3385 552 3402 ⁵
569 3384 639 3425 Job,
658 3393 680 3425 1,
701 3387 806 3416 21.-—
826 3386 838 3404 ⁶
853 3385 974 3423 Eccle.,
995 3393 1026 3421 V,
1047 3388 1095 3418 15.
1114 3404 1155 3409 —

134 3424 144 3443 ⁷
160 3424 271 3464 Prou,
292 3432 325 3464 V,
346 3428 396 3458 24.
418 3445 455 3452 ·—-
473 3428 488 3450 ⁸
504 3431 628 3471 Jacob„
652 3440 677 3472 1,
697 3434 728 3464 δ’.
743 3450 784 3455 -
803 3433 814 3451 ⁹
833 3432 919 3464 psal.
942 3440 1061 3472 cxvui,
1084 3435 1152 3464 131.

134 3487 174 3494 —
190 3471 217 3493 ¹⁰
231 3472 348 3512 Eccli„
368 3481 424 3514 xv,
444 3477 473 3506 ii.
491 3494 532 3500 -
551 3480 568 3496 ¹¹
589 3480 699 3519 Pron„
718 3481 860 3519 v111‚15.
876 3496 916 3502 —
931 3480 953 3498 ¹²
969 3480 1079 3519 Prov„
1100 3487 1154 3517 111,

293 3543 390 3572 TOM.
421 3546 463 3573 X.

1212 288 1283 317 sus
1301 276 1553 316 infirmitas:
1591 277 1802 328 quomodo
1835 280 1977 330 venit,
2012 281 2069 321 sic
2093 294 2238 325 rever-

1213 350 1339 388 tetur.
1363 360 1382 383 ))

1268 423 1306 458 7.
1338 419 1509 470 Propter
1534 419 1608 460 hoc
1638 421 1805 471 optavi,
1837 423 1913 460 etc.
1946 421 2020 461 Hic
2045 424 2237 474 ostendit,

1214 490 1326 543 quod
1352 490 1446 529 haec
1475 491 1636 531 occasio
1667 491 1719 531 ad
1752 493 2050 545 acquirendam
2081 495 2243 547 sapien-

1214 560 1316 601 tiam
1347 572 1447 600 eum
1479 563 1739 613 provocavit.
1773 563 1823 604 Et
1851 564 1990 617 primo
2018 567 2157 618 tangit
2176 579 2241 607 sa-

1215 631 1384 684 pientiae
1403 634 1555 683 optatae
1568 632 1854 685 adeptionem3
1871 636 2069 687 secundo,
2083 637 2245 690 adeptae

1216 702 1539 743 aestimationem
1563 718 1571 744 :
1593 704 1812 757 Proeposzci
1830 707 1962 758 illam,
1986 710 2063 749 etc.
2071 723 2081 758 ;
2104 710 2243 759 tertio,

1217 772 1436 813 aestimatae
1457 773 1721 815 dilectionem
1746 790 1753 815 :
1778 777 1919 828 Super
1934 778 2126 828 salutem,
2148 781 2243 828 etc.;

1218 846 1392 896 quarto,
1436 843 1591 885 habitae
1631 849 1672 886 et
1705 846 1865 887 dileclae
1898 850 2247 890 communicatio-

1217 926 1316 954 nem
1338 929 1346 953 :
1374 914 1505 961 Quam
1524 916 1616 957 sine
1636 916 1804 966 fictione
1828 917 1984 970 didici,
2007 922 2084 960 etc.
2199 967 2201 970 Α

1271 985 1447 1038 Propter
1469 986 1559 1037 hoc,
1586 987 1626 1028 id
1647 991 1722 1038 est,
1743 992 1915 1042 propter
1933 991 2143 1032 dictarum
2164 995 2248 1033 mi-

1220 1056 1426 1096 seriarum
1448 1058 1841 1111 considerationem,
1865 1061 2068 1113 pulsatus,
2087 1067 2246 1116 optavi,

1220 1127 1374 1168 scilicet
1394 1128 1642 1181 sapientiam
1662 1143 1670 1179 ;
1694 1134 1731 1171 et
1749 1131 1880 1174 dacus
1894 1136 1952 1175 est
1967 1133 2074 1176 milii
2086 1145 2248 1187 sensus,

1221 1197 1262 1237 id
1282 1201 1357 1247 est,
1381 1198 1584 1251 sapientia
1598 1200 1632 1239 ⁷:
1663 1216 1681 1237 «
1702 1200 1962 1243 Desiderium
1981 1216 2109 1245 suum
2124 1207 2252 1258 justis

1222 1269 1406 1310 dabitur.
1435 1285 1453 1307 »
1493 1271 1545 1312 Ετ
1578 1273 1777 1314 invocavi
1789 1288 1798 1322 3
1835 1274 1980 1315 Glossa
2011 1291 2019 1316 :
2055 1291 2075 1315 «
2109 1277 2252 1318 Domi-

1222 1351 1327 1379 num
1349 1354 1357 1380 :
1381 1355 1399 1377 »
1425 1344 1438 1364 ¹³
1462 1339 1541 1380 «Si
1563 1342 1658 1393 quis
1678 1345 1868 1383 vestrum
1897 1345 2063 1397 indiget
2093 1348 2254 1400 sapien-

1222 1409 1294 1459 tia,
1318 1410 1498 1462 postulet
1524 1424 1548 1451 a
1569 1411 1666 1452 Deo.
1702 1412 1762 1454 Et
1796 1415 1913 1456 venit
1939 1416 1987 1457 in
2014 1427 2093 1469 me,
2128 1417 2251 1460 invo-

1223 1484 1409 1532 cantem,
1431 1483 1616 1534 spiricus
1630 1485 1858 1536 sapientire
1870 1518 1882 1537 ,
1900 1488 2137 1529 secundum
2151 1489 2254 1531 illud

1224 1552 1379 1592 Psalmi
1402 1553 1415 1574 ⁹
1436 1568 1443 1594 :
1468 1554 1548 1593 «Os
1570 1566 1714 1595 meum
1729 1557 1897 1609 aperui,
1911 1561 1951 1598 et
1968 1560 2121 1600 attraxi
2140 1562 2256 1613 spiri-

1223 1625 1329 1663 tum.
1353 1638 1371 1660 ›)
1405 1624 1508 1664 Item
1534 1625 1591 1666 ¹⁰:
1628 1641 1646 1664 (ι
1680 1625 1727 1665 In
1758 1627 1896 1669 medio
1925 1628 2121 1671 Ecclesiae
2153 1644 2254 1685 ape-

1223 1695 1308 1733 ruit
1329 1707 1374 1735 os
1395 1698 1487 1746 ejus
1501 1728 1513 1746 ,
1537 1700 1578 1737 et
1601 1697 1791 1750 implevit
1822 1711 1922 1740 eum
1942 1700 2148 1743 Dominus
2167 1704 2255 1756 spi-

1224 1766 1309 1805 ritu
1330 1767 1562 1818 sapientiae.
1581 1782 1600 1804 »

1278 1840 1316 1876 8.
1340 1839 1398 1878 Et
1416 1840 1629 1890 praeposui
1651 1838 1795 1890 illam,
1821 1840 1865 1880 in
1886 1843 2164 1886 aestimatione
2183 1859 2256 1888 va-

1224 1907 1347 1956 ioris,
1370 1910 1540 1960 regnis,
1578 1909 1619 1949 id
1651 1913 1735 1961 est,
1767 1911 2046 1963 dignitatibus
2071 1928 2252 1968 regum3

1225 1981 1262 2019 et
1288 1978 1485 2028 sedibus,
1521 1980 1561 2020 id
1592 1983 1668 2031 est,
1695 1981 1973 2033 dignitatibus
1998 1986 2168 2037 judicis.
2206 1989 2255 2030 Et

1225 2050 1376 2090 merito
1394 2082 1403 2099 ‚
1438 2054 1536 2103 quia
1556 2052 1654 2092 dicit
1679 2053 1706 2074 ¹¹
1730 2068 1737 2093 :
1778 2069 1796 2092 α
1815 2053 1894 2095 Per
1933 2068 2001 2097 me
2027 2070 2151 2111 reges
2183 2073 2253 2102 re—

1224 2124 1372 2172 gnant.
1393 2136 1410 2157 »
1431 2122 1485 2164 Ec
1503 2122 1688 2166 divicias
1709 2125 1824 2167 nihil
1843 2137 1927 2168 esse
1948 2127 2064 2171 duoei
2082 2131 2131 2172 in
2144 2142 2251 2174 com-

1220 2193 1447 2243 paratione
1468 2193 1588 2235 illius
1623 2195 1649 2219 ¹²
1674 2207 1688 2235 .·
1709 2211 1728 2234 α
1746 2196 1973 2239 Pretiosior
2001 2203 2063 2241 est
2094 2204 2254 2244 cunctis

1226 2264 1375 2315 opibus
1399 2279 1406 2304 ;
1427 2278 1445 2301 »
1483 2265 1583 2317 quid
1610 2266 1725 2306 enim
1749 2268 1919 2320 prodest
1945 2271 2071 2312 stulto
2098 2273 2256 2316 habere

1226 2334 1413 2384 divitias,
1436 2348 1533 2376 cum
1553 2336 1803 2389 sapientiam
1823 2351 1964 2382 emere
1985 2354 2071 2383 non
2091 2346 2255 2397 possit?

1279 2405 1317 2444 9.
1340 2405 1420 2446 Nec
1440 2409 1686 2458 comparavi
1707 2408 1801 2459 illi,
1828 2409 1870 2450 id
1889 2414 1975 2462 est,
1998 2414 2092 2464 ejus
2119 2416 2255 2467 pretio

1227 2473 1294 2513 vel
1307 2474 1468 2525 virtuti,
1486 2475 1674 2528 lapidem
1687 2480 1942 2531 pretiosum
1963 2482 2009 2522 in
2022 2481 2226 2526 Psalmo¹⁸
2244 2502 2252 2527 ε

1234 2557 1252 2580 «
1271 2543 1404 2584 Dilexi
1425 2546 1623 2587 mandata
1642 2550 1716 2588 tua
1747 2562 1875 2603 super
1896 2563 2052 2593 aurum
2073 2556 2115 2595 et
2133 2558 2253 2609 topa-

1228 2615 1335 2656 zion.
1357 2630 1376 2654 ι)
1402 2616 1507 2658 ltem
1527 2618 1554 2639 ¹⁴
1578 2632 1586 2658 :
1614 2634 1633 2658 (ι
1653 2618 1746 2660 Non
1775 2622 2015 2664 conferetur
2034 2625 2173 2667 tinctis
2193 2628 2257 2668 ln-

1227 2686 1307 2727 diae
1327 2687 1562 2739 coloribus,
1584 2702 1662 2731 nec
1689 2691 1818 2744 lapidi
1848 2694 2066 2737 sardonico
2097 2699 2257 2750 pretio-

1227 2758 1419 2810 sissimo,
1451 2761 1519 2802 vel
1539 2762 1747 2814 saphyro;
1787 2776 1873 2805 non
1892 2766 2187 2820 adaequabitur
2218 2771 2258 2811 ei

1227 2829 1414 2881 topazius
1460 2831 1511 2872 de
1539 2831 1779 2886 AEthyopia.
1804 2849 1823 2871 n
1864 2836 2098 2889 Quoniam,
2141 2843 2254 2891 etc.;

1228 2901 1350 2952 quasi
1371 2900 1480 2942 dicat
1503 2914 1512 2941 ε
1535 2901 1585 2943 Et
1605 2903 1757 2945 merito
1772 2936 1784 2955 ,
1805 2907 1905 2958 quia
1925 2917 2045 2950 omne
2065 2920 2222 2952 aurum
2242 2943 2255 2962 ,

1226 2970 1270 3011 id
1289 2973 1376 3022 est,
1398 2974 1534 3013 totum
1554 2986 1710 3014 aurum
1725 2976 1841 3028 quod
1858 2980 1921 3018 est
1939 2978 1980 3019 id
1999 2981 2160 3022 mundo
2176 3013 2186 3033 ,
2209 2984 2258 3024 in

1228 3045 1543 3094 comparatione
1566 3045 1709 3098 illius,
1728 3057 1858 3090 arena
1878 3053 1941 3091 esc
1957 3081 1968 3101 ‚
1991 3050 2034 3091 id
2053 3054 2116 3092 est
2144 3055 2257 3094 terra

1228 3112 1502 3155 infructuosa.
1527 3115 1769 3157 Bernardus
1792 3132 1800 3158 :
1827 3133 1845 3156 α
1870 3120 1976 3167 Quid
1996 3125 2059 3162 est
2078 3135 2252 3175 aurum,

1228 3183 1308 3223 nisi
1337 3187 1450 3226 terra
1480 3187 1643 3227 rubra?
1665 3204 1682 3225 »
1717 3189 1921 3243 Eoeiyua,
1954 3192 1997 3232 id
2025 3199 2100 3245 est,
2136 3197 2256 3247 parvi

1229 3255 1427 3306 ponderis
1447 3257 1474 3278 ¹⁵
1503 3271 1510 3296 :
1537 3273 1556 3296 α
1580 3257 1674 3299 Non
1693 3259 1861 3301 dabitur
1890 3274 2044 3304 aurum
2064 3265 2253 3306 obrizum

1232 3368 1293 3407 153
1313 3376 1397 3407 xvii,
1421 3372 1469 3401 16.
1488 3388 1526 3393 —
1550 3372 1572 3393 ¹³
1591 3372 1680 3405 Psal.
1703 3381 1828 3414 cxvni,
1852 3378 1923 3407 127.
1938 3393 1978 3399 —
2002 3378 2026 3398 ¹⁶
2041 3377 2113 3417 lob,
2131 3385 2257 3423 xxvm,

1231 3415 1281 3444 19.
1297 3431 1340 3438 -
1360 3415 1383 3436 ¹⁵
1404 3416 1502 3457 ihm„
1523 3420 1573 3449 15.

1273 3479 1316 3521 (a)
1336 3481 1418 3515 Caet.
1437 3483 1515 3515 edit.
1532 3484 1771 3517 Ecclesz'astz'ci.

2018 3548 2045 3586 14,
