2634 3853
965 170 1242 216 EXPOSITlO
1271 175 1326 218 IN
1355 177 1470 221 CAP.
1501 181 1588 222 Vll.

211 265 327 308 tione
343 275 526 317 namque
547 262 755 313 morituri,
778 262 1013 303 ostenditur
1033 262 1233 303 Dominus

212 338 330 387 vitae,
359 335 431 388 qui
459 336 594 388 potest
621 334 752 376 vitam
772 335 1020 386 pereuntem
1040 332 1228 384 salvare3

209 408 253 448 in
270 405 537 446 suscitatione
558 404 731 454 mortui,
750 403 953 444 Dominus
975 403 1135 454 mortis,
1157 405 1230 456 qui

206 478 338 529 potest
366 479 547 516 mortem
574 487 790 528 superare.
815 474 919 514 Item
945 474 990 513 in
1013 474 1229 515 sanatione

204 546 388 599 corporis
418 547 613 587 morituri
641 546 876 587 ostenditur
904 545 1107 586 Dominus
1134 558 1227 586 cor-

200 629 356 670 porum
369 649 379 668 ,
403 617 476 670 qui
496 619 632 670 potest
652 627 803 669 corpus
821 626 1041 668 reparare;
1066 616 1110 656 in
1130 629 1224 657 sus-

199 687 396 728 citatione
422 688 603 738 mortui,
636 687 841 728 Dominus
869 686 1128 737 animarum,
1152 689 1226 740 qui

197 760 333 810 potest
349 758 513 799 animas
526 759 577 799 ad
592 770 767 810 corpora
780 768 992 799 revocare.
1011 757 1224 805 Quantum

197 826 334 881 igitur
350 829 403 870 ad
425 829 687 870 sanationem
706 828 829 882 pueri
855 828 1121 879 aegrotantis,
1144 828 1225 868 tria

196 898 425 940 introducit
443 898 561 941 Evan
568 901 718 953 gelista
736 900 789 940 ad
808 899 1128 952 explicationem
1150 900 1223 939 mi-

195 971 328 1012 raculi
363 971 556 1012 facientia
574 985 582 1012 2
619 972 807 1024 primum
841 973 903 1011 est
933 971 1223 1023 opportunitas

194 1041 370 1083 faciendi
390 1042 667 1092 miraculum3
694 1041 929 1083 secundum
951 1046 1013 1084 est
1035 1041 1072 1082 di
1079 1042 1221 1093 gnitas

194 1113 447 1166 impetrandi
465 1114 724 1164 remedium,
749 1113 807 1153 ibi
829 1113 895 1165 (v.
919 1112 963 1165 3)
983 1126 991 1152 :
1017 1113 1120 1154 Cum
1139 1124 1217 1154 au-

192 1185 325 1228 disset
342 1185 391 1227 de
410 1186 524 1236 Jesu,
548 1186 667 1227 misit
678 1216 690 1235 ,
712 1187 814 1234 etc.;
837 1183 1011 1224 tertium
1032 1185 1091 1223 est
1114 1195 1218 1223 con-

192 1256 357 1307 gruitas
383 1256 639 1297 accelerandi
664 1255 940 1311 beneficium,
973 1254 1031 1293 ibi
1062 1255 1122 1307 (v.
1146 1254 1214 1307 6):

188 1326 245 1368 Et
262 1336 356 1366 cum
370 1325 464 1377 Jam
487 1336 573 1368 non
601 1326 720 1378 lonae
748 1328 873 1373 esset,
904 1327 981 1364 etc.
1005 1324 1215 1376 Opportu-

186 1396 296 1436 nitas
315 1396 449 1448 igitur
467 1396 645 1436 faciendi
661 1395 915 1436 miraculum
933 1395 1148 1447 colligitur
1161 1407 1217 1435 ex

186 1467 337 1518 trihus,
358 1466 513 1507 scilicet
529 1479 582 1508 ex
601 1466 803 1519 temporis
822 1466 1141 1516 commoditate,
1162 1478 1215 1506 ex

184 1538 264 1578 loci
298 1538 589 1591 congruitate,
624 1541 664 1578 et
692 1550 746 1578 ex
780 1536 920 1577 morbi
952 1536 1210 1577 necessitate.

185 1608 329 1649 Primo
358 1609 515 1660 igitur,
546 1611 755 1661 quantum
788 1608 840 1648 ad
869 1608 1213 1648 commoditatem

184 1680 383 1732 corporiS,
406 1680 582 1720 dicitur:
609 1679 711 1721 Cum
731 1683 868 1721 autem
892 1679 1104 1731 implesset
1124 1689 1210 1721 om-

182 1752 259 1792 nz'a
278 1750 405 1793 verba
431 1761 512 1793 sua
536 1751 585 1793 z'n
611 1761 736 1793 aures
759 1750 908 1802 plebis,
937 1750 977 1790 id
1007 1752 1092 1798 est,
1119 1752 1212 1802 post

181 1824 347 1875 tempus
364 1821 672 1874 praedicationis
691 1821 885 1873 perfectae
910 1823 950 1861 et
973 1820 1207 1873 completae,

180 1904 274 1945 qua}
295 1892 465 1945 proprie
484 1895 641 1945 spectat
660 1892 713 1932 ad
738 1892 860 1931 illum
879 1892 1119 1942 doctorem,
1143 1905 1210 1933 se-

179 1963 365 2004 cundum
388 1963 491 2003 illud
519 1963 812 2006 Ecclesiasttct
832 1964 869 2003 ¹:
896 1978 915 2001 «
940 1962 1072 2004 Multa
1094 1964 1205 2004 dice-

177 2046 297 2084 mus,
318 2036 359 2075 et
375 2034 618 2075 deficiemus
646 2034 691 2074 in
710 2034 874 2083 verbis;
898 2035 1206 2075 consummatio

175 2116 422 2145 sermonum
455 2105 544 2157 ipse
571 2106 632 2145 est
659 2104 704 2144 in
726 2105 937 2146 omnihus,
960 2119 978 2142 n
1006 2105 1099 2157 Ipse
1124 2106 1202 2146 sci-

173 2175 268 2216 licet
293 2175 564 2217 abbreviatus
593 2175 637 2215 in
665 2187 814 2225 carne,
847 2175 1077 2216 secundum
1099 2175 1204 2217 illud

172 2246 320 2288 Isaioe2
330 2258 344 2287 :
362 2261 381 2285 «
393 2245 708 2287 Consummatio
722 2246 965 2288 abbreviata
978 2246 1205 2287 inundabit

168 2317 392 2369 justitiam.
414 2331 434 2354 ›)
455 2316 504 2357 Et
520 2319 534 2341 ³
554 2330 562 2357 :
582 2332 601 2355 (ι
622 2316 1039 2357 Consummationem
1059 2319 1100 2357 et
1126 2318 1200 2358 ab-

173 2386 477 2427 breviationem
507 2387 652 2427 audivi
673 2399 698 2426 a
725 2386 903 2427 Domino
930 2387 1013 2427 Deo
1039 2387 1202 2428 exerci-

173 2458 311 2496 tuum.
333 2470 352 2493 »
377 2455 463 2496 Hoc
485 2456 647 2496 dicebat
667 2456 712 2495 in
736 2456 961 2508 praesentia
985 2457 1034 2509 (a)
1057 2457 1201 2509 populi

173 2526 383 2567 audientis
394 2526 621 2576 Christum,
632 2526 684 2566 ad
699 2538 825 2579 quem
841 2526 1029 2567 Christus
1043 2527 1149 2567 dixit
1160 2527 1173 2547 ‘³
1188 2542 1196 2567 :

179 2613 198 2636 «
214 2597 345 2639 Hodie
360 2597 531 2650 impleta
545 2600 606 2637 est
619 2597 712 2637 haec
732 2598 942 2649 scriptura
960 2597 1004 2637 in
1024 2598 1200 2639 auribus

171 2669 344 2720 vestris,
366 2683 385 2706 ›>
408 2668 563 2709 scilicet
581 2667 602 2708 J
608 2668 843 2709 udaeorum.

224 2740 437 2789 Secundo,
466 2742 676 2792 quantum
703 2739 755 2779 ad
783 2738 1070 2791 cognitionem
1095 2739 1196 2790 loci,

170 2811 388 2853 subditur:
420 2812 607 2854 Intravit
636 2811 953 2864 capharnaum,
982 2811 1056 2851 ubi
1074 2812 1199 2852 mira-

172 2883 265 2923 cula
301 2884 436 2924 facere
480 2885 780 2934 consueverat,
827 2883 1059 2924 secundum
1096 2883 1199 2924 illud

174 2955 286 3005 quod
302 2955 454 2996 dicitur
473 2955 509 2996 ὃς
541 2970 559 2994 ε(
578 2955 742 3004 Quanta
767 2954 1009 2995 audivimus
1027 2955 1136 2995 facta
1155 2955 1199 2995 in

176 3021 483 3076 Capharnaum,
501 3039 520 3064 ›)
533 3027 611 3066 etc.
626 3024 742 3066 Unde
759 3025 872 3077 apud
892 3025 1194 3077 Mattltoeum(b)

174 3093 273 3133 dicit
285 3098 298 3120 ⁶
311 3108 320 3134 ε
332 3109 352 3133 <‹
370 3095 419 3136 Et
433 3099 495 3147 tu,
512 3096 820 3149 Capharnaum,
834 3096 1044 3148 numquid
1063 3108 1199 3148 usque

173 3164 218 3204 in
238 3164 392 3205 coelum
417 3166 698 3207 exaltaberis?
721 3181 739 3206 ›>
761 3166 879 3216 Quod
905 3166 1004 3207 dicit
1028 3169 1200 3219 propter

175 3234 331 3275 multas
356 3236 556 3289 virtutes,
581 3250 686 3291 quas
711 3239 770 3279 ibi
796 3238 907 3279 fecit.
930 3238 1048 3279 Ratio
1068 3238 1200 3291 hujus

215 3364 224 3385 ¹
246 3363 367 3402 Ecclz'.,
384 3371 483 3405 xmn,
502 3366 553 3397 29.
569 3383 608 3390 —-
623 3367 634 3385 ²
651 3368 729 3406 Isa.‚
744 3377 779 3409 x,
799 3370 851 3401 22.
867 3386 908 3392 -
926 3369 937 3387 ³
954 3368 1052 3408 ibid„
1070 3376 1197 3409 xxvm,

175 3412 226 3442 22.
247 3427 287 3434 —-
311 3411 322 3429 ⁴
347 3412 442 3451 Sap„
465 3420 512 3452 iv,
531 3414 584 3445 21.
605 3429 646 3437 -
667 3416 680 3437 ⁵
701 3415 797 3456 ibid„
821 3417 872 3448 23.
894 3433 933 3439 -
958 3417 970 3435 ⁶
995 3416 1129 3453 Mattlu,
1149 3424 1198 3456 xi,

175 3460 226 3491 23.
248 3475 288 3481 —
309 3459 318 3477 ⁷
342 3458 476 3500 Ephes„
503 3463 622 3500 11,15.
643 3477 682 3485 —
700 3462 714 3483 8
734 3464 886 3504 Isa.,1x,
910 3467 938 3494 1.
959 3480 999 3487 —
1025 3465 1036 3481 ³
1059 3463 1200 3502 Mattlz„

2261 197 2340 237 389

1305 269 1381 317 est,
1398 269 1498 320 quia
1518 269 1611 311 haec
1626 270 1774 312 civitas
1792 271 1973 314 Galilaeae
1988 278 2078 316 erat
2098 277 2136 316 in
2154 283 2336 325 confinio

1303 338 1497 386 gentium
1510 354 1520 388 ;
1538 342 1578 380 et
1594 352 1669 392 per
1682 340 1763 382 hoc
1779 344 2012 385 ostenditur
2026 345 2216 389 Christus
2229 351 2335 404 lapis

1302 408 1541 459 angularis,
1575 412 1809 452 secundum
1840 414 1942 454 illud
1975 416 2027 456 ad
2055 418 2260 470 Ephesios
2279 423 2293 445 ⁷
2319 435 2334 463 .·

1307 491 1326 514 <t
1347 477 1397 518 Ut
1416 479 1521 520 dnos
1541 482 1691 522 condat
1710 483 1754 523 in
1782 486 2005 538 semetipso
2029 487 2072 528 in
2099 502 2236 531 unum
2256 505 2332 533 no-

1301 559 1403 588 vum
1435 550 1676 602 hominem,
1704 554 1860 595 faciens
1888 569 2050 609 pacem.
2076 573 2095 597 ›)
2120 559 2169 600 Et
2188 561 2232 602 in
2251 563 2332 605 hoc

1298 617 1469 671 impleta
1487 624 1548 661 est
1566 624 1786 675 prophetia
1805 627 1935 668 Isaioe
1953 631 1966 652 8
1980 640 1994 668 .·
2016 643 2034 666 (‹
2057 629 2199 672 Primo
2223 634 2328 674 tem-

1297 700 1398 740 pore
1429 690 1625 733 alleviata
1657 697 1718 734 est
1748 698 1859 735 terra
1890 696 2096 750 Zabulon,
2139 704 2180 742 et
2219 704 2332 745 terra

1295 759 1555 813 Nephtalim,
1587 766 1628 803 et
1656 765 1889 807 novissimo
1919 774 2156 820 aggravata
2176 776 2238 813 est
2257 775 2330 815 via

1296 830 1427 870 maris
1436 834 1552 872 trans
1563 832 1582 873 J
1586 834 1789 875 ordanem
1800 835 1983 879 Galilaeae
2000 841 2209 892 gentium,
2219 858 2238 881 ))
2247 846 2324 885 etc.

1348 901 1501 952 Tertio,
1529 907 1735 956 quantum
1769 907 1821 946 ad
1855 909 1992 948 morbi
2021 913 2325 965 necessitatem,

1292 972 1544 1024 adjungitur
1565 976 1620 1026 (v.
1644 975 1680 1027 2)
1707 987 1715 1014 :
1742 976 2010 1021 centurionis
2031 984 2171 1024 autem
2191 985 2329 1037 cujus-

1291 1043 1392 1085 dam
1409 1056 1552 1087 servus
1571 1047 1678 1088 male
1704 1048 1858 1090 habens
1878 1055 1971 1093 erat
2000 1054 2248 1105 moriturus,
2271 1056 2328 1097 ita

1290 1127 1470 1166 gravem
1500 1116 1681 1158 habebat
1712 1119 1934 1170 morbum,
1958 1123 2191 1163 secundum
2222 1125 2327 1166 illud

1290 1188 1484 1231 Mattltoez'
1497 1192 1510 1213 ⁹
1529 1203 1537 1230 :
1561 1205 1580 1227 «
1603 1190 1714 1231 Puer
1734 1203 1855 1231 meus
1870 1193 1981 1244 ,iacet
2002 1193 2045 1233 in
2065 1194 2190 1236 domo
2208 1209 2327 1249 para-

1289 1258 1465 1311 lyticus,
1501 1263 1541 1301 et
1572 1261 1681 1302 male
1713 1265 1993 1315 torquetur.»
2029 1264 2325 1309 Centurionem

1289 1333 1433 1370 autem
1454 1334 1575 1372 vocat
1595 1345 1711 1383 eum,
1734 1335 1835 1386 quia
1855 1338 2034 1386 praeerat
2054 1340 2226 1377 centum
2247 1339 2325 1378 mi-

1286 1400 1431 1441 litibus
1451 1415 1459 1440 :
1484 1402 1599 1453 quod
1618 1403 1827 1444 faciehant
1848 1416 1902 1444 ex
1921 1404 2131 1446 industria
2150 1408 2195 1447 in
2221 1421 2326 1461 prae-

1286 1470 1367 1521 liis,
1386 1474 1433 1511 ut
1453 1471 1605 1512 scirent
1621 1473 1783 1513 facilius
1805 1486 2035 1515 nnmerum
2052 1476 2323 1521 bellatorum.

1288 1540 1405 1587 Unde
1422 1544 1542 1582 erant
1556 1542 1614 1582 ibi
1636 1543 1814 1594 tribuni,
1838 1544 2101 1597 decuriones,
2120 1549 2326 1602 quinqua-

1288 1612 1467 1663 genarii,
1508 1615 1548 1653 et
1584 1613 1729 1653 decani
1771 1628 1779 1654 :
1823 1615 1898 1667 qui
1931 1616 2262 1661 denominantur
2299 1635 2325 1663 a

1284 1695 1466 1723 numero
1498 1696 1663 1732 eorum,
1695 1685 1849 1737 quibus
1874 1691 2078 1738 praesunt.
2107 1688 2322 1732 Tribunus

1284 1756 1427 1794 autem
1455 1754 1609 1794 dicitnr
1639 1755 1711 1807 qui
1742 1760 1896 1808 praeest
1924 1758 2054 1799 mille.
2078 1759 2128 1800 Et
2156 1761 2238 1802 hoc
2268 1764 2321 1804 ad

1282 1824 1619 1880 exhortationem
1645 1826 1690 1877 (c)
1714 1826 1860 1879 populi
1883 1829 2137 1871 constituere
2166 1844 2318 1874 consu-

1281 1898 1393 1938 lebat
1415 1897 1530 1938 Jetro
1560 1897 1695 1951 Moysi
1728 1899 1771 1938 in
1793 1898 1945 1941 Exodo
1967 1900 1995 1925 ¹⁰
2019 1915 2027 1941 :
2064 1916 2083 1939 ((
2105 1901 2318 1947 Constitue

1281 1981 1333 2009 ex
1354 1968 1413 2008 eis
1436 1968 1642 2018 tribunOS,
1667 1971 1708 2009 et
1736 1970 2017 2022 centuriones,
2041 1975 2082 2012 et
2104 1974 2314 2027 quinqua-

1280 2040 1491 2091 genarios,
1514 2042 1554 2079 et
1574 2040 1775 2091 decanos,
1801 2042 1873 2093 qui
1891 2042 2084 2094 judicent
2109 2047 2314 2099 populum

1278 2110 1662 2163 omnitempore.»
1693 2110 1769 2151 Hic
1799 2113 2014 2164 centurio,
2046 2114 2142 2155 licet
2172 2117 2315 2169 plures

1277 2180 1452 2221 haberet
1475 2192 1633 2230 servos,
1660 2181 1775 2222 hunc
1801 2182 1980 2224 charum
2000 2184 2184 2227 habehat
2206 2189 2315 2230 inter

1276 2251 1404 2301 alios3
1424 2252 1517 2292 ideo
1538 2252 1680 2292 subdit
1712 2267 1720 2292 :
1757 2253 1838 2299 Qui
1867 2253 1935 2296 tllz'
1966 2258 2057 2297 erat
2082 2259 2311 2311 pretiosus,

1276 2322 1317 2361 id
1344 2324 1406 2361 est
1431 2322 1703 2362 affectuosius
1730 2323 1922 2375 dilectus,
1946 2327 2181 2367 secuudum
2210 2329 2313 2370 illud

1275 2394 1317 2433 E
1318 2393 1572 2434 eclesiastici
1589 2397 1616 2418 ¹¹
1637 2407 1644 2432 :
1663 2393 1740 2432 «Si
1760 2397 1821 2434 est
1842 2395 1916 2434 tibi.
1931 2407 2079 2436 servus
2097 2398 2244 2449 fidelis,
2261 2401 2314 2440 sit

1274 2463 1350 2503 tibi
1373 2463 1493 2515 quasi
1515 2463 1662 2503 anima
1676 2465 1800 2514 tua3»
1821 2465 1937 2517 quia,
1957 2468 2193 2508 secundum
2209 2469 2313 2511 illud

1274 2533 1594 2576 proverbiorum
1623 2539 1652 2560 ¹2
1675 2547 1715 2576 2«
1740 2534 1897 2577 Servus
1928 2538 2093 2589 sapiens
2117 2539 2308 2581 domina-

1274 2603 1390 2644 bitur
1422 2605 1518 2644 filiis
1544 2605 1696 2646 stultis.
1720 2620 1740 2644 ›)
1778 2605 1895 2647 Unde
1920 2620 2070 2649 servus
2101 2609 2186 2661 hic,
2215 2611 2311 2652 licet

1274 2677 1383 2715 esset
1409 2675 1619 2727 infirmus,
1638 2689 1724 2717 non
1748 2680 1891 2718 tamen
1917 2682 2006 2719 erat
2031 2691 2110 2720 suo
2137 2681 2310 2723 domino

1274 2756 1501 2797 onerosuS,
1535 2747 1608 2787 sed
1643 2748 1798 2789 charus
1835 2752 2006 2802 propter
2043 2750 2204 2791 domini
2242 2753 2309 2792 sui

1273 2816 1473 2868 pietatem
1511 2817 1538 2839 ¹³
1572 2832 1582 2858 ε
1613 2833 1632 2857 ι(
1667 2818 1795 2860 Novit
1833 2822 1977 2873 justus
2009 2823 2307 2874 Jumentorum

1274 2899 1453 2928 suorum
1472 2900 1653 2930 animas.
1678 2904 1697 2928 »

1327 2964 1366 3000 3.
1403 2960 1458 3002 Et
1493 2971 1589 3002 cum
1621 2962 1814 3004 audisset
1849 2962 1900 3004 de
1937 2963 2060 3014 Jesu,
2088 2967 2165 3005 etc.
2209 2965 2309 3006 Post

1274 3031 1631 3083 opportunitatem
1662 3033 1838 3074 faciendi
1868 3034 2140 3085 miraculum,
2167 3036 2307 3077 subdit

1273 3101 1342 3140 hic
1369 3100 1642 3154 Evangelista
1670 3104 1918 3155 dignitatem
1953 3106 2207 3159 impetrandi
2236 3120 2303 3148 re-

1275 3171 1484 3223 medium,
1514 3174 1873 3226 quemadmodum
1910 3176 2073 3228 colligit
2106 3177 2304 3229 Evange-

1276 3308 1351 3341 vnr,
1374 3303 1406 3332 6.
1425 3320 1461 3325 -
1486 3303 1511 3325 ¹0
1530 3304 1653 3344 Emod„
1668 3313 1771 3347 xvm,
1794 3307 1845 3338 21.
1862 3324 1904 3331 -
1923 3307 1947 3329 ¹1
1967 3307 2086 3348 Eccli„
2108 3315 2232 3347 xxxm,
2250 3308 2302 3341 31.

1274 3349 1359 3372 -12
1378 3350 1490 3391 Prov.,
1510 3359 1595 3393 xvn,
1620 3356 1650 3384 1.
1670 3370 1711 3376 -
1734 3354 1758 3375 ¹3
1779 3354 1878 3395 ibid„
1897 3361 1962 3395 xil,
1986 3357 2035 3387 10.

1320 3419 1361 3457 (a)
1396 3419 1578 3459 Leaendum
1610 3424 1750 3463 for-tasse
1784 3433 1941 3464 persona.
1966 3441 2006 3447 —-
2037 3423 2080 3463 (h)
2110 3424 2189 3457 Coet.
2220 3423 2301 3457 edit.

1280 3466 1374 3497 Unde
1397 3466 1587 3501 Matthaeus.
1608 3488 1646 3493 —-
1672 3472 1711 3512 (c)
1736 3472 1809 3512 [ψῃ.
1831 3471 2122 3511 gubernationem.
