2634 3853
217 295 296 333 414

218 380 322 420 dum
350 376 454 418 illud
482 376 493 397 ¹
518 389 527 416 :
565 389 583 412 α
604 373 782 414 Dilectus
803 381 923 411 meus
943 368 1071 418 mihi,
1093 369 1133 407 et
1159 377 1241 417 ego

217 450 291 490 illi.
318 463 338 487 »
362 449 410 490 Et
429 446 528 488 alibi
554 445 568 467 ²
591 458 600 485 ε
634 460 653 483 a
677 444 767 494 Ego
793 441 940 482 dilecto
970 449 1063 479 meo
1079 468 1090 487 ,
1123 438 1163 477 et
1189 436 1241 477 ad

217 533 286 562 me
306 517 524 560 conversio
547 517 650 567 ejus.
670 528 688 550 n
716 512 810 552 Ideo
826 513 968 551 autem
987 520 1030 548 se
1045 518 1240 559 corpora-

217 591 311 631 liter
331 587 536 630 convertit
556 585 607 625 ad
627 583 849 624 mulierem
863 613 873 632 ,
904 583 952 620 111
973 580 1016 619 in
1036 580 1124 631 ipsa
1143 590 1241 618 eru-

217 662 323 702 diret
336 660 566 706 Simonem,
585 655 637 695 ad
654 665 782 706 quem
801 651 1070 704 loquebatur3
1088 653 1128 689 et
1147 648 1241 689 ideo

218 731 435 772 subditur:
460 727 584 768 Dixit
604 725 767 766 Simoni
787 735 799 763 :
824 722 952 764 Vides
972 721 1078 763 hanc
1098 719 1243 761 mulie-

217 802 336 844 rem?
358 799 451 839 Ideo
477 796 631 850 quaerit
655 797 801 835 utrum
821 793 1006 841 videret,
1029 790 1128 844 quia
1148 790 1243 830 licet

216 872 377 913 videret
395 867 666 920 corporaliter
686 867 780 917 ejus
801 865 922 914 sacta,
942 875 1028 903 non
1043 861 1243 914 approba-

216 943 276 985 vit
291 974 302 993 ,
324 941 395 982 sed
417 938 661 992 reprobavit
686 938 777 988 ejus
804 936 973 984 merita;
1000 936 1040 974 et
1059 934 1154 973 licet
1174 932 1240 974 vi-

216 1013 332 1054 deret
357 1009 597 1064 peccatricis
629 1009 799 1056 fletum,
827 1017 914 1046 non
944 1007 1087 1045 tamen
1106 1005 1243 1044 atten—

216 1085 338 1126 debat
357 1085 448 1136 ejus
467 1082 678 1122 affectum.
702 1079 752 1119 Et
772 1078 864 1118 ideo
882 1089 907 1116 a
927 1075 1103 1116 Domino
1122 1086 1242 1115 com-

216 1157 428 1202 monetur,
450 1155 490 1192 et
509 1163 561 1191 ex
581 1148 893 1201 comparatione
911 1146 1024 1186 illius
1043 1145 1243 1197 arguitur

214 1227 257 1267 in
287 1227 367 1267 hoc
395 1224 507 1278 quod
535 1223 725 1276 sequitur
755 1235 763 1261 :
796 1219 963 1261 Intravi
992 1218 1041 1259 in
1072 1216 1242 1258 domum

215 1302 345 1348 luam,
367 1306 523 1349 aquam
540 1293 720 1346 pedibus
739 1292 844 1333 meis
871 1300 957 1332 non
977 1287 1153 1330 dedisti.
1179 1286 1242 1328 Ex

212 1382 297 1422 quo
337 1365 679 1420 reprehensibilis
715 1362 949 1404 ostenditur
965 1392 975 1410 ‚
1016 1360 1117 1412 quia
1155 1370 1242 1400 non

211 1441 292 1481 fuit
310 1439 497 1480 imitator
524 1436 706 1478 Abrahae
724 1436 737 1457 ³
765 1449 774 1476 :
811 1449 830 1472 α
849 1432 1116 1486 Loquebatur
1136 1430 1242 1472 viris

212 1509 554 1552 transeuntibus:
578 1507 793 1548 Laventur
811 1504 938 1558 pedes
961 1502 1090 1544 vestri
1113 1502 1183 1551 (α),
1202 1503 1243 1541 01

212 1580 475 1634 requiescite.
493 1594 512 1617 >)
536 1578 617 1619 Sed
631 1590 654 1618 e
673 1579 818 1618 contra
836 1575 928 1615 11ωο
939 1575 1001 1614 051
1021 1583 1243 1613 commen-

213 1652 380 1701 dabilis;
409 1651 502 1691 ideo
529 1648 729 1690 additur:
763 1647 861 1687 Haec
892 1646 1004 1687 enim
1040 1643 1244 1695 lacrymis

213 1722 375 1775 riqavz’c
391 1720 521 1774 pelles
540 1729 661 1769 meos,
685 1721 724 1760 et
743 1716 912 1768 capillis
931 1715 1023 1756 suis
1045 1714 1180 1763 tersit,
1201 1712 1244 1752 id

215 1797 297 1843 est,
320 1793 528 1845 lacrymas
550 1801 712 1841 magna
731 1788 850 1840 copia
870 1786 977 1826 fudit
996 1785 1048 1826 ad
1069 1784 1243 1825 modum

215 1865 340 1905 sontis
367 1866 408 1904 et
438 1862 583 1912 rivuli,
616 1859 848 1901 secundum
883 1857 996 1910 quod
1024 1856 1176 1897 dicitur
1196 1856 1209 1877 ¹·
1232 1869 1241 1897 :

224 1935 364 1983 «Quis
395 1933 510 1975 dabit
540 1932 663 1985 capiti
699 1942 794 1971 meo
824 1940 1002 1982 aquam,
1041 1930 1081 1967 et
1113 1926 1245 1967 0011115

218 2006 324 2047 111015
350 2006 510 2046 fontem
538 2003 855 2056 lacrymarum?
879 2015 898 2039 n
930 1999 981 2041 Et
1014 1999 1060 2039 in
1087 1998 1167 2040 hoc
1187 1998 1242 2038 si-

220 2078 449 2130 gnificatur
462 2074 669 2117 mirabilis
682 2073 854 2114 affectus
869 2070 1074 2120 1011110115,
1093 2072 1134 2111 01
1149 2082 1246 2122 gra-

218 2148 276 2188 tia
294 2147 490 2197 interior,
514 2157 612 2198 quae
630 2144 690 2184 ita
713 2144 760 2183 in
783 2143 993 2195 lacrymas
1011 2141 1247 2194 profluebat

220 2218 429 2267 exterius,
450 2219 499 2258 ut
529 2215 776 2268 impleretur
802 2213 908 2254 illud
927 2216 939 2238 ὅ
963 2227 972 2254 z
1008 2212 1154 2253 Posuit
1173 2212 1244 2252 de-

220 2292 380 2331 sertum
398 2289 443 2328 in
460 2290 613 2339 stagna
624 2297 848 2339 aquarum,
863 2287 1019 2324 terram
1035 2283 1124 2323 sine
1136 2295 1247 2335 aqua

220 2359 267 2400 in
287 2360 425 2401 exitus
448 2369 673 2411 aquarum.
695 2371 713 2395 ›>
740 2356 791 2397 Et
810 2355 949 2397 Isaias
968 2354 982 2375 ὃ
1001 2368 1016 2395 .·
1042 2369 1060 2392 α
1080 2353 1131 2395 Et
1150 2364 1247 2406 quae

220 2434 309 2472 erat
342 2430 473 2481 arida,
508 2429 588 2470 erit
618 2428 664 2468 in
694 2430 915 2479 stagnum,
949 2428 991 2465 01
1020 2424 1165 2465 51110115
1202 2423 1248 2464 111

220 2503 354 2543 fontes
372 2511 629 2554 aquarum.»
646 2499 697 2540 Et
713 2499 757 2539 in
774 2498 856 2539 hoc
870 2496 1132 2551 praeponitur
1146 2495 1249 2536 Pha-

221 2573 360 2624 risaeo,
382 2576 592 2626 quantum
612 2570 665 2611 ad
682 2570 830 2610 fletum
849 2572 890 2610 et
907 2569 1083 2619 luctum,
1100 2567 1145 2608 in
1162 2579 1248 2621 quo

222 2646 283 2684 est
303 2654 552 2697 expressum
572 2641 748 2694 signum
768 2638 1121 2692 compunctionis.

277 2715 468 2757 Secundo
503 2726 607 2757 vero
648 2711 859 2766 praeponit
902 2723 997 2752 eam
1036 2709 1249 2751 Pharisaeo

223 2788 433 2839 quantum
452 2785 504 2826 ad
525 2784 731 2834 osculum,
754 2782 868 2836 quod
887 2784 976 2823 erat
996 2781 1169 2833 signum
1190 2780 1250 2821 di-

224 2856 427 2907 lectionis,
449 2856 507 2896 ibi
532 2855 587 2908 (v.
608 2854 672 2907 45)
699 2868 708 2896 ;
734 2853 929 2895 Osculum
945 2851 1056 2894 mihi
1071 2861 1157 2894 mm
1174 2850 1249 2893 de·

225 2928 348 2978 disti,
369 2928 414 2968 in
433 2928 607 2979 signum
629 2925 796 2975 amoris,
819 2923 1052 2965 secundum
1070 2922 1251 2975 Aposto-

225 3000 317 3041 lum
333 3003 347 3025 ⁷
368 3013 377 3040 :
403 2998 619 3040 «Salutate
638 2997 820 3039 invicem
838 2996 881 3035 in
899 2994 1042 3036 osculo
1056 2996 1211 3035 sancto.
1226 3007 1244 3031 ›)

227 3071 278 3113 Et
295 3069 487 3123 discipuli
519 3069 532 3090 ⁸
555 3067 729 3109 osculati
762 3069 862 3108 sunt
892 3065 1092 3107 Paulum.
1124 3064 1207 3106 Sed
1229 3076 1252 3105 0

227 3145 373 3184 contra
391 3142 441 3182 de
463 3141 544 3181 hac
561 3140 712 3181 dicitur
740 3151 751 3180 ι
785 3139 884 3180 Hoec
916 3139 1057 3179 aulem
1088 3146 1142 3178 επ
1171 3146 1252 3189 quo

227 3213 427 3264 intravit,
448 3221 534 3254 nori
562 3212 740 3253 cessavit
769 3209 954 3252 osculari
975 3206 1102 3261 pedes
1124 3217 1249 3250 meos.

229 3283 278 3326 Ι11
297 3297 383 3338 quo
403 3284 601 3336 signatur
625 3282 791 3323 fervens
811 3280 990 3330 dilectio,
1022 3281 1062 3320 et
1081 3290 1253 3332 perma-

228 3367 350 3398 nens,
375 3355 471 3397 Ideo
489 3366 574 3396 non
594 3352 781 3395 cessabat
799 3352 852 3392 ab
871 3350 1028 3401 osculo,
1050 3349 1151 3403 quia
1166 3360 1254 3390 non

272 3484 283 3511 1
305 3488 412 3525 Cant„
435 3495 476 3528 11,
497 3489 548 3519 16.
566 3505 607 3511 —
625 3485 639 3506 ²
657 3483 756 3524 lbid.,
773 3490 834 3523 vu,
857 3484 906 3514 10.
923 3498 964 3504 —
986 3481 1000 3503 8
1016 3480 1108 3519 Gerr,
1129 3487 1203 3519 xlx,
1223 3481 1254 3511 2.

231 3548 272 3560 ε-
288 3537 300 3554 ⁴
316 3537 448 3573 Jerem„
470 3542 523 3574 ix,
544 3537 574 3566 1.
596 3551 632 3556 —
654 3532 668 3555 ⁵
685 3530 776 3564 Psal.
797 3537 870 3568 ew,
891 3530 943 3560 35.
958 3544 998 3552 —
1019 3527 1033 3549 θ
1051 3528 1129 3566 [εα.,
1149 3534 1254 3565 xxxv,

232 3584 264 3615 7.
284 3599 324 3607 —
343 3584 352 3603 ⁷
371 3584 473 3623 Rom„
490 3589 561 3623 xw,
579 3583 629 3614 16.
648 3595 688 3605 -
707 3579 718 3598 ⁸
737 3578 824 3619 Act„
842 3584 902 3616 xx,
923 3577 974 3609 37.
994 3592 1035 3600 —
1053 3575 1065 3593 ⁹
1084 3574 1200 3615 Greg„
1221 3575 1255 3606 in

944 276 1223 321 EVANGELII
1252 276 1440 319 SANCTI
1469 276 1617 319 LUCAE

1314 366 1500 407 cessabat
1516 367 1568 406 ab
1587 366 1777 407 interiori
1797 365 2018 409 desiderio.
2044 367 2151 409 Nam
2175 365 2226 409 de
2251 367 2341 421 ipsa

1312 435 1412 476 dicit
1432 435 1662 488 Gregorius
1681 440 1709 486 ⁹,
1747 436 1861 489 quod
1891 438 2048 478 amoris
2073 439 2180 490 ejus,
2211 438 2254 479 id
2279 440 2341 479 est

1313 505 1490 556 Christi,
1532 506 1632 557 igne
1669 518 1869 547 succensa
1905 506 2078 546 ardebat
2115 508 2336 549 desiderio.

1316 574 1432 616 Sicut
1452 579 1596 617 autem
1616 576 1769 617 dicitur
1790 577 1818 601 ¹0
1841 589 1880 616 τα
1900 575 2036 616 Fortis
2056 579 2118 616 051
2143 580 2191 617 111
2211 589 2340 628 111015,

1314 645 1514 687 dilectio:
1555 648 1662 688 dura
1695 648 1802 689 sicut
1840 648 2052 696 infernus,
2093 648 2340 690 aemulatio:

1314 715 1528 768 lampades
1548 718 1662 768 ejus,
1684 717 1899 770 lampades
1927 717 2045 769 ignis
2077 720 2204 770 atque
2229 718 2345 758 flam-

1314 798 1484 827 marum
1506 801 1515 827 :
1538 802 1556 825 »
1582 789 1694 829 unde
1715 789 1821 829 sicut
1846 788 1957 841 ignis
1978 800 2143 841 semper
2160 788 2264 839 urit,
2288 788 2347 829 sic

1314 857 1495 898 charitas
1521 859 1776 899 incessanter
1798 859 2009 909 accendit,
2041 861 2090 900 ut
2115 859 2230 899 enim
2251 858 2344 899 dicit

1315 927 1548 980 Gregorius
1568 930 1594 954 ¹¹
1621 944 1661 970 ια
1683 929 1912 983 Nunquam
1932 932 1995 971 est
2014 941 2133 970 amor
2155 929 2225 970 Dei
2247 929 2348 970 otio-

1315 1010 1401 1039 SUS.
1425 1014 1443 1036 ))

1367 1069 1507 1110 Tertio
1527 1070 1738 1123 praeponit
1757 1081 1851 1111 eam
1878 1071 2088 1123 quantum
2112 1070 2165 1111 ad
2182 1071 2349 1112 unctio-

1314 1151 1414 1180 nem
1439 1140 1595 1191 pedum
1611 1172 1621 1190 ,
1643 1140 1757 1192 quod
1784 1143 1874 1180 erat
1893 1140 2067 1192 signum
2087 1140 2345 1192 devotionis,

1315 1209 1372 1249 ihi
1393 1211 1448 1262 (v.
1469 1210 1533 1263 46)
1564 1225 1572 1251 ;
1600 1210 1691 1253 Oleo
1721 1214 1849 1263 capul
1868 1221 2006 1252 meum
2028 1221 2113 1254 non
2141 1212 2315 1253 univisti
2334 1223 2348 1252 :

1315 1280 1427 1332 quod
1460 1284 1549 1322 erat
1578 1281 1708 1322 moris
1735 1284 1838 1322 tunc
1865 1282 2066 1334 temporis
2097 1282 2142 1322 in
2171 1281 2349 1333 signum

1317 1351 1477 1393 laetitiae
1500 1355 1541 1393 et
1576 1352 1864 1394 exultationis.
1888 1354 1918 1378 ¹2
1937 1368 1956 1391 α
1981 1352 2046 1394 Tu
2077 1355 2220 1394 autem
2251 1365 2348 1393 cum

1309 1423 1499 1475 ι1011111115,
1520 1436 1637 1475 unge
1658 1426 1783 1476 caput
1803 1426 1948 1474 tuum,
1984 1426 2026 1464 01
2057 1424 2206 1464 faciem
2231 1426 2348 1464 tuam

1315 1493 1424 1535 lava.
1453 1508 1472 1531 »
1503 1495 1604 1536 Hoec
1640 1498 1779 1537 aulem
1807 1497 2021 1546 unquento
2056 1496 2189 1537 unxit
2220 1495 2346 1547 pedes

1315 1576 1458 1608 meos:
1486 1566 1599 1618 quod
1618 1568 1681 1607 est
1709 1566 1930 1619 pretiosius
1957 1566 2064 1606 oleo.
2103 1566 2220 1607 Unde
2254 1579 2351 1619 pre-

1315 1637 1490 1678 tiosiora
1524 1637 1727 1677 offerebat
1756 1637 1850 1677 haec
1875 1636 2029 1676 mulier
2060 1635 2247 1687 Christo,
2284 1648 2348 1676 se-

1317 1707 1505 1748 cuudum
1521 1707 1626 1747 illud
1646 1708 1672 1729 ¹³
1695 1721 1703 1747 :
1724 1706 1890 1747 «Maria
1903 1717 2008 1757 ergo
2024 1706 2180 1759 accepit
2195 1706 2350 1747 libram

1317 1778 1531 1829 unguenti
1557 1778 1678 1818 nardi
1699 1777 1835 1830 pistici
1854 1777 2041 1830 pretiosi,
2065 1779 2106 1817 01
2131 1777 2257 1818 unxit
2276 1789 2348 1830 pe-

1318 1847 1390 1888 des
1407 1847 1521 1899 Jesu‚
1540 1850 1581 1890 01
1600 1847 1772 1900 extersit
1797 1848 1923 1900 pedes
1951 1849 2043 1900 eJus
2063 1847 2224 1900 capillis
2244 1847 2348 1898 suis,

1318 1921 1360 1960 et
1379 1919 1529 1960 domus
1548 1919 1721 1972 impleta
1737 1919 1798 1960 est
1819 1931 1872 1959 ex
1890 1918 2016 1959 odore
2033 1918 2260 1970 unguenti.
2278 1917 2351 1958 His

1319 2002 1425 2042 ergo
1444 1990 1579 2032 tribus
1599 1990 1832 2031 dilectionis
1851 1989 2018 2030 indiciis
2038 1990 2188 2042 probat
2208 1989 2352 2031 Domi-

1318 2074 1401 2103 nus
1432 2062 1544 2115 quod
1564 2061 1775 2114 peccatrix
1806 2061 1950 2104 verius
1970 2062 2011 2102 et
2035 2061 2267 2103 ferventius
2286 2060 2349 2102 di—

1318 2133 1435 2174 lexit.
1449 2147 1467 2171 υ

1373 2208 1440 2245 47.
1468 2205 1642 2256 Propter
1672 2205 1784 2258 quod
1813 2204 1907 2247 dico
1938 2192 2032 2255 tibi,
2055 2207 2133 2246 ete.
2155 2204 2234 2246 Hie
2257 2207 2351 2257 post

1322 2278 1520 2330 generale
1545 2278 1756 2330 judicium
1787 2280 1829 2318 et
1859 2277 2036 2330 speciale
2067 2277 2346 2330 propositum,

1321 2348 1531 2390 concludit
1546 2348 1775 2401 principale
1793 2348 2019 2399 intentum,
2036 2347 2148 2400 quod
2165 2349 2352 2388 05100111-

1322 2420 1534 2460 mendatio
1579 2419 1791 2469 mulieris,
1833 2430 2094 2472 consequens
2139 2430 2192 2459 ex
2239 2430 2349 2471 [11εο-

1321 2490 1477 2531 11115515.
1517 2489 1842 2531 Commendatur
1880 2491 2022 2530 autem
2067 2489 2160 2530 haec
2199 2489 2353 2530 mulier

1321 2560 1535 2613 peccatrix
1561 2572 1586 2601 a
1614 2559 1791 2601 Domino
1820 2559 2183 2601 commendatione
2213 2559 2352 2613 plena,

1322 2634 1479 2675 scilicet
1505 2636 1554 2674 111
1583 2635 1769 2686 purgata
1791 2645 1816 2673 a
1834 2635 2003 2686 peccato
2032 2635 2204 2686 propter
2229 2632 2354 2674 dilec-

1322 2705 1449 2746 tionis
1460 2704 1674 2756 affectum,
1691 2707 1738 2746 ut
1757 2705 1939 2758 perfecta
1957 2704 2001 2744 in
2019 2704 2170 2744 merito
2186 2699 2359 2757 propter

1323 2776 1554 2818 dilectionis
1575 2776 1788 2827 effectum⁷
1810 2778 1859 2816 ut
1887 2775 2113 2828 praeposita
2141 2774 2358 2815 Pharisaeo

1323 2850 1495 2900 propter
1533 2846 1764 2888 dilectionis
1801 2858 2038 2887 excessum.
2061 2845 2178 2887 Unde
2209 2855 2358 2897 appro-

1324 2919 1396 2960 bat
1423 2918 1493 2959 hic
1521 2917 1724 2959 Dominus
1749 2916 2016 2958 dilectionem
2043 2917 2136 2968 eJus
2165 2927 2174 2954 :
2202 2915 2355 2968 primo,

1325 2991 1428 3044 quia
1447 2989 1613 3031 dilectio
1633 3001 1728 3030 eam
1748 3001 1773 3029 a
1801 2990 1970 3041 peccato
1998 2986 2220 3041 purgavit3
2246 2985 2359 3026 unde

1326 3061 1426 3103 dicit
1444 3075 1453 3102 ε
1477 3060 1651 3113 Propter
1671 3059 1783 3113 quod
1800 3059 1895 3101 dico
1912 3058 2004 3109 tibi,
2026 3058 2068 3098 id
2090 3059 2167 3108 est,
2188 3058 2359 3110 propter

1326 3145 1442 3175 nunc
1477 3130 1699 3185 praemissa
1733 3129 1964 3172 dilectionis
1999 3128 2175 3178 indicia,
2217 3139 2358 3169 assero

1325 3204 1404 3245 tibi
1431 3215 1441 3244 :
1471 3203 1760 3246 Remittunlur
1787 3201 1826 3244 ei
1850 3202 2018 3253 peccata
2046 3199 2197 3242 multa.
2221 3199 2271 3241 Et
2300 3199 2359 3240 ita

1323 3276 1416 3329 ,iam
1447 3287 1472 3316 a
1493 3276 1536 3316 te
1561 3286 1649 3315 non
1668 3272 1791 3314 debet
1812 3270 2100 3322 condemnari,
2121 3270 2193 3312 sed
2216 3270 2358 3322 magis

1329 3409 1474 3449 Evany„
1497 3406 1592 3438 hom.
1612 3412 1692 3437 xxv,
1717 3421 1758 3427 —
1785 3403 1810 3425 ¹⁰
1837 3402 1946 3441 Cant„
1975 3409 2051 3444 vm,
2082 3405 2111 3434 6.
2132 3420 2168 3425 -
2191 3403 2217 3425 ¹¹
2243 3403 2356 3443 Grcg„

1331 3457 1366 3487 in
1386 3456 1528 3496 Evanq„
1547 3453 1642 3486 hom.
1657 3460 1787 3483 xu.—
1802 3449 1834 3473 1²
1851 3449 1988 3490 Matth„
2009 3458 2055 3491 vl,
2082 3451 2130 3483 17.
2149 3467 2184 3473 —
2206 3449 2233 3472 ²³
2249 3450 2356 3488 ΙΙοαη.,

1330 3510 1398 3543 xil,
1418 3504 1450 3534 3.

1375 3574 1416 3615 (a)
1447 3572 1545 3613 Vulq.
1566 3546 1691 3604 Lavate
1710 3569 1816 3611 pedes
1832 3570 1981 3602 vestros.
