2634 3853
123 432 218 460 Debe-

119 483 184 500 mus

95 517 201 549 Deum,

99 559 130 582 ut
152 557 201 583 tilii

88 600 211 632 patrem,

94 639 211 666 imitari.

243 265 319 303 380

239 351 342 391 dum
362 350 464 391 illud
485 351 536 390 ad
557 350 760 404 Ephesios
776 355 787 376 ¹
806 366 814 391 τ
841 366 859 390 (ι
881 351 1018 391 Estote
1034 348 1267 388 imitatores

242 421 328 472 Dei,
353 422 463 462 sicut
486 422 562 461 filii
581 422 829 462 charissimi.
853 435 871 458 ›)
898 421 1104 460 Debemus
1124 421 1266 458 autem

239 493 345 533 sicut
362 493 434 532 filii
460 493 586 533 Deum
607 493 777 541 imitari,
796 492 895 544 quia
911 490 1150 542 accepimus
1172 502 1267 541 gra-

238 565 340 604 tiam
362 564 460 604 fidei
489 564 540 603 ab
570 575 633 612 eo,
655 564 705 602 de
736 575 819 615 qua
851 562 1034 603 dicit11r²
1067 574 1075 601 :
1110 561 1267 601 «Dedit

239 636 298 676 eis
332 637 577 688 potestatem
611 633 716 673 tilios
746 633 815 673 Dei
848 633 958 681 fieri,
984 633 1050 672 his
1070 632 1142 685 qui
1172 644 1265 672 cre-

239 707 343 747 dunt
362 706 404 744 in
431 704 603 744 nomine
624 706 729 756 ejus.
751 720 768 741 n
797 704 1046 757 Accepimus
1065 703 1192 743 etiam
1213 704 1265 743 ab

238 789 286 817 co
315 775 510 828 spiritum
544 775 779 827 adoptionis
808 775 1010 825 filiorum,
1033 773 1265 815 secundum

237 846 337 887 illud
358 847 371 868 ³
395 860 403 885 :
433 861 451 883 α
472 844 566 885 Non
586 845 800 898 accepistis
824 845 1020 898 spiritum
1052 845 1265 885 servitutis

235 919 390 958 iterum
428 917 472 957 in
512 917 683 967 timore3
721 917 792 958 sed
824 918 1037 970 accepistis
1068 917 1265 970 spiritum

235 988 471 1041 adoptionis
485 987 684 1036 filiorum,
702 988 743 1027 in
759 1000 842 1040 quo
857 988 1089 1028 clamamus
1107 1002 1115 1027 :
1129 988 1263 1038 Abba,

236 1060 373 1101 Pater.
395 1074 413 1096 >³
439 1059 489 1100 Et
514 1059 606 1100 ideo
625 1059 828 1100 debemus
847 1059 1002 1099 imitari
1034 1061 1182 1108 Deum,
1206 1060 1264 1099 si-

235 1134 305 1171 cut
325 1130 400 1170 filii
426 1132 603 1182 patrem,
625 1130 859 1170 secundum
881 1129 982 1169 illud
1002 1129 1015 1150 ⁴
1043 1144 1051 1169 :
1080 1145 1098 1167 «
1120 1129 1162 1169 Si
1190 1130 1265 1170 filii

234 1202 418 1243 Abrahae
457 1201 569 1251 estis,
610 1212 735 1253 opera
770 1200 954 1240 Abrahae
984 1200 1117 1240 facite.
1152 1214 1170 1237 ))
1215 1200 1266 1240 Et

233 1276 456 1327 propterea
486 1273 537 1313 ad
569 1273 812 1326 exemplum
842 1275 935 1325 eJ'us
970 1273 1174 1313 debemus
1205 1272 1267 1312 vi-

233 1359 350 1397 vere;
384 1347 495 1399 quod
528 1347 739 1399 adJungit,
771 1359 868 1387 cum
900 1346 957 1387 ait
989 1359 996 1384 :
1034 1346 1142 1392 Quia
1174 1346 1266 1397 ipse

233 1418 438 1470 benignus
459 1422 519 1460 est
538 1428 663 1470 super
682 1419 873 1470 inmotos
892 1420 930 1459 et
948 1417 1094 1463 malos,
1118 1429 1266 1457 secun-

232 1488 333 1529 dum
355 1487 460 1528 illud
484 1489 496 1510 ⁵
521 1503 529 1528 z
558 1503 576 1526 α
603 1487 820 1540 Benignus
846 1491 886 1528 et
915 1487 1157 1528 misericors
1185 1490 1259 1538 est,

231 1560 391 1612 patiens
424 1563 463 1599 et
492 1559 638 1599 multae
669 1559 987 1609 misericordiae,
1016 1562 1056 1599 et
1087 1562 1262 1611 pra-esta-

231 1631 328 1671 bilis
369 1643 495 1683 super
533 1630 706 1671 malitia.
746 1646 764 1668 »
811 1630 861 1671 Et
892 1631 984 1672 haec
1023 1630 1264 1681 benignitas

232 1715 275 1742 sc
313 1703 364 1743 ad
404 1703 593 1754 ingratos
638 1704 679 1741 et
731 1701 862 1741 malos
907 1702 1121 1751 extendit,
1166 1702 1265 1754 quia

230 1774 382 1814 dicitur
413 1773 462 1813 ⁶:
507 1788 526 1810 «
564 1772 741 1824 Ignoras
782 1772 986 1825 quoniam
1022 1772 1263 1824 benignitas

230 1844 302 1885 Dei
349 1844 400 1884 ad
446 1843 736 1896 poenitentiam
779 1846 819 1883 te
860 1843 1059 1884 adducit?
1099 1843 1263 1883 Secun-

229 1916 329 1957 dum
362 1918 505 1957 autem
532 1915 730 1956 duritiam
767 1918 884 1955 tuam
916 1918 956 1955 et
994 1914 1263 1967 impoenitens

228 2000 313 2038 cor,
343 1986 602 2028 thezaurizas
641 1987 719 2026 tibi
765 1986 872 2026 iram
906 1986 951 2025 in
994 1985 1059 2026 die
1097 1986 1185 2037 irae,
1222 1989 1263 2027 et

228 2059 496 2101 revelationis
523 2059 628 2111 Justi
650 2059 799 2112 judicii
819 2058 906 2109 Dei,
930 2058 1003 2111 qui
1032 2058 1176 2099 reddet
1206 2059 1258 2111 (a)

228 2130 461 2183 unicuique
482 2130 716 2170 secundum
735 2142 864 2182 opera
882 2131 990 2181 eJus.
1013 2144 1031 2166 η
1068 2129 1118 2169 Et
1139 2141 1262 2182 prop-

229 2204 342 2242 terea
372 2201 526 2241 dicitur
552 2204 565 2225 ⁷
594 2215 602 2240 :
643 2215 661 2238 α
694 2200 790 2240 Mali
822 2203 964 2240 autem
998 2200 1192 2240 homines
1222 2203 1262 2241 et

229 2272 467 2313 seductores
499 2271 718 2324 proficient
741 2271 788 2323 (b)
820 2272 865 2311 in
897 2273 1031 2324 pejus,
1054 2274 1257 2322 errantes,

230 2346 270 2384 et
289 2344 330 2383 in
353 2355 540 2384 errorem
563 2343 785 2383 mittentes.
811 2358 828 2379 ›)
857 2343 905 2383 Et
924 2343 1023 2383 alibi
1044 2343 1197 2384 dicitur
1214 2346 1227 2367 ⁸
1249 2358 1257 2384 :

235 2430 254 2453 (ι
274 2414 441 2455 Etenim
456 2414 556 2466 quia
575 2426 661 2454 non
682 2414 839 2466 profert
860 2414 941 2455 cito
961 2418 1108 2455 contra
1128 2415 1261 2455 malos

228 2485 503 2534 sententiam,
531 2485 691 2538 absque
719 2485 871 2526 timore
899 2485 986 2526 ullo
1015 2485 1090 2526 filii
1123 2485 1262 2527 homi-

228 2569 331 2598 num
353 2559 595 2609 perpetrant
614 2556 739 2596 mala.
760 2570 778 2593 n
804 2557 868 2596 Ab
890 2556 955 2596 his
979 2557 1101 2597 malis
1120 2558 1261 2598 omni-

228 2630 306 2670 bus
323 2629 470 2668 liberat
490 2631 529 2669 et
548 2627 679 2667 salvat
692 2627 836 2668 divina
854 2628 1113 2680 benignitas,
1137 2642 1259 2671 exce-

230 2701 331 2740 dens
359 2702 548 2739 nostram
574 2698 794 2739 malitiam.
819 2699 933 2740 Unde
953 2699 1011 2741 acl
1036 2701 1175 2743 Titum
1194 2702 1259 2741 di-

230 2772 338 2811 citur
356 2774 370 2795 ⁹
394 2782 402 2808 ε
432 2784 451 2808 «
471 2771 575 2810 Cum
599 2772 742 2810 autem
769 2771 1008 2821 benignitas
1030 2775 1068 2811 et
1101 2772 1260 2813 huma-

229 2842 339 2882 nitas
359 2841 551 2894 apparuit
580 2840 810 2881 Salvatoris
830 2842 963 2882 nostri
985 2841 1070 2893 Dei,
1093 2855 1180 2884 non
1206 2856 1259 2885 ex

229 2913 426 2965 operibus
461 2912 661 2964 Justitiae,
699 2924 796 2965 quae
832 2913 1009 2953 fecimus
1050 2926 1146 2964 nOS,
1189 2915 1259 2955 sed

229 2986 461 3026 secundum
494 2997 614 3025 suam
647 2985 977 3026 misericordiam
1016 2985 1154 3027 salvos
1184 2998 1261 3027 nos

227 3057 337 3098 fecit.
359 3072 377 3094 »

283 3131 347 3169 36.
388 3128 527 3169 Estote
563 3127 875 3179 misericordes,
911 3130 988 3168 etc.
1033 3127 1261 3182 Postquam

230 3198 496 3251 evangelicas
529 3197 647 3249 leges
687 3198 1004 3251 promulgavit,
1043 3200 1258 3252 probavit,

230 3273 270 3311 et
290 3269 516 3322 resumpsit
537 3281 633 3309 cum
654 3270 816 3310 ratione
840 3273 1038 3311 movente
1047 3285 1056 3320 ;
1079 3270 1148 3311 hic
1171 3274 1261 3311 tan-

230 3341 326 3382 dem
355 3339 548 3381 Salvator
568 3342 711 3380 noster
739 3341 947 3381 concludit
974 3353 1048 3394 per
1078 3342 1261 3383 retribu-

275 3426 282 3442 ¹
305 3422 438 3464 Ephe-s„
460 3430 491 3463 v,
512 3425 539 3454 1.
558 3439 598 3445 -
617 3422 630 3442 2
646 3423 753 3462 Joan„
772 3431 796 3460 1,
820 3425 868 3454 12.
890 3440 929 3445 ——
951 3423 962 3442 ³
985 3424 1087 3461 Rom„
1111 3432 1186 3465 vri,
1210 3427 1259 3456 15.

231 3488 271 3494 -
291 3470 301 3489 ⁴
321 3471 430 3510 Joczn„
452 3478 532 3511 vui,
554 3472 605 3502 39.
625 3486 665 3493 -—
691 3470 704 3492 ⁸
727 3469 823 3510 Joel„
847 3479 891 3511 11,
919 3472 968 3501 13.
991 3488 1032 3494 -
1058 3471 1069 3490 ⁶
1096 3471 1199 3510 Rom„
1222 3479 1260 3513 11,

232 3520 303 3550 4-6.
325 3536 366 3542 -
396 3519 407 3541 7
438 3521 464 3552 11
495 3520 590 3560 Tim„
619 3527 676 3558 111,
701 3520 751 3551 13.
776 3536 815 3543 —
843 3519 855 3540 ⁸
882 3518 1001 3557 Eccle.‚
1034 3527 1115 3558 vui,
1144 3523 1192 3554 11.
1221 3539 1262 3545 -

235 3567 246 3585 ⁰
268 3566 346 3607 Ttt„
367 3575 417 3607 211,
439 3569 469 3607 4,
491 3569 520 3598 5.
536 3585 576 3590 —
595 3568 621 3589 ¹⁰
636 3566 769 3607 Matth„
789 3574 890 3606 xviu,
906 3567 956 3599 33.
979 3584 1012 3589 —
1031 3568 1054 3589 ¹¹
1072 3568 1189 3603 Ecclzl,
1214 3577 1260 3610 iv,

971 257 1252 301 EVANGELII
1284 229 1470 301 SANcri
1500 261 1649 303 LUCAE

1337 348 1497 390 tionem
1518 351 1844 403 consequentem
1867 364 1875 390 :
1898 363 2025 403 quam
2045 353 2219 405 quidem
2239 353 2368 394 retri-

1338 420 1556 461 butionem
1592 422 1771 462 ostendit
1806 422 1925 474 sequi
1955 423 2066 464 bona
2100 427 2141 465 et
2178 425 2370 466 virtuosa

1338 502 1465 542 opera
1484 495 1626 533 nostra
1646 493 1689 532 in
1710 492 1916 532 sententia
1933 493 2138 544 judiciali,
2162 495 2209 534 in
2231 495 2370 546 gloria

1338 563 1507 613 coelesti,
1530 567 1570 604 et
1598 564 1641 603 in
1661 575 1785 616 poena
1804 563 1954 602 inferni
1979 575 1989 603 :
2012 564 2057 603 in
2081 564 2241 615 Judicio
2272 566 2370 617 qui-

1338 632 1432 672 dem
1453 637 1647 686 respectu
1665 634 1985 683 universorum;
2009 633 2054 674 in
2072 635 2270 687 proemio,
2286 647 2371 675 res-

1338 706 1462 755 pectu
1504 704 1734 754 bonorum;
1771 704 1882 761 etin
1921 704 2143 756 supplicio,
2178 707 2371 757 respectu

1338 777 1620 826 peccatorum.
1657 774 1873 815 Concludit
1911 774 2044 825 igitur
2079 775 2217 827 primo
2258 776 2372 828 quod

1338 845 1540 886 debemus
1559 846 1778 898 praemissa
1804 845 2001 885 mandata
2018 845 2194 898 implere
2221 858 2370 887 secun-

1338 916 1440 957 dum
1462 917 1642 957 formam
1664 917 1965 969 pra-scriptam,
1983 916 2248 968 praedicendo
2260 917 2373 970 jndi-

1338 987 1486 1027 cialem
1519 987 1784 1037 sententiam,
1807 999 1905 1027 cum
1935 987 2036 1027 dicit
2060 1001 2068 1027 :
2100 988 2246 1030 Estote
2277 999 2371 1040 erqo

1337 1058 1653 1108 misericordes,
1707 1058 1863 1098 scilicet
1912 1058 1955 1097 in
2009 1058 2248 1099 exhibendo
2296 1071 2372 1100 vos

1338 1128 1543 1182 proximis
1573 1127 1814 1178 beneVOIOS,
1837 1128 2032 1180 pacificos
2068 1132 2107 1169 et
2139 1130 2370 1180 beneflc0s3

1337 1201 1380 1240 in
1419 1213 1502 1253 quo
1552 1200 1691 1252 tangit
1732 1200 2031 1239 mandatorum
2076 1200 2375 1252 praedictorum

1339 1272 1619 1313 substantiam
1643 1286 1651 1312 :
1683 1272 1811 1314 Sicut
1837 1274 1873 1312 et
1896 1274 2016 1324 pater
2041 1274 2176 1313 vester
2200 1272 2376 1314 miseri-

1337 1355 1426 1386 cors
1455 1347 1515 1386 est
1541 1356 1555 1384 .·
1585 1344 1627 1383 in
1664 1355 1748 1396 quo
1780 1343 1921 1394 tangit
1949 1344 2145 1393 formam,
2169 1344 2258 1384 sive
2289 1343 2375 1384 cir-

1338 1417 1650 1467 cumstantiam,
1675 1417 1774 1469 quia
1792 1417 1880 1468 ipse
1905 1429 1991 1457 non
2022 1419 2188 1457 tantum
2211 1417 2370 1469 amicis,

1338 1490 1410 1530 sed
1455 1488 1709 1530 adversariis
1747 1489 2055 1529 condescendit.
2095 1488 2182 1529 Hoc
2218 1489 2374 1542 quippe

1338 1561 1624 1602 necessarium
1647 1563 1708 1600 est
1727 1560 1961 1600 secundum
1978 1560 2082 1600 illud
2102 1560 2130 1581 ¹⁰
2154 1572 2164 1600 t
2188 1575 2208 1598 (ι
2230 1560 2376 1601 Nonne

1338 1633 1523 1685 oportuit
1547 1634 1588 1672 et
1607 1635 1646 1672 te
1674 1631 1865 1671 misereri
1885 1631 2079 1671 conservi
2098 1632 2176 1680 tui,
2198 1631 2305 1671 sicut
2333 1634 2375 1671 et

1337 1716 1418 1755 ego
1439 1703 1501 1743 tui
1527 1703 1725 1743 misertus
1753 1703 1880 1742 sum?
1901 1715 1919 1738 »
1951 1701 2069 1741 Unde
2099 1701 2217 1741 illam
2245 1701 2375 1742 mise-

1337 1775 1561 1815 ricordiam
1598 1773 1756 1824 exiget,
1792 1784 1921 1824 quam
1953 1771 2043 1824 ipse
2072 1772 2302 1825 impendit3
2335 1775 2376 1813 et

1337 1846 1571 1887 secundum
1590 1845 1707 1885 illam
1734 1856 1863 1897 quam
1890 1843 2178 1896 impendimus
2198 1843 2241 1883 in
2258 1844 2372 1896 Judi-

1337 1917 1417 1967 cio,
1440 1917 1655 1969 rependet,
1680 1915 1915 1956 secundum
1936 1914 2041 1955 illud
2062 1915 2089 1937 ¹¹
2113 1926 2122 1952 ε
2151 1929 2170 1952 α
2192 1914 2239 1954 In
2254 1915 2373 1966 giudi-

1338 1988 1469 2029 cando
1496 1990 1584 2028 esto
1604 1987 1774 2040 pupillis
1804 1985 2058 2036 misericors,
2079 1987 2126 2025 ut
2159 1987 2298 2037 pater;
2334 1988 2375 2026 et

1336 2059 1543 2112 provirO,
1569 2058 1691 2098 matri
1712 2057 1881 2097 illorum
1904 2071 1912 2096 :
1947 2059 1987 2097 et
2006 2055 2088 2097 eris
2114 2058 2161 2096 tu
2188 2056 2306 2096 velut
2325 2057 2374 2096 fi-

1336 2131 1418 2171 lius
1453 2129 1658 2170 Altissimi
1688 2128 1901 2178 obedienS,
1934 2130 1974 2167 et
2004 2127 2274 2168 miserebitur
2310 2127 2373 2168 tui

1337 2201 1478 2253 magis
1497 2213 1626 2254 quam
1652 2203 1802 2240 mater.
1821 2215 1839 2237 »
1867 2199 1916 2240 Et
1934 2199 2113 2239 Jacobus
2134 2198 2161 2220 1²
2185 2212 2192 2237 :
2223 2214 2242 2237 c(
2260 2198 2375 2239 Judi-

1336 2273 1449 2313 cium
1470 2273 1560 2313 sine
1581 2271 1866 2312 misericordia
1884 2270 1945 2309 illi
1971 2269 2045 2322 qui
2066 2281 2152 2309 non
2172 2269 2269 2309 facit
2290 2271 2370 2309 mi-

1336 2343 1620 2384 sericordiam.
1646 2357 1665 2380 n
1700 2341 1750 2382 Et
1783 2341 1876 2382 ideo
1905 2340 2020 2381 addit
2049 2339 2372 2380 retributionem

1331 2414 1499 2468 judicii.
1540 2414 1937 2466 correspondentem
1977 2411 2175 2464 operibus
2216 2411 2370 2460 meriti,

1336 2486 1571 2527 secundum
1592 2484 1914 2538 quadruplicem
1935 2482 2217 2524 differentiam
2237 2485 2370 2532 actus,

1336 2557 1491 2598 scilicet
1512 2556 1745 2609 judicandi,
1768 2554 2092 2605 condemnandi,
2120 2553 2369 2603 dimittendi,

1336 2631 1376 2669 et
1400 2628 1583 2669 donandi
1617 2642 1625 2668 :
1651 2639 1834 2680 quorum
1866 2625 2031 2678 primus
2058 2627 2119 2665 est
2144 2624 2371 2677 aequitatis,

1336 2700 1545 2740 secundus
1577 2698 1824 2747 severitatis,
1861 2696 2010 2737 tertius
2040 2696 2220 2749 pietatis,
2250 2707 2374 2748 quar-

1336 2773 1404 2811 tus
1435 2770 1712 2811 liberalitatis.
1750 2768 2086 2809 Retributionem
2123 2779 2199 2820 per
2230 2770 2372 2807 actum

1332 2841 1549 2894 judicandi
1611 2839 1809 2881 describit
1865 2839 2026 2892 primo,
2073 2850 2171 2878 cum
2226 2837 2371 2878 subdi-

1336 2914 1406 2952 tur
1442 2913 1494 2964 (ν.
1531 2914 1594 2963 37)
1628 2924 1637 2951 :
1673 2910 1809 2953 Nolite
1835 2909 2047 2963 judicare,
2071 2913 2111 2952 ec
2135 2919 2220 2951 non
2244 2907 2371 2959 judi-

1338 2983 1560 3025 cabimini.
1584 2984 1612 3008 ¹³
1635 2998 1654 3020 «
1675 2982 1723 3023 In
1758 2993 1843 3035 quo
1873 2981 2034 3034 judicio
2062 2980 2367 3032 Judicaveritis‚

1332 3054 1645 3107 jiidicabiniini.
1679 3068 1697 3091 η
1741 3053 1790 3093 Et
1825 3052 1926 3104 quia
1962 3063 2049 3091 non
2086 3049 2285 3102 intelligit
2321 3051 2372 3092 de

1338 3138 1608 3179 quocumque
1635 3124 1810 3178 Judicio‚
1832 3123 1903 3163 sed
1937 3122 1987 3162 de
2013 3133 2062 3162 eo
2090 3122 2203 3175 quod
2231 3135 2256 3163 a
2283 3123 2370 3175 pie-

1338 3200 1422 3238 tate
1441 3197 1581 3238 deviat
1599 3197 1645 3237 in
1675 3194 1986 3242 crudelitatem;
2016 3193 2108 3233 ideo
2137 3193 2335 3246 adjungit
2359 3207 2369 3235 ε

1338 3269 1479 3313 Nolite
1493 3268 1788 3317 condemnare,
1805 3269 1844 3308 et
1862 3275 1947 3307 ηοη
1966 3264 2369 3308 condemnabimini.

1339 3342 1367 3364 ¹⁸
1398 3357 1416 3381 α
1446 3340 1493 3381 In
1527 3352 1612 3393 quo
1643 3339 1756 3380 enim
1781 3336 1946 3390 Judicas
1967 3336 2164 3388 alterum,
2191 3338 2372 3391 teipsum

1340 3458 1396 3497 10,
1432 3458 1480 3487 11.
1511 3471 1552 3477 --
1582 3454 1608 3475 ¹²
1630 3455 1711 3492 Jac.,
1742 3459 1788 3492 11,
1818 3453 1868 3483 13.
1901 3468 1940 3474 —
1974 3451 2001 3473 ¹3
2025 3452 2158 3493 Mami„
2184 3459 2250 3492 vn,
2277 3452 2307 3483 2.
2331 3469 2372 3475 —

1340 3502 1367 3524 ¹¹*
1385 3503 1492 3542 Rom„
1512 3510 1550 3542 11,
1569 3504 1600 3533 4.

1383 3567 1423 3606 (α)
1452 3566 1531 3599 Coet.
1555 3565 1636 3597 edit.
1656 3564 1778 3597 reddit.
1802 3580 1837 3586 -
1857 3564 1898 3604 (b)
1920 3563 2002 3594 Item
2020 3563 2212 3604 preficiunt.
