<?xml version="1.0" encoding="UTF-8"?>
<!DOCTYPE html PUBLIC "-//W3C//DTD XHTML 1.0 Transitional//EN"
    "http://www.w3.org/TR/xhtml1/DTD/xhtml1-transitional.dtd">
<html xmlns="http://www.w3.org/1999/xhtml" xml:lang="en" lang="en">
 <head>
  <title>
</title>
<meta http-equiv="Content-Type" content="text/html;charset=utf-8" />
  <meta name='ocr-system' content='tesseract 3.04.00' />
  <meta name='ocr-capabilities' content='ocr_page ocr_carea ocr_par ocr_line ocrx_word'/>
</head>
<body>
  <div class='ocr_page' id='page_1' title='image "./operaomniasixtiv10bonauoft/operaomniasixtiv10bonauoft_0193.png"; bbox 0 0 2587 3845; ppageno 0'>
   <div class='ocr_carea' id='block_1_1' title="bbox 1140 185 1392 228">
    <p class='ocr_par' dir='ltr' id='par_1_1' title="bbox 1140 185 1392 228">
     <span class='ocr_line' id='line_1_1' title="bbox 1140 185 1392 228; baseline -0.004 0"><span class='ocrx_word' id='word_1_1' title='bbox 1140 185 1309 228; x_wconf 86' lang='lat' dir='ltr'><strong>CAPUT</strong></span> <span class='ocrx_word' id='word_1_2' title='bbox 1341 186 1392 227; x_wconf 92' lang='grc' dir='ltr'>ΙΙ.</span> 
     </span>
    </p>
   </div>
   <div class='ocr_carea' id='block_1_2' title="bbox 199 275 1255 3382">
    <p class='ocr_par' dir='ltr' id='par_1_2' title="bbox 204 275 1228 398">
     <span class='ocr_line' id='line_1_2' title="bbox 205 275 1228 330; baseline -0.007 -7"><span class='ocrx_word' id='word_1_3' title='bbox 205 282 270 323; x_wconf 88' lang='lat' dir='ltr'>cat</span> <span class='ocrx_word' id='word_1_4' title='bbox 295 294 304 322; x_wconf 93' lang='lat'>:</span> <span class='ocrx_word' id='word_1_5' title='bbox 328 279 385 320; x_wconf 91' lang='lat' dir='ltr'>De</span> <span class='ocrx_word' id='word_1_6' title='bbox 403 278 588 320; x_wconf 91' lang='lat' dir='ltr'>adventu</span> <span class='ocrx_word' id='word_1_7' title='bbox 607 277 790 328; x_wconf 84' lang='lat' dir='ltr'>Messiae,</span> <span class='ocrx_word' id='word_1_8' title='bbox 814 277 927 330; x_wconf 88' lang='lat' dir='ltr'>quod</span> <span class='ocrx_word' id='word_1_9' title='bbox 947 275 1180 326; x_wconf 89' lang='lat' dir='ltr'>somniant,</span> <span class='ocrx_word' id='word_1_10' title='bbox 1204 289 1228 316; x_wconf 89' lang='lat' dir='ltr'>a</span> 
     </span>
     <span class='ocr_line' id='line_1_3' title="bbox 204 348 998 398; baseline -0.004 -7"><span class='ocrx_word' id='word_1_11' title='bbox 204 363 248 391; x_wconf 89' lang='lat' dir='ltr'>se</span> <span class='ocrx_word' id='word_1_12' title='bbox 266 349 440 398; x_wconf 87' lang='lat' dir='ltr'>habent,</span> <span class='ocrx_word' id='word_1_13' title='bbox 463 360 549 388; x_wconf 89' lang='lat' dir='ltr'>non</span> <span class='ocrx_word' id='word_1_14' title='bbox 571 348 749 389; x_wconf 89' lang='lat' dir='ltr'>Domino</span> <span class='ocrx_word' id='word_1_15' title='bbox 770 348 998 388; x_wconf 86' lang='lat' dir='ltr'>revelante.</span> 
     </span>
    </p>

    <p class='ocr_par' dir='ltr' id='par_1_3' title="bbox 199 417 1232 753">
     <span class='ocr_line' id='line_1_4' title="bbox 256 417 1226 472; baseline -0.005 -11"><span class='ocrx_word' id='word_1_16' title='bbox 256 419 348 461; x_wconf 79' lang='lat' dir='ltr'>Iod.</span> <span class='ocrx_word' id='word_1_17' title='bbox 389 419 615 469; x_wconf 73' lang='lat' dir='ltr'>Sederunc,</span> <span class='ocrx_word' id='word_1_18' title='bbox 639 423 718 460; x_wconf 83' lang='lat' dir='ltr'>etc.</span> <span class='ocrx_word' id='word_1_19' title='bbox 739 419 819 460; x_wconf 87' lang='lat' dir='ltr'>Pro</span> <span class='ocrx_word' id='word_1_20' title='bbox 842 420 894 472; x_wconf 81' lang='lat' dir='ltr'>(a)</span> <span class='ocrx_word' id='word_1_21' title='bbox 916 418 1039 458; x_wconf 90' lang='lat' dir='ltr'>tertio</span> <span class='ocrx_word' id='word_1_22' title='bbox 1060 417 1199 458; x_wconf 77' lang='lat' dir='ltr'>subdit</span> <span class='ocrx_word' id='word_1_23' title='bbox 1218 430 1226 457; x_wconf 72' lang='grc' dir='ltr'>ε</span> 
     </span>
     <span class='ocr_line' id='line_1_5' title="bbox 203 488 1228 542; baseline -0.006 -9"><span class='ocrx_word' id='word_1_24' title='bbox 203 490 416 533; x_wconf 77' lang='lat' dir='ltr'>sederunt</span> <span class='ocrx_word' id='word_1_25' title='bbox 438 493 486 533; x_wconf 79' lang='lat' dir='ltr'>z&#39;n</span> <span class='ocrx_word' id='word_1_26' title='bbox 507 496 640 541; x_wconf 76' lang='lat' dir='ltr'>terra,</span> <span class='ocrx_word' id='word_1_27' title='bbox 664 491 707 530; x_wconf 80' lang='lat' dir='ltr'>in</span> <span class='ocrx_word' id='word_1_28' title='bbox 728 491 902 542; x_wconf 85' lang='lat' dir='ltr'>signum</span> <span class='ocrx_word' id='word_1_29' title='bbox 922 489 1077 529; x_wconf 89' lang='lat' dir='ltr'>doloris</span> <span class='ocrx_word' id='word_1_30' title='bbox 1096 490 1136 529; x_wconf 85' lang='lat' dir='ltr'>et</span> <span class='ocrx_word' id='word_1_31' title='bbox 1155 488 1228 528; x_wconf 87' lang='lat' dir='ltr'>ab·</span> 
     </span>
     <span class='ocr_line' id='line_1_6' title="bbox 199 559 1232 615; baseline -0.006 -12"><span class='ocrx_word' id='word_1_32' title='bbox 199 562 394 615; x_wconf 63' lang='lat' dir='ltr'>,iectionis</span> <span class='ocrx_word' id='word_1_33' title='bbox 408 576 418 611; x_wconf 91' lang='lat'>;</span> <span class='ocrx_word' id='word_1_34' title='bbox 442 563 734 604; x_wconf 72' lang='lat' dir='ltr'>conticuerunt</span> <span class='ocrx_word' id='word_1_35' title='bbox 757 572 894 611; x_wconf 83' lang='lat' dir='ltr'>senes,</span> <span class='ocrx_word' id='word_1_36' title='bbox 916 572 1003 601; x_wconf 89' lang='lat' dir='ltr'>non</span> <span class='ocrx_word' id='word_1_37' title='bbox 1033 559 1232 600; x_wconf 83' lang='lat' dir='ltr'>audentes</span> 
     </span>
     <span class='ocr_line' id='line_1_7' title="bbox 203 629 1228 685; baseline -0.006 -12"><span class='ocrx_word' id='word_1_38' title='bbox 203 644 403 683; x_wconf 80' lang='lat' dir='ltr'>monere3</span> <span class='ocrx_word' id='word_1_39' title='bbox 425 643 562 682; x_wconf 80' lang='lat' dir='ltr'>senes,</span> <span class='ocrx_word' id='word_1_40' title='bbox 584 633 782 685; x_wconf 87' lang='lat' dir='ltr'>inquam,</span> <span class='ocrx_word' id='word_1_41' title='bbox 805 631 909 682; x_wconf 74' lang='lat' dir='ltr'>filice</span> <span class='ocrx_word' id='word_1_42' title='bbox 933 630 1056 680; x_wconf 71' lang='lat' dir='ltr'>Sion,</span> <span class='ocrx_word' id='word_1_43' title='bbox 1078 629 1120 669; x_wconf 87' lang='lat' dir='ltr'>id</span> <span class='ocrx_word' id='word_1_44' title='bbox 1143 631 1228 678; x_wconf 86' lang='lat' dir='ltr'>est,</span> 
     </span>
     <span class='ocr_line' id='line_1_8' title="bbox 204 700 1176 753; baseline -0.005 -9"><span class='ocrx_word' id='word_1_45' title='bbox 204 706 328 744; x_wconf 83' lang='lat' dir='ltr'>terrae</span> <span class='ocrx_word' id='word_1_46' title='bbox 348 702 369 744; x_wconf 88' lang='lat' dir='ltr'>J</span> <span class='ocrx_word' id='word_1_47' title='bbox 374 703 618 753; x_wconf 80' lang='lat' dir='ltr'>udaeorum,</span> <span class='ocrx_word' id='word_1_48' title='bbox 639 703 708 744; x_wconf 89' lang='lat' dir='ltr'>vel</span> <span class='ocrx_word' id='word_1_49' title='bbox 728 703 907 744; x_wconf 88' lang='lat' dir='ltr'>civitatis</span> <span class='ocrx_word' id='word_1_50' title='bbox 929 700 1176 742; x_wconf 72' lang='lat' dir='ltr'>Jerusalem.</span> 
     </span>
    </p>

    <p class='ocr_par' dir='ltr' id='par_1_4' title="bbox 207 772 1247 2313">
     <span class='ocr_line' id='line_1_9' title="bbox 263 772 1230 826; baseline -0.007 -10"><span class='ocrx_word' id='word_1_51' title='bbox 263 774 593 826; x_wconf 74' lang='lat' dir='ltr'>consperserunt</span> <span class='ocrx_word' id='word_1_52' title='bbox 625 788 638 813; x_wconf 90' lang='lat'>.·</span> <span class='ocrx_word' id='word_1_53' title='bbox 669 786 763 814; x_wconf 86' lang='lat' dir='ltr'>ecce</span> <span class='ocrx_word' id='word_1_54' title='bbox 798 772 998 814; x_wconf 80' lang='lat' dir='ltr'>desolatio</span> <span class='ocrx_word' id='word_1_55' title='bbox 1032 782 1230 824; x_wconf 79' lang='lat' dir='ltr'>persona-</span> 
     </span>
     <span class='ocr_line' id='line_1_10' title="bbox 207 840 1232 897; baseline -0.006 -11"><span class='ocrx_word' id='word_1_56' title='bbox 207 858 305 887; x_wconf 90' lang='lat' dir='ltr'>rum</span> <span class='ocrx_word' id='word_1_57' title='bbox 326 845 470 897; x_wconf 87' lang='lat' dir='ltr'>magis</span> <span class='ocrx_word' id='word_1_58' title='bbox 489 845 825 886; x_wconf 86' lang='lat' dir='ltr'>miserandarum</span> <span class='ocrx_word' id='word_1_59' title='bbox 838 875 848 892; x_wconf 93' lang='lat'><strong>‚</strong></span> <span class='ocrx_word' id='word_1_60' title='bbox 870 854 1053 896; x_wconf 88' lang='lat' dir='ltr'>quarum</span> <span class='ocrx_word' id='word_1_61' title='bbox 1074 840 1232 882; x_wconf 88' lang='lat' dir='ltr'>desola-</span> 
     </span>
     <span class='ocr_line' id='line_1_11' title="bbox 207 910 1236 968; baseline -0.006 -12"><span class='ocrx_word' id='word_1_62' title='bbox 207 916 368 956; x_wconf 81' lang='lat' dir='ltr'>tionem</span> <span class='ocrx_word' id='word_1_63' title='bbox 395 916 590 957; x_wconf 79' lang='lat' dir='ltr'>describit</span> <span class='ocrx_word' id='word_1_64' title='bbox 618 927 693 968; x_wconf 90' lang='lat' dir='ltr'>per</span> <span class='ocrx_word' id='word_1_65' title='bbox 725 915 848 967; x_wconf 87' lang='lat' dir='ltr'>signa</span> <span class='ocrx_word' id='word_1_66' title='bbox 877 912 1073 966; x_wconf 87' lang='lat' dir='ltr'>lugubris</span> <span class='ocrx_word' id='word_1_67' title='bbox 1105 910 1236 965; x_wconf 87' lang='lat' dir='ltr'>poeni-</span> 
     </span>
     <span class='ocr_line' id='line_1_12' title="bbox 208 985 1233 1039; baseline -0.005 -11"><span class='ocrx_word' id='word_1_68' title='bbox 208 987 351 1028; x_wconf 82' lang='lat' dir='ltr'>tentiae</span> <span class='ocrx_word' id='word_1_69' title='bbox 377 987 537 1039; x_wconf 85' lang='lat' dir='ltr'>cordis,</span> <span class='ocrx_word' id='word_1_70' title='bbox 561 989 602 1028; x_wconf 89' lang='lat' dir='ltr'>et</span> <span class='ocrx_word' id='word_1_71' title='bbox 628 986 770 1037; x_wconf 88' lang='lat' dir='ltr'>cilicii,</span> <span class='ocrx_word' id='word_1_72' title='bbox 795 989 835 1027; x_wconf 91' lang='lat' dir='ltr'>et</span> <span class='ocrx_word' id='word_1_73' title='bbox 860 985 1045 1038; x_wconf 87' lang='lat' dir='ltr'>corporis</span> <span class='ocrx_word' id='word_1_74' title='bbox 1070 985 1123 1025; x_wconf 90' lang='lat' dir='ltr'>ad</span> <span class='ocrx_word' id='word_1_75' title='bbox 1149 987 1233 1024; x_wconf 84' lang='lat' dir='ltr'>ter-</span> 
     </span>
     <span class='ocr_line' id='line_1_13' title="bbox 209 1056 1238 1111; baseline -0.002 -12"><span class='ocrx_word' id='word_1_76' title='bbox 209 1069 302 1099; x_wconf 89' lang='lat' dir='ltr'>ram</span> <span class='ocrx_word' id='word_1_77' title='bbox 334 1058 544 1111; x_wconf 59' lang='lat' dir='ltr'>prostrati,</span> <span class='ocrx_word' id='word_1_78' title='bbox 581 1057 685 1098; x_wconf 83' lang='lat' dir='ltr'>Dicit</span> <span class='ocrx_word' id='word_1_79' title='bbox 716 1069 820 1109; x_wconf 84' lang='lat' dir='ltr'>ergo</span> <span class='ocrx_word' id='word_1_80' title='bbox 856 1071 865 1098; x_wconf 77' lang='grc' dir='ltr'>ε</span> <span class='ocrx_word' id='word_1_81' title='bbox 909 1056 1238 1108; x_wconf 75' lang='lat' dir='ltr'>Conspersermzc</span> 
     </span>
     <span class='ocr_line' id='line_1_14' title="bbox 211 1129 1236 1183; baseline -0.004 -11"><span class='ocrx_word' id='word_1_82' title='bbox 211 1131 352 1173; x_wconf 74' lang='lat' dir='ltr'>cinere</span> <span class='ocrx_word' id='word_1_83' title='bbox 369 1132 516 1183; x_wconf 76' lang='lat' dir='ltr'>capita</span> <span class='ocrx_word' id='word_1_84' title='bbox 533 1140 612 1172; x_wconf 80' lang='lat' dir='ltr'>sua</span> <span class='ocrx_word' id='word_1_85' title='bbox 637 1130 701 1180; x_wconf 88' lang='lat' dir='ltr'>(b),</span> <span class='ocrx_word' id='word_1_86' title='bbox 723 1130 908 1172; x_wconf 72' lang='lat' dir='ltr'>accincti</span> <span class='ocrx_word' id='word_1_87' title='bbox 928 1133 1029 1171; x_wconf 77' lang='lat' dir='ltr'>sunt</span> <span class='ocrx_word' id='word_1_88' title='bbox 1048 1129 1204 1171; x_wconf 70' lang='lat' dir='ltr'>ciliciis</span> <span class='ocrx_word' id='word_1_89' title='bbox 1222 1143 1236 1168; x_wconf 81' lang='lat'>.-</span> 
     </span>
     <span class='ocr_line' id='line_1_15' title="bbox 212 1201 1237 1253; baseline -0.001 -12"><span class='ocrx_word' id='word_1_90' title='bbox 212 1201 330 1253; x_wconf 89' lang='lat' dir='ltr'>dicit,</span> <span class='ocrx_word' id='word_1_91' title='bbox 359 1202 561 1252; x_wconf 76' lang='lat' dir='ltr'><em>accincti,</em></span> <span class='ocrx_word' id='word_1_92' title='bbox 593 1201 847 1252; x_wconf 80' lang='lat' dir='ltr'>masculine,</span> <span class='ocrx_word' id='word_1_93' title='bbox 886 1203 933 1241; x_wconf 87' lang='lat' dir='ltr'>ut</span> <span class='ocrx_word' id='word_1_94' title='bbox 970 1201 1013 1241; x_wconf 90' lang='lat' dir='ltr'>in</span> <span class='ocrx_word' id='word_1_95' title='bbox 1054 1203 1237 1252; x_wconf 89' lang='lat' dir='ltr'>utroque</span> 
     </span>
     <span class='ocr_line' id='line_1_16' title="bbox 212 1270 1239 1313; baseline -0.004 0"><span class='ocrx_word' id='word_1_96' title='bbox 212 1284 319 1313; x_wconf 85' lang='lat' dir='ltr'>sexu</span> <span class='ocrx_word' id='word_1_97' title='bbox 338 1272 463 1312; x_wconf 90' lang='lat' dir='ltr'>istam</span> <span class='ocrx_word' id='word_1_98' title='bbox 483 1271 781 1313; x_wconf 74' lang='lat' dir='ltr'>desolationem</span> <span class='ocrx_word' id='word_1_99' title='bbox 799 1271 925 1312; x_wconf 84' lang='lat' dir='ltr'>fuisse</span> <span class='ocrx_word' id='word_1_100' title='bbox 944 1271 1147 1311; x_wconf 76' lang='lat' dir='ltr'>ostendat,</span> <span class='ocrx_word' id='word_1_101' title='bbox 1165 1270 1239 1311; x_wconf 83' lang='lat' dir='ltr'>Vel</span> 
     </span>
     <span class='ocr_line' id='line_1_17' title="bbox 211 1341 1233 1394; baseline 0 -14"><span class='ocrx_word' id='word_1_102' title='bbox 211 1341 325 1381; x_wconf 90' lang='lat' dir='ltr'>istud</span> <span class='ocrx_word' id='word_1_103' title='bbox 352 1341 406 1382; x_wconf 87' lang='lat' dir='ltr'>ad</span> <span class='ocrx_word' id='word_1_104' title='bbox 435 1353 554 1382; x_wconf 89' lang='lat' dir='ltr'>senes</span> <span class='ocrx_word' id='word_1_105' title='bbox 580 1342 837 1394; x_wconf 84' lang='lat' dir='ltr'>praehabitos</span> <span class='ocrx_word' id='word_1_106' title='bbox 866 1344 927 1382; x_wconf 91' lang='lat' dir='ltr'>est</span> <span class='ocrx_word' id='word_1_107' title='bbox 952 1342 1233 1381; x_wconf 83' lang='lat' dir='ltr'>referendum.</span> 
     </span>
     <span class='ocr_line' id='line_1_18' title="bbox 211 1411 1237 1466; baseline 0 -14"><span class='ocrx_word' id='word_1_108' title='bbox 211 1411 355 1465; x_wconf 87' lang='lat' dir='ltr'>Aliqui</span> <span class='ocrx_word' id='word_1_109' title='bbox 384 1413 544 1453; x_wconf 85' lang='lat' dir='ltr'>babent</span> <span class='ocrx_word' id='word_1_110' title='bbox 572 1414 881 1466; x_wconf 82' lang='lat' dir='ltr'>suppletionem</span> <span class='ocrx_word' id='word_1_111' title='bbox 906 1413 1053 1453; x_wconf 81' lang='lat' dir='ltr'>falsam</span> <span class='ocrx_word' id='word_1_112' title='bbox 1076 1427 1085 1453; x_wconf 77' lang='grc' dir='ltr'>ε</span> <span class='ocrx_word' id='word_1_113' title='bbox 1115 1427 1133 1450; x_wconf 76' lang='grc'>(1</span> <span class='ocrx_word' id='word_1_114' title='bbox 1155 1412 1237 1453; x_wconf 53' lang='lat' dir='ltr'>Aea</span> 
     </span>
     <span class='ocr_line' id='line_1_19' title="bbox 212 1483 1241 1537; baseline -0.001 -13"><span class='ocrx_word' id='word_1_115' title='bbox 212 1484 345 1526; x_wconf 73' lang='lat' dir='ltr'>cincti</span> <span class='ocrx_word' id='word_1_116' title='bbox 372 1488 472 1526; x_wconf 76' lang='lat' dir='ltr'>sunt</span> <span class='ocrx_word' id='word_1_117' title='bbox 495 1483 654 1526; x_wconf 71' lang='lat' dir='ltr'>ciliciis</span> <span class='ocrx_word' id='word_1_118' title='bbox 683 1485 867 1526; x_wconf 88' lang='lat' dir='ltr'>seniores</span> <span class='ocrx_word' id='word_1_119' title='bbox 882 1484 1046 1537; x_wconf 82' lang='lat' dir='ltr'>judices</span> <span class='ocrx_word' id='word_1_120' title='bbox 1068 1496 1078 1524; x_wconf 79' lang='lat' dir='ltr'><strong><em>z</em></strong></span> <span class='ocrx_word' id='word_1_121' title='bbox 1101 1498 1120 1521; x_wconf 83' lang='grc'>))</span> <span class='ocrx_word' id='word_1_122' title='bbox 1147 1484 1241 1523; x_wconf 82' lang='lat' dir='ltr'>liaec</span> 
     </span>
     <span class='ocr_line' id='line_1_20' title="bbox 213 1554 1237 1609; baseline -0.001 -14"><span class='ocrx_word' id='word_1_123' title='bbox 213 1554 329 1595; x_wconf 86' lang='lat' dir='ltr'>enim</span> <span class='ocrx_word' id='word_1_124' title='bbox 348 1556 410 1595; x_wconf 87' lang='lat' dir='ltr'>est</span> <span class='ocrx_word' id='word_1_125' title='bbox 423 1556 636 1608; x_wconf 81' lang='lat' dir='ltr'>corruptio</span> <span class='ocrx_word' id='word_1_126' title='bbox 656 1568 708 1596; x_wconf 83' lang='lat' dir='ltr'>ex</span> <span class='ocrx_word' id='word_1_127' title='bbox 730 1556 974 1608; x_wconf 79' lang='lat' dir='ltr'>ignorantia</span> <span class='ocrx_word' id='word_1_128' title='bbox 992 1555 1237 1609; x_wconf 66' lang='lat' dir='ltr'>procedens</span> 
     </span>
     <span class='ocr_line' id='line_1_21' title="bbox 215 1620 1241 1676; baseline 0.004 -17"><span class='ocrx_word' id='word_1_129' title='bbox 215 1621 227 1643; x_wconf 84' lang='lat'><strong>¹</strong></span> <span class='ocrx_word' id='word_1_130' title='bbox 253 1635 272 1659; x_wconf 86' lang='lat'>«</span> <span class='ocrx_word' id='word_1_131' title='bbox 296 1620 403 1662; x_wconf 85' lang='lat' dir='ltr'>Filia</span> <span class='ocrx_word' id='word_1_132' title='bbox 440 1623 586 1676; x_wconf 91' lang='lat' dir='ltr'>populi</span> <span class='ocrx_word' id='word_1_133' title='bbox 622 1624 719 1676; x_wconf 87' lang='lat' dir='ltr'>mei,</span> <span class='ocrx_word' id='word_1_134' title='bbox 760 1625 980 1676; x_wconf 81' lang='lat' dir='ltr'>accingere</span> <span class='ocrx_word' id='word_1_135' title='bbox 1017 1624 1164 1674; x_wconf 89' lang='lat' dir='ltr'>cilicio,</span> <span class='ocrx_word' id='word_1_136' title='bbox 1201 1626 1241 1664; x_wconf 88' lang='lat' dir='ltr'>et</span> 
     </span>
     <span class='ocr_line' id='line_1_22' title="bbox 216 1694 1239 1748; baseline 0.001 -15"><span class='ocrx_word' id='word_1_137' title='bbox 216 1703 498 1745; x_wconf 80' lang='lat' dir='ltr'>conspergere</span> <span class='ocrx_word' id='word_1_138' title='bbox 519 1694 707 1735; x_wconf 84' lang='lat' dir='ltr'>cinere.»</span> <span class='ocrx_word' id='word_1_139' title='bbox 734 1694 913 1744; x_wconf 81' lang='lat' dir='ltr'>Quidam</span> <span class='ocrx_word' id='word_1_140' title='bbox 933 1695 1054 1736; x_wconf 89' lang='lat' dir='ltr'>aliter</span> <span class='ocrx_word' id='word_1_141' title='bbox 1073 1696 1239 1748; x_wconf 86' lang='lat' dir='ltr'>putant,</span> 
     </span>
     <span class='ocr_line' id='line_1_23' title="bbox 217 1764 1241 1818; baseline 0.006 -15"><span class='ocrx_word' id='word_1_142' title='bbox 217 1764 464 1817; x_wconf 74' lang='lat' dir='ltr'>achpientes</span> <span class='ocrx_word' id='word_1_143' title='bbox 485 1766 531 1817; x_wconf 81' lang='lat' dir='ltr'>(c)</span> <span class='ocrx_word' id='word_1_144' title='bbox 553 1767 802 1807; x_wconf 84' lang='lat' dir='ltr'>sententiam</span> <span class='ocrx_word' id='word_1_145' title='bbox 822 1767 920 1808; x_wconf 87' lang='lat' dir='ltr'>inde</span> <span class='ocrx_word' id='word_1_146' title='bbox 939 1782 947 1807; x_wconf 75' lang='grc' dir='ltr'>ε</span> <span class='ocrx_word' id='word_1_147' title='bbox 972 1768 1098 1810; x_wconf 70' lang='lat' dir='ltr'>Filioe</span> <span class='ocrx_word' id='word_1_148' title='bbox 1115 1769 1241 1818; x_wconf 75' lang='lat' dir='ltr'>Sion,</span> 
     </span>
     <span class='ocr_line' id='line_1_24' title="bbox 217 1835 1246 1892; baseline 0.007 -17"><span class='ocrx_word' id='word_1_149' title='bbox 217 1835 259 1875; x_wconf 90' lang='lat' dir='ltr'>id</span> <span class='ocrx_word' id='word_1_150' title='bbox 284 1837 347 1876; x_wconf 89' lang='lat' dir='ltr'>est</span> <span class='ocrx_word' id='word_1_151' title='bbox 365 1836 589 1887; x_wconf 88' lang='lat' dir='ltr'>mulieres,</span> <span class='ocrx_word' id='word_1_152' title='bbox 613 1838 664 1878; x_wconf 86' lang='lat' dir='ltr'>ad</span> <span class='ocrx_word' id='word_1_153' title='bbox 692 1838 896 1889; x_wconf 83' lang='lat' dir='ltr'>litteram,</span> <span class='ocrx_word' id='word_1_154' title='bbox 924 1842 1246 1892; x_wconf 74' lang='lat' dir='ltr'>consperserunt</span> 
     </span>
     <span class='ocr_line' id='line_1_25' title="bbox 219 1906 1244 1962; baseline 0.004 -15"><span class='ocrx_word' id='word_1_155' title='bbox 219 1906 378 1957; x_wconf 75' lang='lat' dir='ltr'>cinere,</span> <span class='ocrx_word' id='word_1_156' title='bbox 396 1909 474 1948; x_wconf 87' lang='lat' dir='ltr'>etc.</span> <span class='ocrx_word' id='word_1_157' title='bbox 496 1907 579 1949; x_wconf 89' lang='lat' dir='ltr'>Sed</span> <span class='ocrx_word' id='word_1_158' title='bbox 597 1908 642 1948; x_wconf 92' lang='lat' dir='ltr'>in</span> <span class='ocrx_word' id='word_1_159' title='bbox 661 1909 845 1962; x_wconf 84' lang='lat' dir='ltr'>antiquis</span> <span class='ocrx_word' id='word_1_160' title='bbox 863 1911 1154 1951; x_wconf 87' lang='lat' dir='ltr'>voluminibus</span> <span class='ocrx_word' id='word_1_161' title='bbox 1176 1923 1244 1951; x_wconf 88' lang='lat' dir='ltr'>re—</span> 
     </span>
     <span class='ocr_line' id='line_1_26' title="bbox 219 1976 1246 2032; baseline 0.007 -16"><span class='ocrx_word' id='word_1_162' title='bbox 219 1976 310 2029; x_wconf 89' lang='lat' dir='ltr'>peri</span> <span class='ocrx_word' id='word_1_163' title='bbox 329 1977 388 2017; x_wconf 87' lang='lat' dir='ltr'>sic</span> <span class='ocrx_word' id='word_1_164' title='bbox 405 1979 638 2030; x_wconf 82' lang='lat' dir='ltr'>punctatim</span> <span class='ocrx_word' id='word_1_165' title='bbox 660 1980 714 2032; x_wconf 79' lang='lat' dir='ltr'>(d)</span> <span class='ocrx_word' id='word_1_166' title='bbox 743 1995 751 2020; x_wconf 89' lang='lat'>:</span> <span class='ocrx_word' id='word_1_167' title='bbox 775 1983 816 2021; x_wconf 89' lang='lat' dir='ltr'>et</span> <span class='ocrx_word' id='word_1_168' title='bbox 834 1980 905 2020; x_wconf 88' lang='lat' dir='ltr'>hic</span> <span class='ocrx_word' id='word_1_169' title='bbox 924 1991 986 2022; x_wconf 82' lang='lat' dir='ltr'>est</span> <span class='ocrx_word' id='word_1_170' title='bbox 1008 1994 1156 2022; x_wconf 88' lang='lat' dir='ltr'>sensus</span> <span class='ocrx_word' id='word_1_171' title='bbox 1176 1982 1246 2022; x_wconf 88' lang='lat' dir='ltr'>he-</span> 
     </span>
     <span class='ocr_line' id='line_1_27' title="bbox 219 2047 1242 2106; baseline 0.007 -19"><span class='ocrx_word' id='word_1_172' title='bbox 219 2047 374 2088; x_wconf 83' lang='lat' dir='ltr'>braicae</span> <span class='ocrx_word' id='word_1_173' title='bbox 392 2049 592 2101; x_wconf 88' lang='lat' dir='ltr'>veritatis,</span> <span class='ocrx_word' id='word_1_174' title='bbox 615 2054 663 2092; x_wconf 90' lang='lat' dir='ltr'>ut</span> <span class='ocrx_word' id='word_1_175' title='bbox 684 2052 910 2104; x_wconf 79' lang='lat' dir='ltr'>exponitur</span> <span class='ocrx_word' id='word_1_176' title='bbox 926 2065 950 2093; x_wconf 88' lang='lat' dir='ltr'>a</span> <span class='ocrx_word' id='word_1_177' title='bbox 974 2053 1242 2106; x_wconf 88' lang='lat' dir='ltr'>quibusdam.</span> 
     </span>
     <span class='ocr_line' id='line_1_28' title="bbox 223 2116 1247 2175; baseline 0.007 -18"><span class='ocrx_word' id='word_1_178' title='bbox 223 2116 304 2158; x_wconf 90' lang='lat' dir='ltr'>Pro</span> <span class='ocrx_word' id='word_1_179' title='bbox 330 2118 457 2160; x_wconf 87' lang='lat' dir='ltr'>tertio</span> <span class='ocrx_word' id='word_1_180' title='bbox 479 2121 673 2162; x_wconf 82' lang='lat' dir='ltr'>subditur</span> <span class='ocrx_word' id='word_1_181' title='bbox 695 2136 704 2163; x_wconf 74' lang='grc' dir='ltr'>ε</span> <span class='ocrx_word' id='word_1_182' title='bbox 727 2122 976 2175; x_wconf 75' lang='lat' dir='ltr'>Abjecerunt</span> <span class='ocrx_word' id='word_1_183' title='bbox 1003 2125 1052 2166; x_wconf 78' lang='lat' dir='ltr'>in</span> <span class='ocrx_word' id='word_1_184' title='bbox 1087 2128 1247 2167; x_wconf 75' lang='lat' dir='ltr'>terram</span> 
     </span>
     <span class='ocr_line' id='line_1_29' title="bbox 220 2190 1243 2246; baseline 0.006 -16"><span class='ocrx_word' id='word_1_185' title='bbox 220 2190 365 2241; x_wconf 75' lang='lat' dir='ltr'>capita</span> <span class='ocrx_word' id='word_1_186' title='bbox 383 2200 462 2233; x_wconf 79' lang='lat' dir='ltr'>sua</span> <span class='ocrx_word' id='word_1_187' title='bbox 491 2193 681 2245; x_wconf 64' lang='lat' dir='ltr'>viraines</span> <span class='ocrx_word' id='word_1_188' title='bbox 703 2194 949 2246; x_wconf 80' lang='lat' dir='ltr'>Jerusalem,</span> <span class='ocrx_word' id='word_1_189' title='bbox 971 2195 1024 2237; x_wconf 87' lang='lat' dir='ltr'>ad</span> <span class='ocrx_word' id='word_1_190' title='bbox 1044 2195 1243 2246; x_wconf 78' lang='lat' dir='ltr'>litteram,</span> 
     </span>
     <span class='ocr_line' id='line_1_30' title="bbox 220 2259 694 2313; baseline 0.015 -14"><span class='ocrx_word' id='word_1_191' title='bbox 220 2259 265 2300; x_wconf 90' lang='lat' dir='ltr'>in</span> <span class='ocrx_word' id='word_1_192' title='bbox 283 2260 458 2313; x_wconf 88' lang='lat' dir='ltr'>signum</span> <span class='ocrx_word' id='word_1_193' title='bbox 482 2263 694 2306; x_wconf 90' lang='lat' dir='ltr'>dolorum.</span> 
     </span>
    </p>

    <p class='ocr_par' dir='ltr' id='par_1_5' title="bbox 208 2331 1255 3382">
     <span class='ocr_line' id='line_1_31' title="bbox 273 2331 1248 2391; baseline 0.006 -19"><span class='ocrx_word' id='word_1_194' title='bbox 273 2331 500 2385; x_wconf 88' lang='lat' dir='ltr'>Moraliter,</span> <span class='ocrx_word' id='word_1_195' title='bbox 520 2335 720 2379; x_wconf 77' lang='lat' dir='ltr'>sederunt</span> <span class='ocrx_word' id='word_1_196' title='bbox 739 2338 789 2379; x_wconf 81' lang='lat' dir='ltr'>in</span> <span class='ocrx_word' id='word_1_197' title='bbox 808 2340 922 2380; x_wconf 73' lang='lat' dir='ltr'>terra</span> <span class='ocrx_word' id='word_1_198' title='bbox 940 2338 1099 2379; x_wconf 88' lang='lat' dir='ltr'>:sessio</span> <span class='ocrx_word' id='word_1_199' title='bbox 1116 2339 1248 2391; x_wconf 86' lang='lat' dir='ltr'>dejec-</span> 
     </span>
     <span class='ocr_line' id='line_1_32' title="bbox 222 2401 1249 2460; baseline 0.007 -18"><span class='ocrx_word' id='word_1_200' title='bbox 222 2401 404 2454; x_wconf 84' lang='lat' dir='ltr'>tionem,</span> <span class='ocrx_word' id='word_1_201' title='bbox 441 2404 655 2447; x_wconf 87' lang='lat' dir='ltr'>silentium</span> <span class='ocrx_word' id='word_1_202' title='bbox 693 2410 913 2460; x_wconf 87' lang='lat' dir='ltr'>stuporem</span> <span class='ocrx_word' id='word_1_203' title='bbox 950 2408 1158 2460; x_wconf 85' lang='lat' dir='ltr'>designat.</span> <span class='ocrx_word' id='word_1_204' title='bbox 1198 2409 1249 2449; x_wconf 86' lang='lat' dir='ltr'>Et</span> 
     </span>
     <span class='ocr_line' id='line_1_33' title="bbox 223 2475 1249 2529; baseline 0.005 -17"><span class='ocrx_word' id='word_1_205' title='bbox 223 2475 334 2513; x_wconf 87' lang='lat' dir='ltr'>recte</span> <span class='ocrx_word' id='word_1_206' title='bbox 371 2485 514 2525; x_wconf 89' lang='lat' dir='ltr'>senes,</span> <span class='ocrx_word' id='word_1_207' title='bbox 553 2476 599 2516; x_wconf 90' lang='lat' dir='ltr'>in</span> <span class='ocrx_word' id='word_1_208' title='bbox 636 2477 792 2529; x_wconf 91' lang='lat' dir='ltr'>quibus</span> <span class='ocrx_word' id='word_1_209' title='bbox 823 2478 986 2518; x_wconf 89' lang='lat' dir='ltr'>consilii</span> <span class='ocrx_word' id='word_1_210' title='bbox 1021 2477 1249 2518; x_wconf 80' lang='lat' dir='ltr'>auctoritas</span> 
     </span>
     <span class='ocr_line' id='line_1_34' title="bbox 225 2542 1248 2601; baseline 0.006 -19"><span class='ocrx_word' id='word_1_211' title='bbox 225 2553 316 2583; x_wconf 89' lang='lat' dir='ltr'>esse</span> <span class='ocrx_word' id='word_1_212' title='bbox 343 2542 510 2595; x_wconf 89' lang='lat' dir='ltr'>debuit,</span> <span class='ocrx_word' id='word_1_213' title='bbox 538 2545 701 2586; x_wconf 90' lang='lat' dir='ltr'>siluisse</span> <span class='ocrx_word' id='word_1_214' title='bbox 726 2546 936 2598; x_wconf 88' lang='lat' dir='ltr'>dicuntur,</span> <span class='ocrx_word' id='word_1_215' title='bbox 959 2548 1060 2601; x_wconf 90' lang='lat' dir='ltr'>quia</span> <span class='ocrx_word' id='word_1_216' title='bbox 1077 2548 1248 2588; x_wconf 90' lang='lat' dir='ltr'>calami-</span> 
     </span>
     <span class='ocr_line' id='line_1_35' title="bbox 226 2612 1251 2671; baseline 0.006 -19"><span class='ocrx_word' id='word_1_217' title='bbox 226 2612 321 2663; x_wconf 86' lang='lat' dir='ltr'>tati,</span> <span class='ocrx_word' id='word_1_218' title='bbox 344 2626 440 2667; x_wconf 85' lang='lat' dir='ltr'>quae</span> <span class='ocrx_word' id='word_1_219' title='bbox 460 2615 541 2656; x_wconf 85' lang='lat' dir='ltr'>fuit</span> <span class='ocrx_word' id='word_1_220' title='bbox 558 2616 639 2668; x_wconf 91' lang='lat' dir='ltr'>ibi,</span> <span class='ocrx_word' id='word_1_221' title='bbox 663 2617 781 2659; x_wconf 93' lang='lat' dir='ltr'>nullo</span> <span class='ocrx_word' id='word_1_222' title='bbox 801 2618 973 2659; x_wconf 91' lang='lat' dir='ltr'>consilio</span> <span class='ocrx_word' id='word_1_223' title='bbox 992 2619 1127 2671; x_wconf 89' lang='lat' dir='ltr'>potuit</span> <span class='ocrx_word' id='word_1_224' title='bbox 1146 2619 1251 2659; x_wconf 89' lang='lat' dir='ltr'>sub-</span> 
     </span>
     <span class='ocr_line' id='line_1_36' title="bbox 210 2683 1252 2740; baseline 0.003 -15"><span class='ocrx_word' id='word_1_225' title='bbox 210 2683 376 2725; x_wconf 14' lang='lat' dir='ltr'>,venii-i.</span> <span class='ocrx_word' id='word_1_226' title='bbox 409 2685 735 2740; x_wconf 75' lang='lat' dir='ltr'>consperserunt</span> <span class='ocrx_word' id='word_1_227' title='bbox 759 2690 917 2740; x_wconf 78' lang='lat' dir='ltr'>cinere,</span> <span class='ocrx_word' id='word_1_228' title='bbox 939 2691 1017 2729; x_wconf 87' lang='lat' dir='ltr'>etc.</span> <span class='ocrx_word' id='word_1_229' title='bbox 1041 2702 1050 2729; x_wconf 92' lang='lat'><strong>:</strong></span> <span class='ocrx_word' id='word_1_230' title='bbox 1075 2691 1185 2729; x_wconf 84' lang='lat' dir='ltr'>reete</span> <span class='ocrx_word' id='word_1_231' title='bbox 1208 2689 1252 2728; x_wconf 90' lang='lat' dir='ltr'>in</span> 
     </span>
     <span class='ocr_line' id='line_1_37' title="bbox 225 2754 1251 2812; baseline 0.007 -19"><span class='ocrx_word' id='word_1_232' title='bbox 225 2754 496 2798; x_wconf 84' lang='lat' dir='ltr'>tribulatione</span> <span class='ocrx_word' id='word_1_233' title='bbox 519 2770 638 2800; x_wconf 88' lang='lat' dir='ltr'>senes</span> <span class='ocrx_word' id='word_1_234' title='bbox 657 2760 958 2812; x_wconf 88' lang='lat' dir='ltr'>conticescunt,</span> <span class='ocrx_word' id='word_1_235' title='bbox 984 2760 1175 2812; x_wconf 85' lang='lat' dir='ltr'>virgines</span> <span class='ocrx_word' id='word_1_236' title='bbox 1195 2760 1251 2800; x_wconf 89' lang='lat' dir='ltr'>ci-</span> 
     </span>
     <span class='ocr_line' id='line_1_38' title="bbox 226 2827 1253 2884; baseline 0.008 -20"><span class='ocrx_word' id='word_1_237' title='bbox 226 2836 326 2866; x_wconf 89' lang='lat' dir='ltr'>nere</span> <span class='ocrx_word' id='word_1_238' title='bbox 339 2827 476 2880; x_wconf 86' lang='lat' dir='ltr'>capita</span> <span class='ocrx_word' id='word_1_239' title='bbox 489 2841 566 2870; x_wconf 89' lang='lat' dir='ltr'>sua</span> <span class='ocrx_word' id='word_1_240' title='bbox 576 2834 876 2884; x_wconf 85' lang='lat' dir='ltr'>conspergunt,</span> <span class='ocrx_word' id='word_1_241' title='bbox 895 2832 995 2884; x_wconf 90' lang='lat' dir='ltr'>quia</span> <span class='ocrx_word' id='word_1_242' title='bbox 1007 2843 1106 2872; x_wconf 88' lang='lat' dir='ltr'>cum</span> <span class='ocrx_word' id='word_1_243' title='bbox 1118 2831 1253 2872; x_wconf 90' lang='lat' dir='ltr'>tribu-</span> 
     </span>
     <span class='ocr_line' id='line_1_39' title="bbox 208 2894 1253 2954; baseline 0.007 -18"><span class='ocrx_word' id='word_1_244' title='bbox 208 2894 326 2937; x_wconf 67' lang='lat' dir='ltr'>latio</span> <span class='ocrx_word' id='word_1_245' title='bbox 345 2898 617 2942; x_wconf 86' lang='lat' dir='ltr'>vehementer</span> <span class='ocrx_word' id='word_1_246' title='bbox 642 2902 823 2954; x_wconf 84' lang='lat' dir='ltr'>ingruit,</span> <span class='ocrx_word' id='word_1_247' title='bbox 853 2905 1042 2944; x_wconf 87' lang='lat' dir='ltr'>maturos</span> <span class='ocrx_word' id='word_1_248' title='bbox 1061 2914 1187 2943; x_wconf 89' lang='lat' dir='ltr'>sensu</span> <span class='ocrx_word' id='word_1_249' title='bbox 1208 2904 1253 2953; x_wconf 84' lang='lat' dir='ltr'>(e)</span> 
     </span>
     <span class='ocr_line' id='line_1_40' title="bbox 228 2965 1255 3026; baseline 0.007 -20"><span class='ocrx_word' id='word_1_250' title='bbox 228 2965 274 3006; x_wconf 88' lang='lat' dir='ltr'>in</span> <span class='ocrx_word' id='word_1_251' title='bbox 305 2969 547 3023; x_wconf 87' lang='lat' dir='ltr'>stuporem,</span> <span class='ocrx_word' id='word_1_252' title='bbox 580 2974 621 3012; x_wconf 89' lang='lat' dir='ltr'>et</span> <span class='ocrx_word' id='word_1_253' title='bbox 649 2972 828 3016; x_wconf 84' lang='lat' dir='ltr'>lascivos</span> <span class='ocrx_word' id='word_1_254' title='bbox 861 2973 913 3014; x_wconf 89' lang='lat' dir='ltr'>ad</span> <span class='ocrx_word' id='word_1_255' title='bbox 947 2973 1255 3026; x_wconf 87' lang='lat' dir='ltr'>impatientiam</span> 
     </span>
     <span class='ocr_line' id='line_1_41' title="bbox 210 3038 1255 3087; baseline 0.007 -9"><span class='ocrx_word' id='word_1_256' title='bbox 210 3038 367 3079; x_wconf 63' lang='lat' dir='ltr'>&gt;vertit.</span> <span class='ocrx_word' id='word_1_257' title='bbox 400 3039 517 3082; x_wconf 92' lang='lat' dir='ltr'>Unde</span> <span class='ocrx_word' id='word_1_258' title='bbox 545 3042 741 3084; x_wconf 84' lang='lat' dir='ltr'>subditur</span> <span class='ocrx_word' id='word_1_259' title='bbox 764 3058 773 3085; x_wconf 90' lang='lat'><strong>:</strong></span> <span class='ocrx_word' id='word_1_260' title='bbox 801 3044 998 3087; x_wconf 72' lang='lat' dir='ltr'>Accinctz·</span> <span class='ocrx_word' id='word_1_261' title='bbox 1029 3048 1130 3087; x_wconf 77' lang='lat' dir='ltr'>sunt</span> <span class='ocrx_word' id='word_1_262' title='bbox 1157 3044 1255 3086; x_wconf 71' lang='lat' dir='ltr'>cili-</span> 
     </span>
     <span class='ocr_line' id='line_1_42' title="bbox 232 3107 1255 3166; baseline 0.01 -19"><span class='ocrx_word' id='word_1_263' title='bbox 232 3107 334 3159; x_wconf 79' lang='lat' dir='ltr'>ciis,</span> <span class='ocrx_word' id='word_1_264' title='bbox 353 3109 434 3151; x_wconf 87' lang='lat' dir='ltr'>hoc</span> <span class='ocrx_word' id='word_1_265' title='bbox 458 3112 511 3152; x_wconf 87' lang='lat' dir='ltr'>ad</span> <span class='ocrx_word' id='word_1_266' title='bbox 532 3123 676 3164; x_wconf 83' lang='lat' dir='ltr'>senes3</span> <span class='ocrx_word' id='word_1_267' title='bbox 700 3114 938 3166; x_wconf 68' lang='lat' dir='ltr'>abjecerunt</span> <span class='ocrx_word' id='word_1_268' title='bbox 965 3116 1014 3157; x_wconf 78' lang='lat' dir='ltr'>in</span> <span class='ocrx_word' id='word_1_269' title='bbox 1041 3119 1157 3158; x_wconf 79' lang='lat' dir='ltr'>terra</span> <span class='ocrx_word' id='word_1_270' title='bbox 1185 3126 1255 3157; x_wconf 79' lang='lat' dir='ltr'>ca-</span> 
     </span>
     <span class='ocr_line' id='line_1_43' title="bbox 233 3178 1254 3237; baseline 0.009 -18"><span class='ocrx_word' id='word_1_271' title='bbox 233 3178 328 3228; x_wconf 73' lang='lat' dir='ltr'>pica</span> <span class='ocrx_word' id='word_1_272' title='bbox 345 3191 442 3232; x_wconf 82' lang='lat' dir='ltr'>sua,</span> <span class='ocrx_word' id='word_1_273' title='bbox 463 3182 544 3224; x_wconf 85' lang='lat' dir='ltr'>hoc</span> <span class='ocrx_word' id='word_1_274' title='bbox 569 3185 621 3226; x_wconf 89' lang='lat' dir='ltr'>ad</span> <span class='ocrx_word' id='word_1_275' title='bbox 646 3186 863 3237; x_wconf 71' lang='lat' dir='ltr'>virgines,</span> <span class='ocrx_word' id='word_1_276' title='bbox 891 3189 1072 3228; x_wconf 90' lang='lat' dir='ltr'>mortem</span> <span class='ocrx_word' id='word_1_277' title='bbox 1099 3187 1254 3228; x_wconf 84' lang='lat' dir='ltr'>accele-</span> 
     </span>
     <span class='ocr_line' id='line_1_44' title="bbox 234 3251 1255 3312; baseline 0.013 -25"><span class='ocrx_word' id='word_1_278' title='bbox 234 3259 328 3289; x_wconf 89' lang='lat' dir='ltr'>rare</span> <span class='ocrx_word' id='word_1_279' title='bbox 346 3251 507 3304; x_wconf 87' lang='lat' dir='ltr'>volunt,</span> <span class='ocrx_word' id='word_1_280' title='bbox 530 3255 604 3308; x_wconf 89' lang='lat' dir='ltr'>qui</span> <span class='ocrx_word' id='word_1_281' title='bbox 620 3256 923 3308; x_wconf 83' lang='lat' dir='ltr'>ingruentibus</span> <span class='ocrx_word' id='word_1_282' title='bbox 943 3258 1066 3300; x_wconf 91' lang='lat' dir='ltr'>malis</span> <span class='ocrx_word' id='word_1_283' title='bbox 1085 3261 1255 3312; x_wconf 88' lang='lat' dir='ltr'>sponta-</span> 
     </span>
     <span class='ocr_line' id='line_1_45' title="bbox 235 3321 1208 3382; baseline 0.017 -24"><span class='ocrx_word' id='word_1_284' title='bbox 235 3329 338 3360; x_wconf 83' lang='lat' dir='ltr'>neas</span> <span class='ocrx_word' id='word_1_285' title='bbox 353 3321 480 3364; x_wconf 90' lang='lat' dir='ltr'>etiam</span> <span class='ocrx_word' id='word_1_286' title='bbox 498 3326 741 3370; x_wconf 81' lang='lat' dir='ltr'>afflictiones</span> <span class='ocrx_word' id='word_1_287' title='bbox 760 3329 978 3382; x_wconf 80' lang='lat' dir='ltr'>adjiciunt.</span> <span class='ocrx_word' id='word_1_288' title='bbox 1202 3324 1208 3329; x_wconf 71' lang='grc'><strong>’</strong></span> 
     </span>
    </p>
   </div>
   <div class='ocr_carea' id='block_1_3' title="bbox 229 3426 1259 3525">
    <p class='ocr_par' dir='ltr' id='par_1_6' title="bbox 229 3426 1259 3525">
     <span class='ocr_line' id='line_1_46' title="bbox 229 3426 1259 3480; baseline 0.019 -25"><span class='ocrx_word' id='word_1_289' title='bbox 229 3439 232 3441; x_wconf 97' lang='grc'>-</span> <span class='ocrx_word' id='word_1_290' title='bbox 281 3426 289 3443; x_wconf 86' lang='lat'><strong>¹</strong></span> <span class='ocrx_word' id='word_1_291' title='bbox 314 3426 448 3480; x_wconf 62' lang='lat' dir='ltr'>Jere7n„</span> <span class='ocrx_word' id='word_1_292' title='bbox 471 3438 526 3472; x_wconf 76' lang='lat' dir='ltr'>vx,</span> <span class='ocrx_word' id='word_1_293' title='bbox 548 3435 602 3466; x_wconf 81' lang='lat'>26.</span> <span class='ocrx_word' id='word_1_294' title='bbox 624 3452 666 3458; x_wconf 92' lang='lat'><strong>—</strong></span> <span class='ocrx_word' id='word_1_295' title='bbox 689 3436 704 3457; x_wconf 55' lang='grc' dir='ltr'>Β</span> <span class='ocrx_word' id='word_1_296' title='bbox 721 3436 855 3476; x_wconf 66' lang='lat' dir='ltr'>Barac„</span> <span class='ocrx_word' id='word_1_297' title='bbox 879 3444 938 3477; x_wconf 89' lang='lat'>111,</span> <span class='ocrx_word' id='word_1_298' title='bbox 967 3439 1018 3469; x_wconf 85' lang='lat'>11.</span> <span class='ocrx_word' id='word_1_299' title='bbox 1043 3454 1084 3461; x_wconf 92' lang='lat'>—</span> <span class='ocrx_word' id='word_1_300' title='bbox 1112 3436 1124 3455; x_wconf 79' lang='lat'>³</span> <span class='ocrx_word' id='word_1_301' title='bbox 1143 3437 1259 3477; x_wconf 52' lang='lat' dir='ltr'>(fleg-2</span> 
     </span>
     <span class='ocr_line' id='line_1_47' title="bbox 237 3472 1258 3525; baseline 0.022 -22"><span class='ocrx_word' id='word_1_302' title='bbox 237 3472 372 3517; x_wconf 65' lang='lat' dir='ltr'>Mor-al„</span> <span class='ocrx_word' id='word_1_303' title='bbox 387 3474 447 3509; x_wconf 82' lang='lat' dir='ltr'>lib.</span> <span class='ocrx_word' id='word_1_304' title='bbox 462 3477 570 3512; x_wconf 84' lang='lat' dir='ltr'>lv.—</span> <span class='ocrx_word' id='word_1_305' title='bbox 583 3480 594 3500; x_wconf 78' lang='lat'><strong>⁴</strong></span> <span class='ocrx_word' id='word_1_306' title='bbox 609 3481 681 3522; x_wconf 84' lang='lat' dir='ltr'><em>Job‚</em></span> <span class='ocrx_word' id='word_1_307' title='bbox 697 3491 793 3525; x_wconf 67' lang='lat' dir='ltr'>xxm,</span> <span class='ocrx_word' id='word_1_308' title='bbox 810 3486 862 3518; x_wconf 82' lang='lat'>25.</span> <span class='ocrx_word' id='word_1_309' title='bbox 876 3501 916 3508; x_wconf 90' lang='lat'><strong>—</strong></span> <span class='ocrx_word' id='word_1_310' title='bbox 934 3485 945 3504; x_wconf 84' lang='lat'>⁵</span> <span class='ocrx_word' id='word_1_311' title='bbox 961 3483 1082 3525; x_wconf 59' lang='lat' dir='ltr'>Eccli„</span> <span class='ocrx_word' id='word_1_312' title='bbox 1097 3491 1210 3524; x_wconf 78' lang='lat' dir='ltr'>xxxn,</span> <span class='ocrx_word' id='word_1_313' title='bbox 1227 3485 1258 3517; x_wconf 80' lang='lat'>4·</span> 
     </span>
    </p>
   </div>
   <div class='ocr_carea' id='block_1_4' title="bbox 2254 187 2329 225">
    <p class='ocr_par' dir='ltr' id='par_1_7' title="bbox 2254 187 2329 225">
     <span class='ocr_line' id='line_1_48' title="bbox 2254 187 2329 225; baseline 0.013 -1"><span class='ocrx_word' id='word_1_314' title='bbox 2254 187 2329 225; x_wconf 74' lang='lat'>173</span> 
     </span>
    </p>
   </div>
   <div class='ocr_carea' id='block_1_5' title="bbox 1304 272 2358 3312">
    <p class='ocr_par' dir='ltr' id='par_1_8' title="bbox 1304 272 2358 3312">
     <span class='ocr_line' id='line_1_49' title="bbox 1358 272 2331 327; baseline -0.005 -12"><span class='ocrx_word' id='word_1_315' title='bbox 1358 274 1611 327; x_wconf 80' lang='lat' dir='ltr'>Allegorice,</span> <span class='ocrx_word' id='word_1_316' title='bbox 1633 273 1844 324; x_wconf 75' lang='lat' dir='ltr'>sederunt,</span> <span class='ocrx_word' id='word_1_317' title='bbox 1865 274 1942 314; x_wconf 84' lang='lat' dir='ltr'>ete.</span> <span class='ocrx_word' id='word_1_318' title='bbox 1969 286 1977 312; x_wconf 73' lang='grc' dir='ltr'>ε</span> <span class='ocrx_word' id='word_1_319' title='bbox 2000 284 2098 313; x_wconf 86' lang='lat' dir='ltr'>cum</span> <span class='ocrx_word' id='word_1_320' title='bbox 2116 272 2161 311; x_wconf 90' lang='lat' dir='ltr'>in</span> <span class='ocrx_word' id='word_1_321' title='bbox 2180 272 2331 324; x_wconf 85' lang='lat' dir='ltr'>princi-</span> 
     </span>
     <span class='ocr_line' id='line_1_50' title="bbox 1304 343 2329 399; baseline -0.003 -14"><span class='ocrx_word' id='word_1_322' title='bbox 1304 347 1373 399; x_wconf 87' lang='lat' dir='ltr'>pio</span> <span class='ocrx_word' id='word_1_323' title='bbox 1400 345 1570 399; x_wconf 88' lang='lat' dir='ltr'>capituli</span> <span class='ocrx_word' id='word_1_324' title='bbox 1596 345 1808 399; x_wconf 76' lang='lat' dir='ltr'>planxerit</span> <span class='ocrx_word' id='word_1_325' title='bbox 1829 344 2038 397; x_wconf 86' lang='lat' dir='ltr'>Propheta</span> <span class='ocrx_word' id='word_1_326' title='bbox 2058 343 2224 395; x_wconf 86' lang='lat' dir='ltr'>lapsum</span> <span class='ocrx_word' id='word_1_327' title='bbox 2254 354 2329 393; x_wconf 86' lang='lat' dir='ltr'>ge-</span> 
     </span>
     <span class='ocr_line' id='line_1_51' title="bbox 1305 411 2333 466; baseline -0.006 -10"><span class='ocrx_word' id='word_1_328' title='bbox 1305 416 1419 456; x_wconf 87' lang='lat' dir='ltr'>neris</span> <span class='ocrx_word' id='word_1_329' title='bbox 1449 416 1650 466; x_wconf 86' lang='lat' dir='ltr'>humani,</span> <span class='ocrx_word' id='word_1_330' title='bbox 1682 415 1834 456; x_wconf 88' lang='lat' dir='ltr'>deinde</span> <span class='ocrx_word' id='word_1_331' title='bbox 1863 414 1989 455; x_wconf 88' lang='lat' dir='ltr'>etiam</span> <span class='ocrx_word' id='word_1_332' title='bbox 2018 413 2059 453; x_wconf 89' lang='lat' dir='ltr'>in</span> <span class='ocrx_word' id='word_1_333' title='bbox 2093 411 2333 452; x_wconf 86' lang='lat' dir='ltr'>immediate</span> 
     </span>
     <span class='ocr_line' id='line_1_52' title="bbox 1306 481 2331 541; baseline -0.009 -12"><span class='ocrx_word' id='word_1_334' title='bbox 1306 488 1640 541; x_wconf 80' lang='lat' dir='ltr'>praecedentibus</span> <span class='ocrx_word' id='word_1_335' title='bbox 1660 486 1984 527; x_wconf 61' lang='lat' dir='ltr'>excaecationem</span> <span class='ocrx_word' id='word_1_336' title='bbox 2001 483 2144 537; x_wconf 88' lang='lat' dir='ltr'>populi</span> <span class='ocrx_word' id='word_1_337' title='bbox 2157 482 2177 523; x_wconf 92' lang='lat' dir='ltr'><strong>J</strong></span> <span class='ocrx_word' id='word_1_338' title='bbox 2183 481 2331 531; x_wconf 84' lang='lat' dir='ltr'>udaiei,</span> 
     </span>
     <span class='ocr_line' id='line_1_53' title="bbox 1306 553 2334 608; baseline -0.007 -10"><span class='ocrx_word' id='word_1_339' title='bbox 1306 558 1376 598; x_wconf 88' lang='lat' dir='ltr'>hic</span> <span class='ocrx_word' id='word_1_340' title='bbox 1393 558 1574 598; x_wconf 85' lang='lat' dir='ltr'>transire</span> <span class='ocrx_word' id='word_1_341' title='bbox 1593 558 1764 599; x_wconf 85' lang='lat' dir='ltr'>videtur</span> <span class='ocrx_word' id='word_1_342' title='bbox 1785 557 1836 597; x_wconf 89' lang='lat' dir='ltr'>ad</span> <span class='ocrx_word' id='word_1_343' title='bbox 1854 553 2163 608; x_wconf 80' lang='lat' dir='ltr'>deplorandum</span> <span class='ocrx_word' id='word_1_344' title='bbox 2178 554 2334 592; x_wconf 86' lang='lat' dir='ltr'>statum</span> 
     </span>
     <span class='ocr_line' id='line_1_54' title="bbox 1307 622 2336 679; baseline -0.008 -10"><span class='ocrx_word' id='word_1_345' title='bbox 1307 628 1503 669; x_wconf 59' lang='lat' dir='ltr'>Ecclesiae</span> <span class='ocrx_word' id='word_1_346' title='bbox 1540 629 1770 679; x_wconf 80' lang='lat' dir='ltr'>praeseniis.</span> <span class='ocrx_word' id='word_1_347' title='bbox 1806 627 1914 676; x_wconf 86' lang='lat' dir='ltr'>Quid</span> <span class='ocrx_word' id='word_1_348' title='bbox 1946 625 2059 666; x_wconf 89' lang='lat' dir='ltr'>enim</span> <span class='ocrx_word' id='word_1_349' title='bbox 2092 635 2167 676; x_wconf 93' lang='lat' dir='ltr'>per</span> <span class='ocrx_word' id='word_1_350' title='bbox 2205 622 2336 662; x_wconf 86' lang='lat' dir='ltr'>filiam</span> 
     </span>
     <span class='ocr_line' id='line_1_55' title="bbox 1310 697 2337 753; baseline -0.007 -13"><span class='ocrx_word' id='word_1_351' title='bbox 1310 699 1424 751; x_wconf 89' lang='lat' dir='ltr'>Sion,</span> <span class='ocrx_word' id='word_1_352' title='bbox 1442 700 1522 739; x_wconf 88' lang='lat' dir='ltr'>nisi</span> <span class='ocrx_word' id='word_1_353' title='bbox 1541 712 1727 753; x_wconf 67' lang='lat' dir='ltr'>przesens</span> <span class='ocrx_word' id='word_1_354' title='bbox 1747 699 1930 740; x_wconf 87' lang='lat' dir='ltr'>Ecclesia</span> <span class='ocrx_word' id='word_1_355' title='bbox 1950 697 2222 749; x_wconf 80' lang='lat' dir='ltr'>designatur?</span> <span class='ocrx_word' id='word_1_356' title='bbox 2242 704 2337 746; x_wconf 62' lang='lat' dir='ltr'>quae</span> 
     </span>
     <span class='ocr_line' id='line_1_56' title="bbox 1310 768 2338 822; baseline -0.008 -11"><span class='ocrx_word' id='word_1_357' title='bbox 1310 770 1361 810; x_wconf 88' lang='lat' dir='ltr'>de</span> <span class='ocrx_word' id='word_1_358' title='bbox 1390 769 1512 821; x_wconf 83' lang='lat' dir='ltr'>Sion,</span> <span class='ocrx_word' id='word_1_359' title='bbox 1549 783 1625 822; x_wconf 88' lang='lat' dir='ltr'>per</span> <span class='ocrx_word' id='word_1_360' title='bbox 1655 770 1782 810; x_wconf 87' lang='lat' dir='ltr'>fidem</span> <span class='ocrx_word' id='word_1_361' title='bbox 1814 772 1914 810; x_wconf 89' lang='lat' dir='ltr'>nata</span> <span class='ocrx_word' id='word_1_362' title='bbox 1945 771 2028 819; x_wconf 77' lang='lat' dir='ltr'>est3</span> <span class='ocrx_word' id='word_1_363' title='bbox 2065 768 2187 819; x_wconf 87' lang='lat' dir='ltr'>cujus</span> <span class='ocrx_word' id='word_1_364' title='bbox 2219 775 2338 805; x_wconf 89' lang='lat' dir='ltr'>senes</span> 
     </span>
     <span class='ocr_line' id='line_1_57' title="bbox 1309 838 2337 894; baseline -0.007 -11"><span class='ocrx_word' id='word_1_365' title='bbox 1309 843 1410 883; x_wconf 87' lang='lat' dir='ltr'>sunt</span> <span class='ocrx_word' id='word_1_366' title='bbox 1436 843 1643 894; x_wconf 87' lang='lat' dir='ltr'>pastores,</span> <span class='ocrx_word' id='word_1_367' title='bbox 1677 841 1751 893; x_wconf 88' lang='lat' dir='ltr'>qui</span> <span class='ocrx_word' id='word_1_368' title='bbox 1780 851 1899 881; x_wconf 89' lang='lat' dir='ltr'>senes</span> <span class='ocrx_word' id='word_1_369' title='bbox 1928 842 2027 880; x_wconf 90' lang='lat' dir='ltr'>sunt</span> <span class='ocrx_word' id='word_1_370' title='bbox 2056 838 2245 891; x_wconf 87' lang='lat' dir='ltr'>profectu</span> <span class='ocrx_word' id='word_1_371' title='bbox 2272 847 2337 876; x_wconf 88' lang='lat' dir='ltr'>sa-</span> 
     </span>
     <span class='ocr_line' id='line_1_58' title="bbox 1309 910 2335 966; baseline -0.006 -13"><span class='ocrx_word' id='word_1_372' title='bbox 1309 912 1501 966; x_wconf 73' lang='lat' dir='ltr'>pientiae,</span> <span class='ocrx_word' id='word_1_373' title='bbox 1524 915 1564 952; x_wconf 91' lang='lat' dir='ltr'>et</span> <span class='ocrx_word' id='word_1_374' title='bbox 1583 923 1752 953; x_wconf 88' lang='lat' dir='ltr'>morum</span> <span class='ocrx_word' id='word_1_375' title='bbox 1776 910 2018 951; x_wconf 85' lang='lat' dir='ltr'>maturitate</span> <span class='ocrx_word' id='word_1_376' title='bbox 2041 921 2055 949; x_wconf 90' lang='grc'>.·</span> <span class='ocrx_word' id='word_1_377' title='bbox 2075 910 2182 949; x_wconf 91' lang='lat' dir='ltr'>bene</span> <span class='ocrx_word' id='word_1_378' title='bbox 2202 918 2335 958; x_wconf 90' lang='lat' dir='ltr'>senes,</span> 
     </span>
     <span class='ocr_line' id='line_1_59' title="bbox 1310 979 2334 1036; baseline -0.007 -12"><span class='ocrx_word' id='word_1_379' title='bbox 1310 996 1394 1024; x_wconf 90' lang='lat' dir='ltr'>non</span> <span class='ocrx_word' id='word_1_380' title='bbox 1415 983 1598 1036; x_wconf 85' lang='lat' dir='ltr'>parvuli,</span> <span class='ocrx_word' id='word_1_381' title='bbox 1620 983 1727 1023; x_wconf 87' lang='lat' dir='ltr'>sicut</span> <span class='ocrx_word' id='word_1_382' title='bbox 1748 982 1792 1022; x_wconf 93' lang='lat' dir='ltr'>in</span> <span class='ocrx_word' id='word_1_383' title='bbox 1810 982 1920 1034; x_wconf 86' lang='lat' dir='ltr'>lege,</span> <span class='ocrx_word' id='word_1_384' title='bbox 1942 980 2017 1021; x_wconf 87' lang='lat' dir='ltr'>ubi</span> <span class='ocrx_word' id='word_1_385' title='bbox 2035 979 2232 1020; x_wconf 90' lang='lat' dir='ltr'>homines</span> <span class='ocrx_word' id='word_1_386' title='bbox 2248 980 2334 1018; x_wconf 88' lang='lat' dir='ltr'>ter-</span> 
     </span>
     <span class='ocr_line' id='line_1_60' title="bbox 1311 1049 2340 1107; baseline -0.008 -11"><span class='ocrx_word' id='word_1_387' title='bbox 1311 1055 1424 1096; x_wconf 86' lang='lat' dir='ltr'>renis</span> <span class='ocrx_word' id='word_1_388' title='bbox 1444 1054 1811 1107; x_wconf 81' lang='lat' dir='ltr'>promissionibus,</span> <span class='ocrx_word' id='word_1_389' title='bbox 1835 1052 1954 1106; x_wconf 83' lang='lat' dir='ltr'>quasi</span> <span class='ocrx_word' id='word_1_390' title='bbox 1974 1052 2079 1092; x_wconf 88' lang='lat' dir='ltr'>lacte</span> <span class='ocrx_word' id='word_1_391' title='bbox 2098 1049 2340 1092; x_wconf 89' lang='lat' dir='ltr'>nutrieban-</span> 
     </span>
     <span class='ocr_line' id='line_1_61' title="bbox 1311 1120 2339 1175; baseline -0.006 -9"><span class='ocrx_word' id='word_1_392' title='bbox 1311 1129 1395 1167; x_wconf 80' lang='lat' dir='ltr'>tur.</span> <span class='ocrx_word' id='word_1_393' title='bbox 1430 1126 1482 1166; x_wconf 90' lang='lat' dir='ltr'>Hi</span> <span class='ocrx_word' id='word_1_394' title='bbox 1512 1125 1657 1166; x_wconf 90' lang='lat' dir='ltr'>sedent</span> <span class='ocrx_word' id='word_1_395' title='bbox 1692 1126 1736 1164; x_wconf 88' lang='lat' dir='ltr'>in</span> <span class='ocrx_word' id='word_1_396' title='bbox 1766 1128 1903 1175; x_wconf 83' lang='lat' dir='ltr'>terra,</span> <span class='ocrx_word' id='word_1_397' title='bbox 1938 1135 2035 1164; x_wconf 89' lang='lat' dir='ltr'>cum</span> <span class='ocrx_word' id='word_1_398' title='bbox 2071 1122 2258 1174; x_wconf 86' lang='lat' dir='ltr'>diligunt</span> <span class='ocrx_word' id='word_1_399' title='bbox 2291 1120 2339 1171; x_wconf 72' lang='lat' dir='ltr'>(f)</span> 
     </span>
     <span class='ocr_line' id='line_1_62' title="bbox 1312 1191 2342 1250; baseline -0.008 -13"><span class='ocrx_word' id='word_1_400' title='bbox 1312 1197 1553 1238; x_wconf 88' lang='lat' dir='ltr'>transitoria</span> <span class='ocrx_word' id='word_1_401' title='bbox 1572 1209 1648 1250; x_wconf 89' lang='lat' dir='ltr'>per</span> <span class='ocrx_word' id='word_1_402' title='bbox 1671 1196 1896 1238; x_wconf 86' lang='lat' dir='ltr'>avaritiam</span> <span class='ocrx_word' id='word_1_403' title='bbox 1918 1210 1926 1237; x_wconf 92' lang='lat'>:</span> <span class='ocrx_word' id='word_1_404' title='bbox 1949 1197 1963 1218; x_wconf 79' lang='lat'>²</span> <span class='ocrx_word' id='word_1_405' title='bbox 1989 1210 2007 1233; x_wconf 73' lang='grc' dir='ltr'>α</span> <span class='ocrx_word' id='word_1_406' title='bbox 2030 1192 2277 1236; x_wconf 88' lang='lat' dir='ltr'>lnveterasti</span> <span class='ocrx_word' id='word_1_407' title='bbox 2297 1191 2342 1230; x_wconf 88' lang='lat' dir='ltr'>in</span> 
     </span>
     <span class='ocr_line' id='line_1_63' title="bbox 1313 1264 2343 1318; baseline -0.007 -9"><span class='ocrx_word' id='word_1_408' title='bbox 1313 1272 1426 1309; x_wconf 84' lang='lat' dir='ltr'>terra</span> <span class='ocrx_word' id='word_1_409' title='bbox 1461 1269 1612 1309; x_wconf 85' lang='lat' dir='ltr'>aliena.</span> <span class='ocrx_word' id='word_1_410' title='bbox 1645 1283 1664 1306; x_wconf 73' lang='lat' dir='ltr'>n</span> <span class='ocrx_word' id='word_1_411' title='bbox 1702 1268 2006 1309; x_wconf 83' lang='lat' dir='ltr'>Conticuerunt</span> <span class='ocrx_word' id='word_1_412' title='bbox 2034 1277 2111 1318; x_wconf 90' lang='lat' dir='ltr'>per</span> <span class='ocrx_word' id='word_1_413' title='bbox 2141 1264 2343 1316; x_wconf 88' lang='lat' dir='ltr'>ignoran-</span> 
     </span>
     <span class='ocr_line' id='line_1_64' title="bbox 1313 1334 2343 1391; baseline -0.005 -13"><span class='ocrx_word' id='word_1_414' title='bbox 1313 1338 1436 1389; x_wconf 85' lang='lat' dir='ltr'>tiam,</span> <span class='ocrx_word' id='word_1_415' title='bbox 1471 1339 1539 1380; x_wconf 86' lang='lat' dir='ltr'>vel</span> <span class='ocrx_word' id='word_1_416' title='bbox 1571 1351 1646 1391; x_wconf 85' lang='lat' dir='ltr'>per</span> <span class='ocrx_word' id='word_1_417' title='bbox 1674 1338 1995 1388; x_wconf 84' lang='lat' dir='ltr'>verecundiam,</span> <span class='ocrx_word' id='word_1_418' title='bbox 2027 1335 2126 1388; x_wconf 86' lang='lat' dir='ltr'>quia</span> <span class='ocrx_word' id='word_1_419' title='bbox 2145 1334 2220 1375; x_wconf 91' lang='lat' dir='ltr'>ubi</span> <span class='ocrx_word' id='word_1_420' title='bbox 2248 1345 2343 1374; x_wconf 86' lang='lat' dir='ltr'>con-</span> 
     </span>
     <span class='ocr_line' id='line_1_65' title="bbox 1315 1405 2344 1458; baseline -0.006 -9"><span class='ocrx_word' id='word_1_421' title='bbox 1315 1409 1533 1449; x_wconf 89' lang='lat' dir='ltr'>scientiam</span> <span class='ocrx_word' id='word_1_422' title='bbox 1554 1409 1767 1449; x_wconf 87' lang='lat' dir='ltr'>remordet</span> <span class='ocrx_word' id='word_1_423' title='bbox 1794 1410 1958 1458; x_wconf 87' lang='lat' dir='ltr'>reatus,</span> <span class='ocrx_word' id='word_1_424' title='bbox 1980 1406 2123 1446; x_wconf 86' lang='lat' dir='ltr'>statim</span> <span class='ocrx_word' id='word_1_425' title='bbox 2147 1405 2344 1456; x_wconf 81' lang='lat' dir='ltr'>linguam</span> 
     </span>
     <span class='ocr_line' id='line_1_66' title="bbox 1315 1475 2337 1534; baseline -0.006 -13"><span class='ocrx_word' id='word_1_426' title='bbox 1315 1493 1340 1521; x_wconf 90' lang='lat' dir='ltr'>a</span> <span class='ocrx_word' id='word_1_427' title='bbox 1357 1481 1653 1534; x_wconf 85' lang='lat' dir='ltr'>praedicatione</span> <span class='ocrx_word' id='word_1_428' title='bbox 1673 1480 1782 1532; x_wconf 84' lang='lat' dir='ltr'>ligat</span> <span class='ocrx_word' id='word_1_429' title='bbox 1801 1480 1928 1520; x_wconf 86' lang='lat' dir='ltr'>timor</span> <span class='ocrx_word' id='word_1_430' title='bbox 1946 1477 2213 1519; x_wconf 83' lang='lat' dir='ltr'>confusionis.</span> <span class='ocrx_word' id='word_1_431' title='bbox 2237 1475 2337 1516; x_wconf 89' lang='lat' dir='ltr'>Gre-</span> 
     </span>
     <span class='ocr_line' id='line_1_67' title="bbox 1318 1547 2345 1604; baseline -0.006 -11"><span class='ocrx_word' id='word_1_432' title='bbox 1318 1553 1467 1604; x_wconf 86' lang='lat' dir='ltr'>gorius</span> <span class='ocrx_word' id='word_1_433' title='bbox 1487 1552 1500 1574; x_wconf 79' lang='lat'>³</span> <span class='ocrx_word' id='word_1_434' title='bbox 1528 1564 1538 1593; x_wconf 71' lang='grc' dir='ltr'>ε</span> <span class='ocrx_word' id='word_1_435' title='bbox 1567 1567 1585 1590; x_wconf 74' lang='grc'>(1</span> <span class='ocrx_word' id='word_1_436' title='bbox 1611 1551 1675 1592; x_wconf 86' lang='lat' dir='ltr'>Fit</span> <span class='ocrx_word' id='word_1_437' title='bbox 1702 1550 2001 1604; x_wconf 86' lang='lat' dir='ltr'>omnipotentis</span> <span class='ocrx_word' id='word_1_438' title='bbox 2032 1549 2105 1589; x_wconf 89' lang='lat' dir='ltr'>Dei</span> <span class='ocrx_word' id='word_1_439' title='bbox 2131 1547 2345 1596; x_wconf 87' lang='lat' dir='ltr'>mandato,</span> 
     </span>
     <span class='ocr_line' id='line_1_68' title="bbox 1316 1619 2346 1675; baseline -0.007 -10"><span class='ocrx_word' id='word_1_440' title='bbox 1316 1626 1365 1665; x_wconf 82' lang='lat' dir='ltr'>ut</span> <span class='ocrx_word' id='word_1_441' title='bbox 1386 1636 1462 1665; x_wconf 88' lang='lat' dir='ltr'>nec</span> <span class='ocrx_word' id='word_1_442' title='bbox 1484 1624 1528 1664; x_wconf 92' lang='lat' dir='ltr'>in</span> <span class='ocrx_word' id='word_1_443' title='bbox 1550 1625 1661 1665; x_wconf 88' lang='lat' dir='ltr'>bono</span> <span class='ocrx_word' id='word_1_444' title='bbox 1683 1623 1880 1675; x_wconf 86' lang='lat' dir='ltr'>linguam</span> <span class='ocrx_word' id='word_1_445' title='bbox 1900 1622 2073 1670; x_wconf 85' lang='lat' dir='ltr'>habeat,</span> <span class='ocrx_word' id='word_1_446' title='bbox 2095 1620 2170 1673; x_wconf 88' lang='lat' dir='ltr'>qui</span> <span class='ocrx_word' id='word_1_447' title='bbox 2189 1619 2346 1660; x_wconf 86' lang='lat' dir='ltr'>habere</span> 
     </span>
     <span class='ocr_line' id='line_1_69' title="bbox 1317 1690 2348 1744; baseline -0.005 -9"><span class='ocrx_word' id='word_1_448' title='bbox 1317 1695 1474 1736; x_wconf 90' lang='lat' dir='ltr'>bonam</span> <span class='ocrx_word' id='word_1_449' title='bbox 1498 1696 1631 1737; x_wconf 85' lang='lat' dir='ltr'>vitam</span> <span class='ocrx_word' id='word_1_450' title='bbox 1656 1695 1810 1736; x_wconf 88' lang='lat' dir='ltr'>renuit.</span> <span class='ocrx_word' id='word_1_451' title='bbox 1832 1709 1850 1732; x_wconf 67' lang='lat' dir='ltr'>i)</span> <span class='ocrx_word' id='word_1_452' title='bbox 1878 1694 1927 1734; x_wconf 85' lang='lat' dir='ltr'>Et</span> <span class='ocrx_word' id='word_1_453' title='bbox 1951 1695 2072 1743; x_wconf 85' lang='lat' dir='ltr'>nota,</span> <span class='ocrx_word' id='word_1_454' title='bbox 2096 1691 2209 1744; x_wconf 89' lang='lat' dir='ltr'>quod</span> <span class='ocrx_word' id='word_1_455' title='bbox 2236 1690 2348 1731; x_wconf 84' lang='lat' dir='ltr'>seni-</span> 
     </span>
     <span class='ocr_line' id='line_1_70' title="bbox 1317 1755 2346 1819; baseline -0.009 -10"><span class='ocrx_word' id='word_1_456' title='bbox 1317 1768 1396 1808; x_wconf 86' lang='lat' dir='ltr'>bus</span> <span class='ocrx_word' id='word_1_457' title='bbox 1432 1767 1516 1808; x_wconf 90' lang='lat' dir='ltr'>duo</span> <span class='ocrx_word' id='word_1_458' title='bbox 1550 1767 1786 1808; x_wconf 88' lang='lat' dir='ltr'>debentur:</span> <span class='ocrx_word' id='word_1_459' title='bbox 1826 1766 1965 1819; x_wconf 88' lang='lat' dir='ltr'>prima</span> <span class='ocrx_word' id='word_1_460' title='bbox 2001 1764 2118 1805; x_wconf 87' lang='lat' dir='ltr'>sedes</span> <span class='ocrx_word' id='word_1_461' title='bbox 2145 1766 2159 1787; x_wconf 72' lang='lat'>¹⁶</span> <span class='ocrx_word' id='word_1_462' title='bbox 2190 1777 2199 1803; x_wconf 78' lang='grc' dir='ltr'>ε</span> <span class='ocrx_word' id='word_1_463' title='bbox 2245 1776 2264 1799; x_wconf 70' lang='lat' dir='ltr'>a</span> <span class='ocrx_word' id='word_1_464' title='bbox 2302 1755 2346 1801; x_wconf 84' lang='lat' dir='ltr'>Si</span> 
     </span>
     <span class='ocr_line' id='line_1_71' title="bbox 1318 1832 2350 1892; baseline -0.009 -12"><span class='ocrx_word' id='word_1_465' title='bbox 1318 1839 1487 1892; x_wconf 88' lang='lat' dir='ltr'>quando</span> <span class='ocrx_word' id='word_1_466' title='bbox 1519 1839 1714 1880; x_wconf 89' lang='lat' dir='ltr'>volebam</span> <span class='ocrx_word' id='word_1_467' title='bbox 1743 1838 1806 1879; x_wconf 82' lang='lat' dir='ltr'>ire</span> <span class='ocrx_word' id='word_1_468' title='bbox 1834 1837 1887 1878; x_wconf 89' lang='lat' dir='ltr'>ad</span> <span class='ocrx_word' id='word_1_469' title='bbox 1915 1848 2011 1886; x_wconf 79' lang='lat' dir='ltr'>eOS,</span> <span class='ocrx_word' id='word_1_470' title='bbox 2043 1834 2238 1876; x_wconf 90' lang='lat' dir='ltr'>sedebam</span> <span class='ocrx_word' id='word_1_471' title='bbox 2258 1832 2350 1886; x_wconf 80' lang='lat' dir='ltr'>pri-</span> 
     </span>
     <span class='ocr_line' id='line_1_72' title="bbox 1318 1903 2343 1963; baseline -0.008 -13"><span class='ocrx_word' id='word_1_472' title='bbox 1318 1921 1414 1950; x_wconf 88' lang='lat' dir='ltr'>mus</span> <span class='ocrx_word' id='word_1_473' title='bbox 1430 1925 1440 1960; x_wconf 91' lang='lat'>;</span> <span class='ocrx_word' id='word_1_474' title='bbox 1461 1925 1480 1947; x_wconf 80' lang='lat'>›)</span> <span class='ocrx_word' id='word_1_475' title='bbox 1500 1910 1602 1951; x_wconf 89' lang='lat' dir='ltr'>item</span> <span class='ocrx_word' id='word_1_476' title='bbox 1623 1910 1813 1963; x_wconf 87' lang='lat' dir='ltr'>primum</span> <span class='ocrx_word' id='word_1_477' title='bbox 1832 1907 2016 1950; x_wconf 86' lang='lat' dir='ltr'>verbum</span> <span class='ocrx_word' id='word_1_478' title='bbox 2032 1910 2044 1931; x_wconf 71' lang='lat'>5</span> <span class='ocrx_word' id='word_1_479' title='bbox 2071 1918 2081 1945; x_wconf 72' lang='grc' dir='ltr'>ε</span> <span class='ocrx_word' id='word_1_480' title='bbox 2099 1920 2118 1943; x_wconf 90' lang='lat'>«</span> <span class='ocrx_word' id='word_1_481' title='bbox 2140 1903 2343 1956; x_wconf 84' lang='lat' dir='ltr'>Loquere,</span> 
     </span>
     <span class='ocr_line' id='line_1_73' title="bbox 1319 1975 2340 2033; baseline -0.009 -11"><span class='ocrx_word' id='word_1_482' title='bbox 1319 1983 1455 2033; x_wconf 79' lang='lat' dir='ltr'>maJ&#39;or</span> <span class='ocrx_word' id='word_1_483' title='bbox 1468 1984 1593 2021; x_wconf 87' lang='lat' dir='ltr'>natu:</span> <span class='ocrx_word' id='word_1_484' title='bbox 1611 1981 1727 2021; x_wconf 87' lang='lat' dir='ltr'>decet</span> <span class='ocrx_word' id='word_1_485' title='bbox 1741 1980 1854 2021; x_wconf 89' lang='lat' dir='ltr'>enim</span> <span class='ocrx_word' id='word_1_486' title='bbox 1865 1982 1906 2019; x_wconf 86' lang='lat' dir='ltr'>te</span> <span class='ocrx_word' id='word_1_487' title='bbox 1917 1977 2106 2031; x_wconf 87' lang='lat' dir='ltr'>primum</span> <span class='ocrx_word' id='word_1_488' title='bbox 2117 1975 2312 2017; x_wconf 87' lang='lat' dir='ltr'>verbum.</span> <span class='ocrx_word' id='word_1_489' title='bbox 2322 1988 2340 2012; x_wconf 75' lang='lat' dir='ltr'>n</span> 
     </span>
     <span class='ocr_line' id='line_1_74' title="bbox 1319 2045 2349 2100; baseline -0.008 -8"><span class='ocrx_word' id='word_1_490' title='bbox 1319 2051 1351 2092; x_wconf 91' lang='lat' dir='ltr'>E</span> <span class='ocrx_word' id='word_1_491' title='bbox 1372 2054 1518 2093; x_wconf 88' lang='lat' dir='ltr'>contra</span> <span class='ocrx_word' id='word_1_492' title='bbox 1538 2064 1660 2094; x_wconf 88' lang='lat' dir='ltr'>senes</span> <span class='ocrx_word' id='word_1_493' title='bbox 1681 2054 1780 2092; x_wconf 90' lang='lat' dir='ltr'>sunt</span> <span class='ocrx_word' id='word_1_494' title='bbox 1799 2051 1843 2090; x_wconf 90' lang='lat' dir='ltr'>in</span> <span class='ocrx_word' id='word_1_495' title='bbox 1861 2052 1989 2100; x_wconf 85' lang='lat' dir='ltr'>terra,</span> <span class='ocrx_word' id='word_1_496' title='bbox 2015 2050 2056 2088; x_wconf 87' lang='lat' dir='ltr'>et</span> <span class='ocrx_word' id='word_1_497' title='bbox 2075 2046 2195 2100; x_wconf 91' lang='lat' dir='ltr'>pueri</span> <span class='ocrx_word' id='word_1_498' title='bbox 2214 2045 2349 2099; x_wconf 73' lang='lat' dir='ltr'>praeti-</span> 
     </span>
     <span class='ocr_line' id='line_1_75' title="bbox 1320 2115 2350 2172; baseline -0.008 -8"><span class='ocrx_word' id='word_1_499' title='bbox 1320 2124 1491 2165; x_wconf 87' lang='lat' dir='ltr'>ciuntur</span> <span class='ocrx_word' id='word_1_500' title='bbox 1512 2137 1521 2165; x_wconf 71' lang='grc' dir='ltr'><strong><em>τ</em></strong></span> <span class='ocrx_word' id='word_1_501' title='bbox 1545 2136 1666 2164; x_wconf 89' lang='lat' dir='ltr'>senes</span> <span class='ocrx_word' id='word_1_502' title='bbox 1692 2123 1900 2164; x_wconf 85' lang='lat' dir='ltr'>conticere</span> <span class='ocrx_word' id='word_1_503' title='bbox 1920 2122 2148 2172; x_wconf 89' lang='lat' dir='ltr'>coguntur,</span> <span class='ocrx_word' id='word_1_504' title='bbox 2170 2119 2211 2158; x_wconf 89' lang='lat' dir='ltr'>et</span> <span class='ocrx_word' id='word_1_505' title='bbox 2229 2115 2350 2169; x_wconf 89' lang='lat' dir='ltr'>pueri</span> 
     </span>
     <span class='ocr_line' id='line_1_76' title="bbox 1321 2185 2352 2247; baseline -0.011 -11"><span class='ocrx_word' id='word_1_506' title='bbox 1321 2194 1373 2235; x_wconf 88' lang='lat' dir='ltr'>ad</span> <span class='ocrx_word' id='word_1_507' title='bbox 1387 2194 1588 2236; x_wconf 80' lang='lat' dir='ltr'>doctrinae</span> <span class='ocrx_word' id='word_1_508' title='bbox 1606 2193 1890 2247; x_wconf 88' lang='lat' dir='ltr'>principatum</span> <span class='ocrx_word' id='word_1_509' title='bbox 1909 2191 2193 2232; x_wconf 88' lang='lat' dir='ltr'>sublimantur</span> <span class='ocrx_word' id='word_1_510' title='bbox 2210 2201 2219 2227; x_wconf 77' lang='lat' dir='ltr'>t</span> <span class='ocrx_word' id='word_1_511' title='bbox 2239 2185 2352 2239; x_wconf 90' lang='lat' dir='ltr'>quod</span> 
     </span>
     <span class='ocr_line' id='line_1_77' title="bbox 1320 2257 2353 2316; baseline -0.01 -9"><span class='ocrx_word' id='word_1_512' title='bbox 1320 2278 1408 2307; x_wconf 90' lang='lat' dir='ltr'>non</span> <span class='ocrx_word' id='word_1_513' title='bbox 1439 2269 1501 2307; x_wconf 91' lang='lat' dir='ltr'>est</span> <span class='ocrx_word' id='word_1_514' title='bbox 1531 2264 1823 2315; x_wconf 85' lang='lat' dir='ltr'>lamentabile,</span> <span class='ocrx_word' id='word_1_515' title='bbox 1855 2263 1957 2316; x_wconf 90' lang='lat' dir='ltr'>quia</span> <span class='ocrx_word' id='word_1_516' title='bbox 1979 2260 2100 2315; x_wconf 91' lang='lat' dir='ltr'>pueri</span> <span class='ocrx_word' id='word_1_517' title='bbox 2131 2260 2253 2308; x_wconf 78' lang='lat' dir='ltr'>sunt3</span> <span class='ocrx_word' id='word_1_518' title='bbox 2281 2257 2353 2297; x_wconf 88' lang='lat' dir='ltr'>sed</span> 
     </span>
     <span class='ocr_line' id='line_1_78' title="bbox 1321 2330 2352 2390; baseline -0.011 -11"><span class='ocrx_word' id='word_1_519' title='bbox 1321 2337 1436 2390; x_wconf 90' lang='lat' dir='ltr'>quod</span> <span class='ocrx_word' id='word_1_520' title='bbox 1454 2340 1553 2378; x_wconf 90' lang='lat' dir='ltr'>sunt</span> <span class='ocrx_word' id='word_1_521' title='bbox 1573 2349 1659 2377; x_wconf 91' lang='lat' dir='ltr'>non</span> <span class='ocrx_word' id='word_1_522' title='bbox 1679 2336 1821 2376; x_wconf 90' lang='lat' dir='ltr'>minus</span> <span class='ocrx_word' id='word_1_523' title='bbox 1840 2333 2055 2383; x_wconf 88' lang='lat' dir='ltr'>moribus,</span> <span class='ocrx_word' id='word_1_524' title='bbox 2079 2342 2210 2384; x_wconf 91' lang='lat' dir='ltr'>quam</span> <span class='ocrx_word' id='word_1_525' title='bbox 2229 2330 2352 2369; x_wconf 82' lang='lat' dir='ltr'>aetate</span> 
     </span>
     <span class='ocr_line' id='line_1_79' title="bbox 1321 2399 2353 2460; baseline -0.01 -12"><span class='ocrx_word' id='word_1_526' title='bbox 1321 2408 1456 2460; x_wconf 87' lang='lat' dir='ltr'>pueri.</span> <span class='ocrx_word' id='word_1_527' title='bbox 1491 2407 1690 2460; x_wconf 87' lang='lat' dir='ltr'>Sequitur</span> <span class='ocrx_word' id='word_1_528' title='bbox 1718 2420 1727 2445; x_wconf 92' lang='lat'>:</span> <span class='ocrx_word' id='word_1_529' title='bbox 1759 2405 2094 2457; x_wconf 74' lang='lat' dir='ltr'>Consperserunt</span> <span class='ocrx_word' id='word_1_530' title='bbox 2121 2414 2131 2441; x_wconf 91' lang='lat'>:</span> <span class='ocrx_word' id='word_1_531' title='bbox 2162 2399 2353 2452; x_wconf 86' lang='lat' dir='ltr'>virgines</span> 
     </span>
     <span class='ocr_line' id='line_1_80' title="bbox 1321 2471 2352 2526; baseline -0.009 -8"><span class='ocrx_word' id='word_1_532' title='bbox 1321 2477 1554 2519; x_wconf 87' lang='lat' dir='ltr'>Jerusalem</span> <span class='ocrx_word' id='word_1_533' title='bbox 1581 2479 1681 2517; x_wconf 88' lang='lat' dir='ltr'>sunt</span> <span class='ocrx_word' id='word_1_534' title='bbox 1700 2477 1800 2517; x_wconf 92' lang='lat' dir='ltr'>boni</span> <span class='ocrx_word' id='word_1_535' title='bbox 1821 2475 1998 2523; x_wconf 88' lang='lat' dir='ltr'>subditi,</span> <span class='ocrx_word' id='word_1_536' title='bbox 2023 2473 2099 2526; x_wconf 90' lang='lat' dir='ltr'>qui</span> <span class='ocrx_word' id='word_1_537' title='bbox 2118 2472 2218 2512; x_wconf 89' lang='lat' dir='ltr'>fidei</span> <span class='ocrx_word' id='word_1_538' title='bbox 2237 2471 2352 2510; x_wconf 89' lang='lat' dir='ltr'>inte-</span> 
     </span>
     <span class='ocr_line' id='line_1_81' title="bbox 1323 2545 2353 2601; baseline -0.008 -13"><span class='ocrx_word' id='word_1_539' title='bbox 1323 2548 1524 2601; x_wconf 87' lang='lat' dir='ltr'>gritatem</span> <span class='ocrx_word' id='word_1_540' title='bbox 1566 2547 1844 2589; x_wconf 84' lang='lat' dir='ltr'>custodientes</span> <span class='ocrx_word' id='word_1_541' title='bbox 1861 2577 1873 2597; x_wconf 92' lang='lat'>‚</span> <span class='ocrx_word' id='word_1_542' title='bbox 1916 2545 1968 2586; x_wconf 90' lang='lat' dir='ltr'>ad</span> <span class='ocrx_word' id='word_1_543' title='bbox 2006 2554 2233 2596; x_wconf 88' lang='lat' dir='ltr'>supernam</span> <span class='ocrx_word' id='word_1_544' title='bbox 2273 2552 2353 2593; x_wconf 85' lang='lat' dir='ltr'>pa·-</span> 
     </span>
     <span class='ocr_line' id='line_1_82' title="bbox 1322 2612 2349 2672; baseline -0.009 -12"><span class='ocrx_word' id='word_1_545' title='bbox 1322 2620 1449 2660; x_wconf 90' lang='lat' dir='ltr'>triam</span> <span class='ocrx_word' id='word_1_546' title='bbox 1468 2622 1509 2660; x_wconf 87' lang='lat' dir='ltr'>et</span> <span class='ocrx_word' id='word_1_547' title='bbox 1526 2630 1673 2672; x_wconf 87' lang='lat' dir='ltr'>pacem</span> <span class='ocrx_word' id='word_1_548' title='bbox 1693 2618 1885 2659; x_wconf 86' lang='lat' dir='ltr'>tendunt.</span> <span class='ocrx_word' id='word_1_549' title='bbox 1907 2616 1988 2657; x_wconf 88' lang='lat' dir='ltr'>Per</span> <span class='ocrx_word' id='word_1_550' title='bbox 2008 2616 2134 2668; x_wconf 87' lang='lat' dir='ltr'>caput</span> <span class='ocrx_word' id='word_1_551' title='bbox 2152 2612 2349 2666; x_wconf 89' lang='lat' dir='ltr'>spiritua-</span> 
     </span>
     <span class='ocr_line' id='line_1_83' title="bbox 1323 2683 2355 2741; baseline -0.009 -10"><span class='ocrx_word' id='word_1_552' title='bbox 1323 2689 1375 2730; x_wconf 88' lang='lat' dir='ltr'>lis</span> <span class='ocrx_word' id='word_1_553' title='bbox 1403 2690 1510 2731; x_wconf 87' lang='lat' dir='ltr'>actio</span> <span class='ocrx_word' id='word_1_554' title='bbox 1539 2689 1802 2741; x_wconf 86' lang='lat' dir='ltr'>designatur.</span> <span class='ocrx_word' id='word_1_555' title='bbox 1836 2686 1956 2736; x_wconf 79' lang='lat' dir='ltr'>Quod</span> <span class='ocrx_word' id='word_1_556' title='bbox 1984 2698 2059 2739; x_wconf 91' lang='lat' dir='ltr'>per</span> <span class='ocrx_word' id='word_1_557' title='bbox 2091 2685 2251 2725; x_wconf 87' lang='lat' dir='ltr'>eineres</span> <span class='ocrx_word' id='word_1_558' title='bbox 2279 2683 2355 2736; x_wconf 88' lang='lat' dir='ltr'>qui</span> 
     </span>
     <span class='ocr_line' id='line_1_84' title="bbox 1325 2757 2352 2813; baseline -0.008 -10"><span class='ocrx_word' id='word_1_559' title='bbox 1325 2762 1377 2804; x_wconf 87' lang='lat' dir='ltr'>ab</span> <span class='ocrx_word' id='word_1_560' title='bbox 1403 2762 1507 2813; x_wconf 90' lang='lat' dir='ltr'>igne</span> <span class='ocrx_word' id='word_1_561' title='bbox 1532 2761 1857 2813; x_wconf 87' lang='lat' dir='ltr'>relinquuntur,</span> <span class='ocrx_word' id='word_1_562' title='bbox 1886 2758 1970 2799; x_wconf 90' lang='lat' dir='ltr'>nisi</span> <span class='ocrx_word' id='word_1_563' title='bbox 2000 2757 2241 2798; x_wconf 82' lang='lat' dir='ltr'>affectiones</span> <span class='ocrx_word' id='word_1_564' title='bbox 2272 2757 2352 2795; x_wconf 86' lang='lat' dir='ltr'>ter-</span> 
     </span>
     <span class='ocr_line' id='line_1_85' title="bbox 1325 2825 2356 2884; baseline -0.009 -10"><span class='ocrx_word' id='word_1_565' title='bbox 1325 2845 1440 2875; x_wconf 83' lang='lat' dir='ltr'>renae</span> <span class='ocrx_word' id='word_1_566' title='bbox 1465 2832 1716 2884; x_wconf 75' lang='lat' dir='ltr'>signantur?</span> <span class='ocrx_word' id='word_1_567' title='bbox 1746 2830 1867 2883; x_wconf 88' lang='lat' dir='ltr'>quasi</span> <span class='ocrx_word' id='word_1_568' title='bbox 1891 2830 2006 2869; x_wconf 88' lang='lat' dir='ltr'>enim</span> <span class='ocrx_word' id='word_1_569' title='bbox 2035 2829 2088 2869; x_wconf 88' lang='lat' dir='ltr'>ab</span> <span class='ocrx_word' id='word_1_570' title='bbox 2121 2828 2225 2879; x_wconf 86' lang='lat' dir='ltr'>igne</span> <span class='ocrx_word' id='word_1_571' title='bbox 2252 2825 2356 2867; x_wconf 87' lang='lat' dir='ltr'>cinis</span> 
     </span>
     <span class='ocr_line' id='line_1_86' title="bbox 1325 2896 2356 2956; baseline -0.009 -11"><span class='ocrx_word' id='word_1_572' title='bbox 1325 2903 1528 2954; x_wconf 87' lang='lat' dir='ltr'>nascitur,</span> <span class='ocrx_word' id='word_1_573' title='bbox 1550 2902 1751 2956; x_wconf 88' lang='lat' dir='ltr'>quoniam</span> <span class='ocrx_word' id='word_1_574' title='bbox 1783 2900 2090 2952; x_wconf 85' lang='lat' dir='ltr'>cogitationum</span> <span class='ocrx_word' id='word_1_575' title='bbox 2122 2896 2356 2939; x_wconf 87' lang='lat' dir='ltr'>carnalium</span> 
     </span>
     <span class='ocr_line' id='line_1_87' title="bbox 1326 2957 2357 3028; baseline -0.008 -12"><span class='ocrx_word' id='word_1_576' title='bbox 1326 2975 1518 3028; x_wconf 85' lang='lat' dir='ltr'>reliquiae</span> <span class='ocrx_word' id='word_1_577' title='bbox 1544 2987 1569 3015; x_wconf 90' lang='lat' dir='ltr'>a</span> <span class='ocrx_word' id='word_1_578' title='bbox 1595 2957 2120 3025; x_wconf 37' lang='lat' dir='ltr'>concupiscentia&#39;carnali</span> <span class='ocrx_word' id='word_1_579' title='bbox 2146 2979 2357 3021; x_wconf 83' lang='lat' dir='ltr'>generan-</span> 
     </span>
     <span class='ocr_line' id='line_1_88' title="bbox 1327 3041 2352 3097; baseline -0.008 -10"><span class='ocrx_word' id='word_1_580' title='bbox 1327 3049 1410 3088; x_wconf 87' lang='lat' dir='ltr'>tur.</span> <span class='ocrx_word' id='word_1_581' title='bbox 1443 3045 1560 3086; x_wconf 88' lang='lat' dir='ltr'>Unde</span> <span class='ocrx_word' id='word_1_582' title='bbox 1592 3046 1817 3097; x_wconf 88' lang='lat' dir='ltr'>postquam</span> <span class='ocrx_word' id='word_1_583' title='bbox 1855 3053 1974 3083; x_wconf 89' lang='lat' dir='ltr'>senes</span> <span class='ocrx_word' id='word_1_584' title='bbox 2005 3041 2225 3090; x_wconf 86' lang='lat' dir='ltr'>sederunt,</span> <span class='ocrx_word' id='word_1_585' title='bbox 2259 3041 2352 3088; x_wconf 65' lang='lat' dir='ltr'>ete,</span> 
     </span>
     <span class='ocr_line' id='line_1_89' title="bbox 1328 3110 2354 3169; baseline -0.01 -11"><span class='ocrx_word' id='word_1_586' title='bbox 1328 3117 1521 3169; x_wconf 85' lang='lat' dir='ltr'>virgines</span> <span class='ocrx_word' id='word_1_587' title='bbox 1543 3117 1847 3169; x_wconf 85' lang='lat' dir='ltr'>asperguntur,</span> <span class='ocrx_word' id='word_1_588' title='bbox 1876 3115 1970 3165; x_wconf 58' lang='lat' dir='ltr'>etc„</span> <span class='ocrx_word' id='word_1_589' title='bbox 2003 3113 2102 3165; x_wconf 90' lang='lat' dir='ltr'>quia</span> <span class='ocrx_word' id='word_1_590' title='bbox 2131 3110 2354 3163; x_wconf 87' lang='lat' dir='ltr'>simplices,</span> 
     </span>
     <span class='ocr_line' id='line_1_90' title="bbox 1329 3180 2358 3240; baseline -0.01 -11"><span class='ocrx_word' id='word_1_591' title='bbox 1329 3200 1428 3229; x_wconf 88' lang='lat' dir='ltr'>cum</span> <span class='ocrx_word' id='word_1_592' title='bbox 1447 3187 1644 3240; x_wconf 61' lang='lat' dir='ltr'>praelatos</span> <span class='ocrx_word' id='word_1_593' title='bbox 1663 3186 1808 3227; x_wconf 86' lang='lat' dir='ltr'>vident</span> <span class='ocrx_word' id='word_1_594' title='bbox 1828 3184 2076 3225; x_wconf 87' lang='lat' dir='ltr'>incumbere</span> <span class='ocrx_word' id='word_1_595' title='bbox 2096 3180 2291 3230; x_wconf 79' lang='lat' dir='ltr'>terreniS,</span> <span class='ocrx_word' id='word_1_596' title='bbox 2317 3180 2358 3218; x_wconf 88' lang='lat' dir='ltr'>et</span> 
     </span>
     <span class='ocr_line' id='line_1_91' title="bbox 1329 3246 2358 3312; baseline -0.01 -14"><span class='ocrx_word' id='word_1_597' title='bbox 1329 3258 1410 3312; x_wconf 88' lang='lat' dir='ltr'>ipsi</span> <span class='ocrx_word' id='word_1_598' title='bbox 1442 3257 1651 3310; x_wconf 87' lang='lat' dir='ltr'>incipiunt</span> <span class='ocrx_word' id='word_1_599' title='bbox 1689 3256 1740 3296; x_wconf 88' lang='lat' dir='ltr'>ad</span> <span class='ocrx_word' id='word_1_600' title='bbox 1779 3254 2012 3306; x_wconf 88' lang='lat' dir='ltr'>consimilia</span> <span class='ocrx_word' id='word_1_601' title='bbox 2049 3252 2246 3306; x_wconf 88' lang='lat' dir='ltr'>aspicere.</span> <span class='ocrx_word' id='word_1_602' title='bbox 2283 3246 2358 3289; x_wconf 81' lang='lat' dir='ltr'>Vei</span> 
     </span>
    </p>
   </div>
   <div class='ocr_carea' id='block_1_6' title="bbox 1375 3364 2427 3431">
    <p class='ocr_par' dir='ltr' id='par_1_9' title="bbox 1375 3364 2427 3431">
     <span class='ocr_line' id='line_1_92' title="bbox 1375 3364 2427 3431; baseline -0.014 -10"><span class='ocrx_word' id='word_1_603' title='bbox 1375 3391 1414 3430; x_wconf 85' lang='grc' dir='ltr'>(α)</span> <span class='ocrx_word' id='word_1_604' title='bbox 1433 3390 1476 3422; x_wconf 85' lang='lat' dir='ltr'>Al</span> <span class='ocrx_word' id='word_1_605' title='bbox 1481 3415 1488 3421; x_wconf 96' lang='lat'>.</span> <span class='ocrx_word' id='word_1_606' title='bbox 1507 3390 1573 3423; x_wconf 86' lang='lat' dir='ltr'>Sed</span> <span class='ocrx_word' id='word_1_607' title='bbox 1592 3398 1712 3431; x_wconf 90' lang='lat' dir='ltr'>pro.—</span> <span class='ocrx_word' id='word_1_608' title='bbox 1729 3388 1775 3430; x_wconf 82' lang='lat' dir='ltr'>(b)</span> <span class='ocrx_word' id='word_1_609' title='bbox 1798 3388 1885 3420; x_wconf 88' lang='lat' dir='ltr'>Edit.</span> <span class='ocrx_word' id='word_1_610' title='bbox 1905 3387 1990 3420; x_wconf 90' lang='lat' dir='ltr'>Ven.</span> <span class='ocrx_word' id='word_1_611' title='bbox 2015 3384 2092 3416; x_wconf 86' lang='lat' dir='ltr'>add.</span> <span class='ocrx_word' id='word_1_612' title='bbox 2107 3381 2252 3422; x_wconf 67' lang='lat' dir='ltr'>virqines</span> <span class='ocrx_word' id='word_1_613' title='bbox 2266 3379 2359 3410; x_wconf 73' lang='lat' dir='ltr'>Jeru-</span> <span class='ocrx_word' id='word_1_614' title='bbox 2422 3364 2427 3369; x_wconf 47' lang='grc'><strong>“</strong></span> 
     </span>
    </p>
   </div>
   <div class='ocr_carea' id='block_1_7' title="bbox 1331 3428 2359 3526">
    <p class='ocr_par' dir='ltr' id='par_1_10' title="bbox 1331 3428 2359 3526">
     <span class='ocr_line' id='line_1_93' title="bbox 1331 3428 2359 3478; baseline -0.012 -9"><span class='ocrx_word' id='word_1_615' title='bbox 1331 3437 1488 3469; x_wconf 76' lang='lat' dir='ltr'>salem.—</span> <span class='ocrx_word' id='word_1_616' title='bbox 1511 3437 1552 3478; x_wconf 89' lang='lat' dir='ltr'>(c)</span> <span class='ocrx_word' id='word_1_617' title='bbox 1572 3438 1648 3478; x_wconf 73' lang='lat' dir='ltr'>Leq.</span> <span class='ocrx_word' id='word_1_618' title='bbox 1665 3436 1875 3477; x_wconf 84' lang='lat' dir='ltr'>incipientes.</span> <span class='ocrx_word' id='word_1_619' title='bbox 1887 3452 1926 3458; x_wconf 91' lang='lat'><strong>—</strong></span> <span class='ocrx_word' id='word_1_620' title='bbox 1945 3432 1988 3473; x_wconf 84' lang='lat' dir='ltr'>(d)</span> <span class='ocrx_word' id='word_1_621' title='bbox 2010 3431 2085 3471; x_wconf 71' lang='lat' dir='ltr'>Leq.</span> <span class='ocrx_word' id='word_1_622' title='bbox 2104 3428 2359 3470; x_wconf 82' lang='lat' dir='ltr'>punctatum.—</span> 
     </span>
     <span class='ocr_line' id='line_1_94' title="bbox 1333 3480 2066 3526; baseline -0.012 -7"><span class='ocrx_word' id='word_1_623' title='bbox 1333 3484 1374 3526; x_wconf 86' lang='lat' dir='ltr'>(e)</span> <span class='ocrx_word' id='word_1_624' title='bbox 1391 3484 1446 3519; x_wconf 82' lang='lat' dir='ltr'>Al.</span> <span class='ocrx_word' id='word_1_625' title='bbox 1464 3493 1634 3519; x_wconf 85' lang='lat' dir='ltr'>sensus.-</span> <span class='ocrx_word' id='word_1_626' title='bbox 1659 3484 1706 3525; x_wconf 84' lang='lat' dir='ltr'>(f)</span> <span class='ocrx_word' id='word_1_627' title='bbox 1730 3483 1810 3516; x_wconf 80' lang='lat' dir='ltr'>Caec.</span> <span class='ocrx_word' id='word_1_628' title='bbox 1831 3481 1910 3515; x_wconf 80' lang='lat' dir='ltr'>edit.</span> <span class='ocrx_word' id='word_1_629' title='bbox 1935 3480 2066 3513; x_wconf 85' lang='lat' dir='ltr'>desunt.</span> 
     </span>
    </p>
   </div>
  </div>
 </body>
</html>
