2634 3853
161 1443 263 1470 1111101-

127 1485 214 1512 litatis
223 1494 265 1511 ra-

125 1527 164 1552 tio
196 1535 266 1561 erga

150 1570 242 1594 extra-

151 1616 231 1635 neos.

284 217 363 254 480

282 302 447 342 nistrat.
472 315 490 338 ›>
516 300 567 341 Et
585 300 678 341 ideo
705 299 866 340 dicebat
887 302 924 339 ¹:
953 313 972 335 «
993 298 1070 346 Qui
1093 298 1228 349 major
1248 298 1311 337 est

283 372 327 412 in
347 373 482 422 vobis,
503 372 577 412 fiat
598 372 703 412 sicut
726 371 875 423 Junior
896 384 904 408 ε
930 372 969 409 61
990 368 1062 420 qui
1082 379 1310 420 prcecessor

285 447 370 494 est,
393 444 499 484 sicut
517 443 788 482 ministrator.
810 455 828 478 ι)
854 440 904 480 Et
923 441 936 461 2
955 452 964 480 :
993 455 1011 477 «
1035 439 1077 479 si
1102 439 1199 491 quis
1219 437 1312 478 vult

286 516 447 568 primus
479 527 589 563 esse,
625 513 703 552 erit
734 512 926 552 omnium
956 510 1234 556 novissimus,
1271 511 1312 548 et

286 586 478 626 omnium
511 584 724 633 minister3
756 597 774 619 »
812 582 912 635 quia
934 581 1084 622 dicitur
1107 584 1120 605 ‘³
1151 595 1160 621 ·.
1200 595 1219 618 ι(
1245 579 1310 620 Sic

287 659 411 697 erunt
434 655 650 695 novissimi
672 654 814 707 primi,
837 656 877 693 et
896 653 1021 705 primi
1036 651 1270 692 novissimi.
1287 664 1305 688 ›)

286 727 335 768 Et
356 730 522 779 propter
545 726 624 766 hoc
648 725 803 766 Paulus
827 724 1044 764 attendens
1064 723 1155 763 hcec
1169 754 1179 770 ,
1201 721 1309 762 dice-

284 799 355 838 bat
375 802 386 823 ⁸
404 812 414 838 z
443 814 461 836 (ι
480 797 574 850 Ego
593 810 687 837 51101
702 797 904 837 minimus
922 795 1224 848 apostolorum,
1240 794 1313 846 qui

284 881 370 909 non
384 881 479 909 sum
493 869 531 909 di
538 880 651 920 gnus
664 867 804 909 vocari
818 867 1044 920 apostolus.
1058 880 1076 904 ›>
1098 866 1147 906 Et
1161 865 1261 905 item
1273 865 1285 886 ⁵
1301 877 1310 904 :

291 956 309 979 (ι
328 940 430 980 Mihi
456 941 649 981 omnium
670 943 911 980 sanctorum
932 938 1110 978 minimo
1130 937 1225 977 data
1253 939 1315 976 est

287 1011 426 1063 gratia
459 1011 567 1051 haec.
598 1026 616 1048 >³
654 1010 768 1062 Ergo
801 1013 910 1049 inter
930 1009 1043 1049 viros
1075 1006 1314 1060 spirituales

287 1094 372 1123 non
392 1083 514 1123 debet
534 1094 624 1123 esse
647 1081 857 1122 contentio
878 1081 927 1121 de
944 1081 1082 1133 primo
1101 1079 1192 1119 loco
1207 1111 1216 1129 ,
1242 1078 1314 1118 sed

285 1153 336 1193 de
368 1156 602 1205 postremo,
634 1153 733 1205 quia
764 1152 833 1192 ille
865 1151 1176 1201 honorabilior,
1209 1150 1315 1191 sicut

284 1225 436 1266 dicitur
454 1225 563 1265 infra
582 1224 595 1245 ¹³
618 1238 627 1264 :
650 1239 670 1262 α
694 1224 797 1263 Cum
819 1226 990 1263 vocatus
1009 1222 1140 1263 fueris
1161 1221 1212 1262 ad
1233 1233 1316 1261 nu-

284 1297 413 1350 ptias,
462 1297 567 1337 vade
582 1328 591 1345 ,
641 1296 841 1337 recumbe
884 1295 929 1335 in
974 1294 1205 1335 novissimo
1248 1292 1315 1333 lo-

283 1381 346 1420 co,
360 1384 378 1407 1)
400 1372 477 1410 610.

338 1444 402 1481 49.
430 1440 700 1493 Respondeas
721 1442 860 1481 autem
881 1439 1084 1487 Joannes,
1116 1438 1195 1477 610.
1219 1435 1315 1476 Post

285 1512 517 1553 doctrinam
544 1510 794 1551 humilitatis
815 1510 868 1550 ad
896 1508 1166 1558 domesticos,
1196 1507 1315 1547 docet

285 1583 570 1623 humilitatem
591 1582 828 1622 habendam
859 1580 910 1621 ad
937 1582 1174 1620 extraneos.
1201 1577 1316 1618 Circa

285 1653 415 1706 hujus
441 1653 770 1694 insinuationem
789 1684 799 1700 ,
835 1652 917 1691 tria
951 1650 1279 1690 introducuntur
1303 1663 1311 1688 ε

287 1725 424 1777 primo
443 1725 557 1765 enim
584 1723 881 1769 introducitur,
912 1733 965 1761 ex
992 1723 1109 1772 parte
1130 1718 1212 1758 viri
1239 1730 1315 1758 ex-

288 1796 438 1847 tranei,
462 1795 648 1848 operatio
668 1793 857 1843 virtutis;
893 1791 1076 1832 secundo
1102 1801 1203 1833 vero
1218 1821 1229 1840 ,
1262 1801 1316 1829 ex

285 1870 402 1920 parte
421 1866 635 1919 discipuli,
656 1864 948 1918 prohibitionis
968 1861 1205 1911 temeritas3
1229 1864 1315 1901 ter-

287 1938 343 1978 tio
363 1950 478 1989 vero,
501 1949 554 1979 ex
571 1939 687 1990 parte
708 1936 918 1988 Magistri,
941 1933 1157 1988 persuasio
1173 1932 1316 1973 humi-

284 2009 423 2050 litatis,

339 2080 480 2121 Primo
500 2092 603 2132 ergo
623 2079 851 2120 introducit
875 2077 1163 2131 operationem
1183 2075 1316 2117 virtu—

284 2152 360 2202 tis,
386 2164 439 2192 ex
458 2155 575 2204 parte
603 2150 686 2192 viri
706 2149 918 2199 extranei,
941 2161 1038 2189 cum
1070 2147 1168 2188 dicit
1197 2158 1206 2186 :
1236 2147 1313 2187 Re-

285 2222 496 2274 spondeas
517 2227 659 2265 autem
677 2223 863 2263 Joamies
884 2219 1003 2261 dixit
1023 2231 1037 2259 .·
1068 2218 1312 2269 Proeceptor,

286 2294 477 2335 vidimus
497 2293 719 2347 quemdam
739 2293 787 2333 in
803 2291 972 2333 nomine
990 2293 1059 2332 ῖιιο
1082 2289 1316 2341 ejicientem

286 2363 515 2406 dcemonia.
539 2364 645 2414 Quia
673 2364 789 2404 enim
814 2362 1017 2403 Dominus
1050 2352 1317 2413 persuaserat

286 2436 595 2486 humilitatem,
626 2435 774 2476 volens
801 2434 907 2474 scire
935 2432 1138 2483 ι10110065,
1168 2433 1316 2471 utrum

286 2507 587 2548 documentum
605 2507 656 2548 ad
676 2509 896 2547 extraneos
917 2517 960 2545 se
979 2503 1198 2553 extendat,
1223 2502 1315 2543 ideo

286 2580 530 2631 respondet,
554 2582 594 2619 et
613 2579 727 2618 hunc
749 2580 1001 2618 extraneum
1022 2574 1233 2615 mirabilia
1251 2574 1314 2613 fa-

286 2649 464 2690 cientem
479 2649 721 2690 introducit.
738 2647 939 2689 Extranei
951 2649 1094 2687 autem
1110 2659 1135 2687 a
1151 2645 1316 2687 Christo

287 2724 464 2774 possunt
484 2721 689 2762 miracula
711 2721 866 2769 facere,
895 2718 1128 2759 secundum
1148 2717 1251 2758 illud
1268 2717 1281 2738 ⁷
1304 2729 1312 2757 t

294 2807 312 2829 «
331 2792 450 2832 Multi
472 2793 609 2832 dicent
624 2791 730 2832 mihi
751 2791 796 2830 in
818 2789 889 2830 illa
905 2789 993 2830 die:
1013 2789 1209 2840 Domine,
1234 2788 1314 2829 Do-

289 2863 427 2914 mine,
448 2878 467 2901 »
493 2866 594 2913 etc.;
617 2862 809 2915 sequitur
830 2876 838 2902 :
863 2876 883 2900 (ς
911 2860 962 2901 Ε1
985 2860 1030 2900 10
1049 2861 1222 2901 nomine
1242 2863 1316 2901 tuo

289 2933 498 2974 daemonia
517 2933 740 2987 ejecimUS‚
767 2935 807 2973 et
826 2933 870 2972 10
890 2931 1062 2972 0001106
1084 2933 1158 2972 100
1179 2931 1317 2972 virtu-

289 3006 351 3045 tes
371 3005 525 3045 multas
543 3005 743 3045 fecimus?
756 3004 807 3046 Et
819 3006 921 3044 tunc
934 3003 1165 3044 confitebor
1181 3002 1276 3054 illis,
1296 3017 1315 3041 »

289 3078 384 3125 etc.;
416 3076 695 3127 subjungitur
716 3089 724 3116 ε
754 3090 773 3113 ((
791 3075 991 3115 Discedite
1010 3087 1035 3114 a
1055 3086 1122 3114 me
1139 3104 1148 3122 ,
1171 3085 1318 3114 omnes

291 3147 364 3200 (1111
382 3146 615 3200 operamini
635 3146 917 3199 iniquitatem.
934 3161 953 3183 »
984 3145 1071 3185 Hoc
1090 3147 1233 3185 autem
1246 3145 1314 3195 fit,

291 3218 460 3272 quando
493 3218 587 3271 quis
614 3218 742 3258 habet
775 3218 903 3258 tidem
940 3217 1126 3258 nominis
1165 3216 1318 3257 Christi

293 3290 381 3330 sine
417 3289 632 3330 charitatis
669 3301 833 3340 amore,
867 3289 1099 3330 secundum
1132 3288 1236 3330 illud
1265 3292 1311 3328 ⁸:

334 3423 344 3444 ¹
366 3422 443 3463 lnf.,
463 3430 551 3463 xxm,
571 3424 621 3454 26.
637 3439 676 3446 —
699 3422 711 3440 ²
733 3421 850 3459 Marc„
870 3429 917 3461 ix,
939 3422 990 3452 34.
1010 3437 1052 3443 —
1070 3420 1084 3441 3
1104 3419 1241 3459 Mami„
1260 3430 1317 3462 xx,

295 3471 343 3503 16.
361 3487 402 3493 —-
417 3472 427 3489 ⁴⁴·
450 3471 458 3501 1
482 3470 570 3510 Cor„
587 3477 644 3510 xv,
662 3470 692 3502 9.
707 3486 748 3491 -
767 3469 777 3486 ⁵·
796 3467 926 3509 EplceS„
948 3475 999 3506 111,
1021 3469 1104 3498 8.-
1119 3467 1132 3488 ⁶
1151 3467 1228 3508 lus„
1245 3477 1318 3509 XIV,

296 3520 343 3550 10.
365 3535 406 3542 —
428 3520 437 3537 ⁷
460 3517 595 3552 Matth..
619 3526 688 3558 vu,
707 3518 767 3558 22,
792 3517 845 3548 23.
866 3533 908 3540 -
932 3514 946 3537 ⁸
971 3516 981 3546 1
1003 3514 1094 3556 Cor„
1114 3523 1202 3556 xm,
1226 3517 1256 3549 2.
1278 3533 1319 3540 —

1010 209 1110 250 EVA
1118 208 1290 249 NGELlI
1322 207 1510 249 SANCTI
1541 207 1690 249 LUCAE

1391 312 1409 336 <1
1433 297 1475 337 Si
1503 297 1690 337 habuero
1721 308 1892 337 omnem
1911 298 2063 350 fidem,
2084 299 2143 340 ita
2172 302 2219 340 ut
2246 303 2410 342 montes

1384 369 1652 418 transferam,
1669 367 1915 408 charitatem
1930 372 2070 410 autem
2090 382 2175 411 non
2195 371 2386 412 habuero
2397 403 2409 422 ,

1385 438 1490 478 nihil
1509 450 1619 478 sum.
1642 452 1660 475 »
1688 437 1737 477 Et
1756 438 1836 478 hoc
1852 440 1934 490 est,
1952 440 2051 491 quia
2065 441 2248 483 charitas
2268 445 2330 483 est
2346 442 2414 482 illa

1387 521 1483 562 quae
1504 510 1600 549 facit
1620 509 1805 549 amicum
1826 508 1990 549 Christi.
2013 510 2061 550 In
2079 511 2159 552 hoc
2178 516 2322 554 autem
2340 526 2415 566 ap-

1388 583 1505 632 paret
1524 580 1661 620 virtus
1681 579 1866 620 nominis
1888 579 2039 620 Christi
2062 582 2262 623 maximae
2282 585 2417 625 effica-

1388 650 1482 701 0166,
1507 651 1609 691 dum
1640 650 1738 691 talia
1767 653 1968 703 operatur
1996 651 2240 692 invocatum
2269 655 2321 693 ab
2341 668 2414 695 ex-

1387 721 1565 772 traneis,
1603 725 1648 762 ut
1678 721 1836 766 merito,
1858 721 2090 762 secundum
2118 722 2222 763 illud
2241 727 2255 748 ⁹
2272 755 2282 774 ,
2323 739 2341 761 (ι
2374 725 2419 764 10

1388 792 1560 833 nomine
1590 792 1690 833 Jesu
1721 804 1848 833 omne
1882 804 1999 844 genu
2039 793 2257 843 flectatur,
2295 795 2416 835 coele-

1389 865 1539 915 stium,
1564 865 1848 914 terrestrium,
1882 866 1923 904 et
1953 864 2232 905 infernorum.
2255 879 2274 903 »
2303 865 2420 906 Unde

1388 936 1498 977 infra
1512 937 1539 958 ¹⁰
1562 952 1598 977 2«
1616 937 1806 988 Domine,
1823 937 1950 977 etiam
1965 937 2175 978 daemonia
2187 938 2420 990 subjiciun-

1388 1010 1458 1048 tur
1474 1008 1595 1048 nobis
1614 1008 1660 1047 in
1681 1008 1853 1048 nomine
1873 1010 1964 1048 tuo.
1988 1023 2006 1046 ›)

1444 1079 1636 1120 Secundo
1661 1092 1764 1121 vero
1793 1080 2019 1121 introducit
2044 1081 2339 1133 prohibitionis
2359 1084 2419 1122 te-

1390 1151 1628 1191 meritatem
1650 1163 1703 1191 ex
1731 1154 1850 1204 parte
1878 1152 2092 1204 discipuli,
2117 1165 2214 1193 cum
2240 1153 2297 1193 ait
2325 1167 2334 1193 z
2363 1155 2423 1195 Et

1385 1222 1682 1274 prohibuimus
1718 1233 1833 1273 eum,
1872 1223 2026 1263 scilicet
2057 1236 2139 1275 ego
2169 1236 2266 1265 cum
2299 1223 2417 1264 aliis:

1389 1294 1503 1346 quod
1523 1306 1609 1334 non
1633 1294 1713 1334 fuit
1739 1295 1896 1347 absque
1927 1297 2029 1335 nota
2049 1295 2418 1349 praesumptionis,

1389 1365 1594 1417 quoniam
1626 1365 1778 1406 dicitur
1804 1366 1828 1387 1¹
1853 1378 1863 1406 :
1894 1365 2031 1406 «Noli
2061 1367 2285 1419 prohibere
2314 1367 2421 1408 bene

1389 1436 1524 1476 facere
1544 1448 1642 1476 eum
1663 1436 1736 1488 qui
1756 1439 1911 1489 potest3
1929 1437 1964 1476 51
1983 1437 2111 1489 vales,
2134 1441 2175 1478 et
2192 1438 2280 1490 ipse
2301 1438 2423 1479 bene-

1390 1508 1467 1547 fac.
1490 1522 1509 1544 »
1536 1506 1643 1556 Quia
1663 1519 1765 1547 vero
1784 1507 2026 1560 frequenter
2044 1509 2158 1561 quod
2173 1510 2218 1549 fit
2237 1512 2339 1562 typo
2356 1522 2421 1550 su-

1389 1580 1571 1633 perbiae,
1594 1580 1789 1633 palliatur
1811 1581 1899 1622 zelo
1920 1582 2124 1633 justitiae,
2152 1582 2246 1622 ideo
2267 1583 2418 1634 adjun-

1389 1652 1452 1703 git
1470 1666 1478 1692 :
1501 1652 1582 1700 Qui
1599 1662 1685 1692 mm
1699 1653 1889 1703 sequitur
1905 1652 2145 1701 nobiscum;
2169 1655 2208 1691 61
2227 1653 2317 1692 ideo
2335 1665 2422 1693 non

1389 1725 1449 1762 est
1467 1722 1624 1773 dignus
1644 1725 1692 1762 ut
1712 1722 1764 1762 sit
1783 1722 1904 1762 nobis
1918 1722 2066 1763 similis
2086 1724 2269 1776 10011616
2291 1723 2420 1764 mira-

1388 1793 1599 1844 culorum,
1624 1793 1697 1846 qui
1719 1806 1805 1834 non
1835 1796 1896 1834 est
1930 1794 2081 1834 similis
2106 1794 2152 1834 in
2178 1794 2421 1847 impletione

1388 1863 1677 1904 consiliorum.
1718 1863 1765 1904 In
1796 1864 1876 1905 hoc
1903 1867 2046 1905 autem
2080 1864 2236 1907 latebat
2273 1865 2417 1916 elatio,

1389 1937 1512 1990 quasi
1534 1938 1688 1978 diceret
1709 1937 1813 1978 illud
1839 1938 1968 1980 Isaiae
1989 1939 2017 1960 '12
2050 1950 2060 1978 ε
2088 1954 2107 1977 (‹
2129 1937 2207 1988 Qui
2241 1939 2386 1980 dicunt
2409 1953 2418 1979 t

1390 2007 1548 2049 Recede
1566 2022 1591 2049 a
1611 2021 1702 2059 me,
1728 2021 1815 2050 non
1838 2010 2152 2063 appropinques
2172 2010 2299 2061 mihi,
2324 2011 2423 2063 quia

1388 2080 1636 2121 immundus
1657 2092 1716 2122 65.
1735 2096 1753 2118 >)
1777 2080 1828 2122 Ε1
1842 2074 2073 2134 ‘apparebat
2094 2081 2310 2122 aemulatio
2328 2081 2421 2132 illa,

1389 2150 1440 2190 de
1459 2164 1543 2203 qua
1563 2152 1716 2192 dicitur
1736 2153 1786 2193 de
1811 2153 1936 2204 viris,
1967 2152 2040 2205 qui
2060 2153 2425 2206 prophetaverunt

1390 2222 1434 2261 in
1453 2222 1620 2273 castris,
1648 2223 1819 2263 absente
1841 2223 1997 2276 Moyse,
2031 2224 2145 2276 quod
2174 2224 2280 2264 dixit
2298 2223 2424 2264 Josue

1389 2293 1503 2334 filius
1522 2293 1619 2334 Nun
1639 2294 1666 2315 ¹³
1690 2308 1699 2334 ι
1725 2294 1936 2335 «Domine
1957 2295 2017 2334 mi
2037 2294 2221 2348 Moyses,
2244 2295 2423 2348 prohibe

1390 2376 1474 2404 eos.
1496 2379 1514 2401 n
1551 2364 1604 2405 At
1623 2364 1692 2405 ille
1713 2379 1721 2405 :
1751 2380 1769 2402 «
1789 2364 1916 2417 Quid,
1940 2366 2090 2418 inquit,
2113 2366 2326 2406 aemularis
2346 2378 2424 2418 pro

1390 2440 1484 2476 me?
1517 2450 1535 2473 >³
1574 2434 1691 2476 Unde
1722 2435 1926 2487 Joannes,
1959 2437 2034 2490 qui
2069 2439 2158 2478 erat
2185 2438 2426 2490 praeeipuus

1391 2509 1555 2547 amator
1583 2506 1771 2558 Domini,
1805 2510 1846 2548 et
1865 2508 2037 2549 honoris
2064 2510 2157 2561 ejus
2185 2509 2423 2560 aemulator,

1390 2590 1561 2618 omnem
1581 2578 1654 2630 qui
1675 2578 1902 2620 Dominum
1922 2591 2009 2620 non
2030 2582 2159 2630 amat,
2175 2592 2200 2620 a
2218 2580 2422 2632 praediea-

1390 2649 1504 2689 tione
1551 2649 1735 2689 nominis
1780 2649 1930 2691 Christi
1974 2650 2197 2691 excludere
2239 2650 2421 2692 volebat.

1391 2718 1508 2761 Unde
1536 2719 1647 2761 Beda
1666 2720 1693 2742 ¹⁶
1722 2720 1767 2760 in
1788 2720 1961 2764 Glossa:
1998 2736 2017 2760 α
2035 2721 2217 2762 Joannes
2245 2721 2426 2774 diligens

1390 2791 1619 2832 Dominum
1633 2823 1643 2842 ,
1671 2793 1713 2832 et
1733 2804 1758 2832 a
1777 2792 1953 2833 Domino
1979 2792 2173 2844 dilectus,
2196 2792 2425 2834 excluden-

1390 2862 1493 2903 dum
1512 2864 1633 2915 putat
1649 2875 1674 2903 a
1695 2862 1898 2903 beneficio
1911 2895 1921 2914 ,
1944 2863 2017 2916 qui
2041 2875 2128 2904 non
2150 2863 2285 2904 utitur
2304 2863 2423 2904 obse-

1391 2933 1505 2985 quio.
1526 2948 1545 2972 n
1588 2933 1893 2975 Verumtamen
1932 2934 2177 2986 fallebatur,
2218 2934 2318 2987 quia
2350 2935 2377 2956 ¹⁵
2410 2949 2420 2975 ε

1398 3004 1532 3046 «Sive
1561 3017 1636 3058 per
1661 3006 1945 3057 occasionem,
1981 3005 2069 3047 sive
2098 3017 2173 3058 per
2199 3005 2422 3046 veritatem

1392 3075 1582 3116 Christus
1600 3077 1891 3128 annuntietur,
1914 3076 2015 3117 etin
2030 3076 2111 3116 hoc
2131 3076 2299 3128 gaudeo
2314 3107 2325 3129 ,
2351 3077 2423 3118 sed

1392 3149 1432 3187 et
1451 3147 1661 3199 gaudebo.
1690 3162 1710 3186 ›>

1445 3217 1606 3268 Tertio,
1628 3221 1836 3272 quantum
1848 3218 1899 3259 ad
1916 3218 2233 3271 persuasionem
2251 3218 2421 3260 humili-

1392 3290 1488 3331 tatis
1501 3302 1555 3331 ex
1564 3294 1681 3344 parte
1692 3290 1898 3343 Magistri,
1909 3290 2107 3343 adiungit
2122 3290 2176 3343 (v.
2189 3291 2252 3344 50)
2268 3302 2278 3331 :
2290 3291 2344 3334 Ec
2358 3291 2422 3333 ait

1392 3421 1406 3443 ⁹
1421 3421 1562 3463 Philip„
1581 3430 1626 3463 11,
1646 3424 1677 3454 9.
1695 3439 1736 3445 —
1757 3422 1778 3441 ¹⁸
1798 3421 1875 3462 1nf.,
1897 3432 1931 3464 x,
1956 3423 2003 3454 17.
2018 3440 2059 3446 -—
2079 3424 2100 3444 ¹¹
2114 3423 2224 3462 Prov„
2244 3419 2298 3462 111,
2315 3423 2366 3454 27.
2381 3439 2421 3446 -

1396 3469 1424 3490 ¹²
1441 3470 1523 3510 Isa.,
1551 3477 1630 3508 va,
1662 3471 1693 3500 5.
1713 3486 1755 3492 —
1777 3469 1803 3490 1³
1829 3469 1946 3509 Num„
1968 3478 2022 3511 111,
2048 3472 2106 3510 28,
2130 3472 2182 3502 29.
2210 3487 2250 3494 —
2273 3469 2301 3492 1'·
2324 3469 2420 3509 Bed„

1392 3516 1452 3551 lib.
1471 3518 1529 3556 111,
1553 3518 1583 3548 (ἑ.
1597 3523 1655 3558 XL,
1677 3516 1711 3548 in
1731 3516 1820 3558 Luc„
1841 3526 1872 3549 0.
1891 3525 1942 3550 lx.
1960 3535 2002 3543 —
2023 3518 2050 3541 ²⁵
2066 3517 2207 3558 Philip„
2233 3526 2256 3559 1,
2278 3519 2327 3550 18.
