2634 3853
275 36 353 75 218

273 122 564 176 et[diligentia
602 136 610 162 :
646 124 687 162 et
725 122 817 162 haec
854 122 1024 174 quidem
1061 121 1306 171 competunt

272 194 470 235 historico
490 193 714 234 narratori.
749 192 862 233 Unde
897 198 906 218 ¹
947 206 955 232 :
991 207 1009 229 «
1045 190 1305 231 Intellectum

273 265 472 317 colligere
491 267 531 305 et
550 264 747 305 ordinare
761 274 1016 310 sermonem,
1036 264 1077 301 et
1097 260 1306 301 curiosius

273 337 411 388 partes
431 334 622 386 singulas
640 344 831 386 quasque
860 331 1090 384 inquirere,
1113 330 1303 371 historiae

273 407 470 458 competit
497 404 696 445 auctori.»

327 476 510 526 Quarto,
553 477 760 527 quantum
799 473 851 513 ad
894 472 1302 524 consummativum,

271 546 383 599 quod
404 545 482 585 fuit
502 544 690 585 veritatis
718 543 972 594 intellectus,
995 543 1135 583 subdit
1159 543 1214 596 (v.
1236 543 1273 596 4)
1293 556 1303 584 :

279 618 330 660 Ut
360 625 585 669 cosmoscas
622 625 764 657 eorum
802 614 1022 656 verborum
1063 613 1114 655 de
1151 614 1305 666 quibus

273 687 467 729 eruditus
506 697 569 736 es,
607 687 843 736 veritatem,
882 697 1113 737 cognoscas
1151 685 1306 726 scilicet

271 758 451 810 plenius.
474 757 526 798 Et
545 757 627 798 hoc
647 757 739 808 fuit,
762 757 806 797 in
827 769 912 809 quo
938 756 1101 808 quievit
1127 756 1305 796 intentio

272 829 559 880 Evangelistae
597 828 829 868 scribentis.
872 826 989 868 Unde
1026 828 1039 848 2'
1077 841 1085 866 ε
1117 826 1305 867 «Omnis

270 900 479 953 scriptura
498 900 700 941 divinitus
721 899 925 951 inspirata
943 898 1060 938 utilis
1082 900 1144 938 est
1164 898 1216 938 ad
1237 898 1305 938 do-

270 971 467 1021 cendum,
489 971 541 1011 ad
558 970 831 1021 arguendum
845 1001 855 1019 ,
893 969 945 1009 ad
965 968 1300 1020 corripiendum,

269 1041 322 1082 ad
342 1040 625 1081 erudiendum
658 1041 701 1080 in
729 1039 894 1092 justitia
923 1051 932 1079 :
955 1042 1001 1079 ut
1022 1039 1228 1091 perfectus
1251 1038 1304 1078 sit

269 1113 398 1152 homo
418 1111 491 1152 Dei
511 1111 563 1152 ad
585 1123 712 1152 omne
729 1122 836 1163 opus
853 1111 1015 1151 bonum
1027 1110 1300 1150 instructus.»

270 1182 320 1224 Et
340 1182 456 1223 hunc
466 1183 594 1223 finem
606 1182 726 1234 ponit
738 1181 874 1222 Lucas
885 1183 1077 1234 respectu
1090 1181 1300 1232 omnium,

135 1266 229 1310 Theo·
270 1266 376 1307 quos
396 1254 595 1305 intelligit
613 1254 658 1293 in
670 1265 851 1306 persona
866 1252 1103 1305 Theophili,
1122 1252 1189 1293 cui
1204 1253 1305 1293 scri·

108 1306 230 1382 qfflfus
269 1326 343 1366 bit.
382 1325 644 1378 Theophilus
679 1324 982 1377 interpretatur
1026 1334 1177 1365 amans
1219 1324 1301 1366 DO-

269 1398 449 1446 minum‚
488 1397 555 1437 vel
574 1400 743 1439 amatus
783 1407 810 1437 a
844 1396 1050 1446 Domino,
1077 1399 1118 1436 et
1147 1395 1304 1436 talibus

269 1467 563 1508 manifestatur
593 1467 764 1508 veritaS.
800 1466 918 1508 Unde
940 1467 952 1488 ³
976 1480 984 1507 :
1016 1482 1035 1505 «
1058 1465 1137 1515 Qui
1160 1469 1304 1506 autem

268 1538 408 1589 diligit
445 1549 537 1588 me,
573 1537 776 1589 diligetur
801 1550 825 1578 a
844 1540 962 1590 patre
1001 1549 1127 1578 meo:
1162 1540 1203 1577 et
1222 1549 1303 1588 ego

267 1609 445 1661 diligam
471 1620 592 1657 eum,
609 1610 651 1648 et
675 1608 952 1649 manifestabo
973 1608 1011 1648 ei
1031 1609 1257 1661 meipsum.
1278 1623 1297 1645 »

267 1679 318 1720 Et
337 1679 349 1700 ⁴
373 1694 381 1720 :
411 1678 530 1720 «Vos
550 1681 693 1719 autem
713 1678 802 1718 dixi
813 1678 997 1719 amicos:
1020 1679 1122 1731 quia
1140 1679 1301 1728 omnia,

267 1762 549 1804 quaecumque
582 1749 727 1791 audivi
752 1762 776 1790 a
806 1752 925 1802 patre
961 1761 1080 1798 meo,
1109 1752 1209 1790 nota
1226 1749 1304 1790 feci

266 1822 403 1862 vobis.
427 1836 447 1859 ))
473 1821 524 1862 Et
551 1821 610 1861 sic
631 1823 764 1874 patet,
798 1833 929 1873 quam
956 1820 1078 1873 plene
1117 1823 1158 1860 et
1187 1820 1307 1861 lucu-

267 1893 400 1934 lenter
436 1892 595 1945 aperiat
635 1891 908 1944 Evangelista
943 1903 1065 1932 suam
1102 1891 1301 1932 intentio·-

269 1977 383 2005 nem.

110 2047 168 2073 cur
194 2048 250 2072 Lu·
325 2036 533 2078 Caeterum
567 2035 680 2088 quod
718 2034 851 2075 Lucas
890 2034 1163 2086 Evangelista
1183 2046 1298 2086 prae-

111 2095 250 2163 ffigsoffi‘f]
272 2107 398 2148 mittit
417 2118 493 2147 suo
514 2105 749 2157 Evangelio
768 2105 1015 2158 prologum,
1038 2105 1152 2157 quod
1175 2117 1302 2146 nemo

110 2171 166 2197 ω’·
269 2179 365 2220 fecit
383 2178 565 2219 aliorum
601 2177 989 2229 evangelistarum,
1012 2177 1093 2216 1106
1113 2176 1208 2217 facit
1226 2188 1301 2217 ra-

268 2252 381 2292 tione
407 2250 598 2303 specialis
633 2261 852 2303 personae,
893 2249 962 2290 cui
996 2249 1164 2298 scribit3
1203 2261 1301 2289 cum

269 2335 416 2364 omnes
434 2322 505 2363 alii
537 2321 791 2373 generaliter
816 2322 905 2362 sine
925 2321 1089 2362 ratione
1110 2320 1301 2373 specialis

269 2406 459 2448 personae
487 2394 743 2447 scripserint.
786 2393 980 2446 Suntque
1011 2393 1064 2433 ad
1101 2393 1181 2433 hoc
1216 2394 1301 2433 tres

1005 29 1288 72 EVANGELlI
1319 29 1504 71 SANCTI
1534 31 1684 73 LUCAE

1380 131 1533 170 causae,
1555 131 1738 172 quarum
1755 120 1894 172 prima
1915 125 1977 162 est
1992 153 2002 171 ‚
2023 124 2137 175 quod
2154 123 2260 165 liber
2278 124 2410 177 ipsius

1380 190 1594 232 videretur
1630 191 1787 243 alioqui
1820 190 2006 232 fortassis
2035 193 2218 246 cuipiam
2259 206 2407 247 super-

1379 261 1508 311 fluus,
1530 272 1630 302 cum
1644 262 1733 314 Jam
1756 260 1838 300 duo
1858 262 2134 313 evangelistae
2149 265 2406 317 scripserint,

1380 335 1419 373 et
1438 334 1452 356 ⁵
1478 347 1497 371 c<
1518 333 1563 373 in
1583 344 1655 373 ore
1676 333 1858 373 duorum
1880 332 2055 373 testium
2076 335 2154 374 stet
2170 346 2298 376 omne
2315 348 2410 378 ver-

1379 403 1498 444 bum.
1522 417 1541 441 n
1568 402 1700 454 Unde,
1720 405 1767 443 ut
1786 403 1865 443 hoc
1890 406 2126 454 removeat,
2146 405 2286 457 primo
2306 407 2408 447 assi-

1381 475 1486 525 gnat
1504 473 1688 526 primam
1709 485 1880 514 causam
1898 505 1907 523 ,
1943 473 2160 514 declarans
2191 474 2314 516 illum
2343 489 2413 517 ne-

1381 555 1596 597 quaquam
1627 555 1717 585 esse
1743 543 2031 596 superfluum,
2072 555 2171 585 cum
2203 546 2256 586 ad
2284 558 2411 597 vana,

1379 614 1482 655 falsa
1515 617 1556 655 et
1588 614 1803 667 superflua
1832 614 2085 667 resecanda,
2127 626 2225 667 quae
2260 615 2413 669 scripta

1375 688 1467 739 Jam
1496 686 1664 727 fuerant
1693 698 1768 738 per
1794 685 2264 738 pseudoevangelistas,
2295 688 2413 728 ordi-

1381 759 1519 798 netur.
1543 756 1736 797 Secunda
1757 759 1846 807 est,
1864 755 1964 808 quia
1984 756 2090 797 liber
2120 759 2261 809 posset
2280 757 2415 798 videri

1380 828 1524 868 minus
1570 827 1841 867 authenticus
1858 858 1870 877 ,
1906 828 2052 879 utpote
2090 829 2182 881 ejus
2219 828 2292 880 qui
2327 840 2413 869 non

1379 899 1506 939 fuerit
1526 897 1763 950 apostolus:
1781 899 1821 936 et
1838 897 1930 938 ideo
1951 898 2132 938 ostendit
2145 910 2189 939 se
2199 898 2414 951 scripsisse

1380 969 1616 1010 secundum
1635 967 1938 1008 documentum
1960 968 2269 1021 apostolorum,
2285 971 2415 1010 61165-

1378 1039 1608 1080 timonium
1641 1049 1790 1079 eorum
1826 1038 1898 1090 qui
1927 1038 2141 1079 viderunt.
2171 1038 2311 1080 Tertia
2336 1042 2412 1090 est,

1379 1110 1478 1163 quia
1494 1122 1594 1150 cum
1621 1109 1674 1150 sit
1693 1107 1919 1149 historicus
1944 1111 1984 1149 et
2009 1109 2254 1159 narrativus
2273 1110 2416 1151 diver-

1379 1194 1524 1223 sarum
1544 1180 1861 1234 parabolarum,
1893 1182 2034 1232 posset
2052 1179 2187 1221 videri
2209 1180 2417 1222 inordina-

1379 1256 1463 1302 tus,
1493 1255 1535 1293 et
1567 1252 1686 1293 velut
1715 1264 1817 1292 casu
1854 1251 2040 1304 quodam
2077 1254 2203 1304 atque
2242 1252 2416 1294 fortuito

1379 1324 1665 1376 conscriptus3
1691 1325 1731 1363 et
1758 1323 1849 1364 ideo
1884 1323 1936 1363 ad
1978 1323 2058 1363 hoc
2088 1324 2414 1374 removendum,

1379 1394 1562 1436 ostendit
1592 1405 1836 1446 processum
1877 1393 1922 1432 in
1962 1393 2136 1446 prologo
2173 1406 2264 1435 esse
2298 1396 2417 1436 suffi-

1380 1466 1578 1515 cientem,
1602 1464 1852 1516 diligentem
1870 1465 1911 1503 et
1929 1463 2188 1505 ordinatum.
2211 1464 2328 1506 Unde
2347 1479 2417 1519 pa-

1378 1539 1436 1576 tet
1457 1548 1543 1576 non
1565 1547 1654 1576 esse
1681 1534 1898 1575 curiosum
1923 1534 2137 1586 inquirere
2156 1537 2198 1575 et
2218 1548 2417 1588 perscru-

1378 1607 1459 1647 tari
1477 1606 1670 1647 ordinem
1690 1637 1700 1656 ,
1721 1605 2033 1646 distinctionem
2059 1608 2098 1645 et
2123 1606 2416 1649 sufficientiam

1378 1678 1423 1717 in
1445 1676 1738 1729 prosecutione
1759 1687 1907 1716 eorum
1922 1707 1932 1725 ‚
1956 1688 2052 1727 quae
2072 1676 2115 1716 in
2135 1676 2216 1718 hoc
2235 1690 2417 1731 evange-

1378 1751 1434 1792 lio
1454 1750 1798 1791 conscribuntur.
1820 1748 1928 1790 Nam
1948 1749 1983 1790 si
2001 1750 2045 1789 111
2065 1750 2157 1791 aliis
2171 1750 2274 1792 ordo
2289 1752 2417 1792 fidem

1379 1822 1663 1873 commendat,
1687 1823 1727 1862 et
1744 1821 2009 1874 sapientiam,
2033 1822 2073 1861 et
2090 1821 2323 1863 bonitatem
2345 1834 2415 1864 eo-

1378 1906 1477 1935 rum
1505 1905 1603 1946 quae
1642 1892 1909 1941 scribuntur3
1953 1893 2114 1944 quanto
2151 1892 2337 1945 amplius
2355 1893 2417 1933 illi

1378 1966 1598 2018 scripturae
1618 1964 1741 2005 debet
1771 1965 2008 2016 competere
2024 1995 2033 2012 ,
2056 1975 2154 2016 quae
2187 1964 2375 2016 procedit
2393 1977 2418 2005 a

1378 2039 1490 2078 fonte
1516 2036 1754 2088 sapientiae,
1777 2037 1817 2075 et
1846 2035 1959 2075 ducit
1978 2034 2030 2075 ad
2058 2035 2188 2076 finem
2218 2035 2417 2077 bonitatis

1379 2108 1630 2161 completae?
1651 2106 1752 2146 Haec
1781 2108 1926 2146 autem
1957 2108 2019 2146 est
2047 2106 2254 2159 scriptura
2286 2119 2416 2149 evan-

1378 2180 1514 2233 gelica
1534 2191 1544 2219 z
1566 2181 1607 2219 et
1626 2178 1721 2218 ideo
1750 2189 1837 2217 non
1858 2179 1921 2217 651
1941 2175 2197 2217 curiositatis
2214 2208 2224 2225 ‚
2246 2177 2319 2217 sed
2337 2177 2417 2217 uti-

1376 2251 1524 2300 litatis,
1548 2250 1583 2289 si
1606 2249 1901 2290 describantur
1935 2248 1980 2287 in
2015 2247 2291 2301 sequentibus
2312 2247 2416 2288 divi-

1377 2322 1453 2373 sio,
1476 2320 1580 2362 ordo
1597 2323 1638 2360 et
1660 2319 1929 2370 sufficientia,
1953 2319 2054 2371 quia
2083 2318 2162 2359 hoc
2182 2317 2415 2360 intenditur

1376 2391 1428 2431 ab
1448 2389 1734 2442 Evangelista.

470 2697 537 2741 IN
574 2697 787 2741 CAPUT
827 2697 1102 2741 PRIMUM.

119 2838 245 2884 ceuqra-
326 2825 364 2862 5.
387 2822 487 2864 Fuit
509 2823 557 2863 in
578 2821 723 2864 diebus
756 2822 939 2865 Herodis
961 2823 1094 2875 reqis,
1117 2824 1194 2862 etc.
1217 2821 1305 2862 Hoc

112 2878 254 2948 8111ζέζῇ
272 2893 548 2945 evangelium
577 2893 725 2944 Lucae,
758 2894 866 2934 sicut
897 2906 1025 2946 supra
1043 2893 1205 2934 dictum
1226 2895 1302 2943 est,

131 2963 238 2998 ⁰Pssris·
271 2964 400 3004 habet
419 2967 602 3016 quatuor
620 2968 758 3017 partes
772 2966 1038 3019 principales,
1054 2965 1099 3004 in
1116 2976 1305 3017 quarum

272 3035 411 3088 prima
432 3035 575 3086 agitur
595 3035 645 3075 de
672 3035 974 3076 incarnationis
999 3036 1216 3088 mysterio,
1240 3046 1307 3075 us-

273 3117 356 3158 que
374 3105 426 3145 ad
443 3104 617 3145 tertium
644 3105 898 3157 capitulum3
916 3107 960 3146 in
982 3105 1165 3146 secunda
1184 3117 1302 3156 vero,

273 3176 324 3217 de
344 3175 591 3217 eruditIOnis
608 3176 882 3227 magisterio,
904 3188 1042 3229 usque
1071 3176 1123 3216 ad
1142 3175 1307 3227 vigesi-

319 3282 327 3302 ¹
351 3282 375 3312 ll
404 3281 525 3320 Maeli„
548 3289 591 3322 11,
615 3283 667 3313 31.
687 3298 727 3305 -
750 3281 761 3299 ²
780 3282 808 3313 Il
833 3282 1002 3321 Ti77z.,111,
1033 3284 1082 3314 16.
1105 3299 1140 3304 ——
1164 3282 1178 3303 ³
1197 3283 1303 3321 Joan„

275 3334 347 3369 xw,
367 3330 419 3362 21.
439 3345 479 3354 -
501 3328 512 3347 ⁴
532 3330 642 3370 Joan„
663 3336 719 3370 xv,
743 3331 792 3361 15.
817 3345 852 3351 —
874 3329 884 3347 ⁵
904 3328 1037 3370 Mami„
1060 3336 1160 3371 xviii,
1181 3330 1211 3363 6.

1379 2688 1502 2717 mum
1522 2674 1781 2724 secundum3
1806 2674 1850 2714 in
1869 2672 2009 2722 tertia,
2031 2672 2081 2713 de
2101 2671 2309 2724 passionis
2329 2683 2413 2712 me-

1379 2748 1630 2795 dicamento,
1652 2745 1742 2787 sive
1777 2743 1964 2785 remedio
1979 2774 1992 2794 ,
2023 2754 2161 2796 usque
2180 2741 2232 2782 ad
2251 2741 2413 2793 vigesi-

1379 2830 1502 2860 mum
1522 2819 1747 2871 quartum3
1775 2816 1821 2856 in
1855 2817 2028 2868 quarta,
2053 2814 2105 2855 de
2135 2813 2412 2854 resurrectio-

1378 2891 1445 2931 nis
1463 2889 1683 2942 trophaeo,
1706 2899 1843 2940 usque
1873 2887 1919 2926 in
1952 2886 2082 2925 finem
2119 2884 2233 2925 libri.
2271 2882 2415 2924 Prima

1378 2973 1492 3015 parS,
1515 2972 1612 3014 quae
1631 2959 1902 3012 prosequitur
1930 2955 2230 2996 incarnationis
2260 2960 2414 3007 myste-

1380 3032 1522 3082 rium,
1561 3031 1688 3071 habet
1723 3032 1810 3070 tres
1846 3030 1986 3081 partes
2028 3040 2036 3066 ε
2076 3026 2258 3080 explicat
2296 3026 2411 3066 enim
2443 3036 2561 3083 Tripie25

1379 3103 1533 3144 Christi
1563 3101 1828 3142 nativitatem
1869 3098 2170 3151 temporalem,
2204 3110 2302 3150 quae
2333 3097 2413 3138 suit
2431 3078 2567 3145 Πξέζζῗζζ

1378 3174 1547 3227 triplex,
1570 3172 1724 3213 scilicet
1744 3172 1788 3211 in
1810 3172 1952 3220 utero,
1987 3172 2196 3222 quantum
2226 3169 2279 3209 ad
2309 3180 2408 3209 con-
2430 3162 2573 3231 {55¹9OEae

1379 3248 1569 3298 ceptum3
1604 3254 1657 3284 ex
1690 3232 1838 3292 utero,
1876 3241 2087 3293 quantum
2125 3239 2176 3281 ad
2212 3241 2385 3293 partum
2396 3253 2407 3291 3

1380 3318 1502 3359 extra
1520 3316 1708 3366 uterum,
1729 3311 1938 3366 quantum
1952 3310 2005 3353 ab
2023 3311 2298 3365 baptismum.
2319 3308 2411 3354 Pri·-.
