2587 3845
21 341 158 376 Magnifi-

20 389 70 408 cus
84 390 159 417 quis.

1122 175 1292 217 CAPUT
1323 175 1353 216 Ι.

179 268 226 308 ut
244 276 385 318 reges,
407 264 643 318 principeS,
680 266 940 316 sacerdotes,
972 265 1199 307 virtuosos.

179 335 429 386 Magnificus
450 335 564 376 enim
584 339 661 386 est,
684 337 757 389 qui
778 337 821 376 in
841 336 957 376 omni
977 347 1101 388 opere
1118 335 1203 375 vir-

177 406 278 446 tutis
297 405 418 457 eligit
449 406 561 458 quod
593 407 817 458 perfectius
847 411 907 446 est
931 418 940 446 :
966 407 1079 446 unde
1112 417 1204 445 ma-

179 476 424 527 gnificentia
441 479 503 517 est
532 477 658 516 decus
689 480 730 518 et
761 479 1060 517 ornamentum
1092 476 1200 516 divi·

178 558 334 588 narum
352 546 726 600 humanarumque
753 548 946 587 omnium
976 547 1199 587 virtutum.

123 619 128 622 “
184 617 363 660 Vocavic
379 617 585 660 adversus
601 629 663 660 me
683 622 859 670 tempus,
892 618 1015 671 quasi
1045 630 1132 657 non
1152 618 1204 657 sit

177 687 291 728 istud
316 700 417 729 casu
436 689 591 729 factum
601 720 614 740 ,
637 689 706 730 sed
728 688 780 729 ad
809 689 889 729 hoc
908 691 1075 741 tempus
1094 688 1200 729 divi-

176 758 292 799 nitus
310 759 531 811 provisum
562 760 574 781 ¹
611 773 619 799 :
645 775 663 798 t(
683 758 839 799 Adesse
870 759 1067 799 festinant
1096 762 1200 800 tem-

176 841 294 881 pora.
317 843 336 866 u
368 829 419 872 Ut
455 832 681 872 contereret
716 830 858 872 electos
884 840 993 872 meos
1012 860 1022 878 ‚
1044 829 1204 870 honore

177 902 250 940 aut
271 900 413 951 gratia
432 900 594 941 caeteris
614 902 807 952 majores.
842 899 959 941 Unde
979 900 1170 953 sequitur
1193 916 1201 940 z

182 970 380 1013 Torcular
404 971 605 1021 calcavit,
644 971 688 1010 in
726 983 810 1023 quo
848 971 1117 1012 vehementia
1135 983 1206 1024 op-

176 1041 404 1093 pressionis
417 1042 677 1093 designatur.
691 1041 743 1082 Et
756 1042 869 1092 dicit,
886 1041 1201 1092 Torcular,etc.,

177 1114 225 1153 ut
243 1112 442 1163 insinuet,
481 1115 528 1152 ut
560 1112 719 1152 dictum
748 1115 836 1162 est,
876 1112 1091 1152 miseriam
1110 1111 1205 1152 reli-

178 1184 375 1236 quiarum
399 1199 408 1225 :
430 1185 633 1237 quoniam
654 1184 759 1224 sicut
786 1184 829 1224 in
850 1184 1051 1224 torculari
1081 1184 1204 1235 quid—

177 1255 279 1306 quid
298 1267 453 1306 purum
473 1258 557 1305 est,
579 1240 814 1306 eliquatur,
855 1258 895 1295 et
923 1255 1035 1306 quod
1070 1254 1205 1306 impu-

176 1335 273 1363 rum
290 1327 366 1374 est,
387 1327 578 1364 remanet
598 1324 640 1363 in
661 1335 882 1376 pressura3
905 1323 1020 1362 sicin
1034 1322 1055 1363 J
1062 1323 1202 1364 udaeo-

175 1404 275 1433 rum
294 1393 508 1434 obsidione
535 1393 696 1434 nobiles
724 1394 896 1434 fuerunt
924 1394 968 1433 in
988 1393 1205 1445 captivita-

175 1465 261 1504 tem
281 1463 409 1515 ducti,
431 1464 642 1517 ignobiles
656 1467 799 1505 autem
813 1468 854 1505 et
866 1476 1070 1517 pauperes
1084 1464 1204 1517 quasi

175 1534 282 1575 aridi
302 1535 498 1576 derelicti.

229 1605 486 1657 Allegorice‚
525 1606 748 1658 maqniftcz·
770 1606 1068 1658 intelliguntur
1087 1617 1202 1658 prae-

176 1675 264 1727 lati,
284 1676 358 1729 qui
378 1679 480 1717 tunc
495 1677 768 1725 auferuntur,
796 1676 966 1728 quando
989 1676 1144 1716 caduca
1164 1679 1205 1717 et

178 1746 292 1796 vilia,
315 1758 411 1799 quae
431 1747 590 1798 exigua
608 1749 725 1795 sunt,
743 1749 958 1798 quaerunt,
980 1758 1139 1797 magna
1159 1748 1201 1787 et

181 1819 340 1856 aeterna
366 1817 665 1869 derelinquunt
689 1818 703 1838 ²
723 1829 733 1856 :
756 1816 946 1857 Adducet
979 1815 1203 1867 magistra-

180 1889 250 1926 tus
263 1887 383 1939 quasi
402 1887 557 1937 lutum,
576 1890 616 1928 et
635 1887 756 1939 quasi
778 1886 932 1939 plastes
955 1886 1206 1927 conculcans

179 1956 376 1999 humum.
399 1972 418 1996 ι)
455 1958 593 2010 Igitur
624 1959 874 1999 auferuntur
901 1959 951 1999 de
980 1958 1143 2008 medio,
1166 1961 1207 1999 et

180 2028 280 2068 mali
299 2040 385 2069 non
402 2031 501 2069 sunt
519 2029 565 2069 in
584 2029 734 2077 medio,
759 2028 831 2069 sed
863 2029 907 2068 in
926 2028 1105 2080 angulo.
1133 2029 1206 2070 De-

179 2099 249 2139 bet
265 2100 378 2140 enim
397 2099 597 2153 praelatus
633 2112 722 2140 esse
759 2099 805 2139 in
837 2100 975 2140 medio
1012 2100 1205 2140 omnium

179 2181 254 2222 per
271 2170 554 2211 humilitatem
578 2171 614 2211 :³
632 2185 650 2209 c(
670 2170 888 2211 Rectorem
898 2173 943 2222 te
957 2172 1203 2223 posueruut,

178 2240 264 2280 noli
283 2241 427 2281 extolli
448 2256 458 2281 ι
481 2244 569 2282 esto
585 2241 630 2281 in
651 2241 747 2290 illis,
769 2241 889 2293 quasi
900 2253 1013 2281 unus
1024 2253 1076 2281 ex
1096 2241 1200 2290 eis;»

177 2311 279 2352 item
307 2324 382 2364 per
416 2313 786 2363 communitatem,
807 2316 854 2353 ut
886 2313 1047 2353 nullius
1067 2326 1206 2366 perso-

176 2393 277 2422 nam
297 2385 480 2435 acceptet
498 2386 512 2408 *
535 2396 544 2423 z
567 2397 586 2420 «
606 2383 648 2423 Si
669 2383 887 2423 dormiatis
908 2384 1019 2423 inter
1045 2384 1206 2424 medies

176 2451 325 2502 cleros,
345 2464 495 2504 peunae
514 2453 721 2493 columbae
744 2453 1044 2503 deargentatae.
1063 2468 1081 2489 ›)
1137 2453 1205 2494 «In

177 2523 356 2563 summis
381 2524 638 2576 excelsisque
666 2524 895 2564 verticibus
922 2537 1051 2577 supra
1072 2525 1202 2575 viam,

176 2593 221 2633 in
239 2594 388 2634 mediis
406 2594 565 2634 semitis
598 2598 712 2635 stans
738 2597 863 2647 juxta
893 2597 1034 2647 portas
1062 2595 1206 2636 civita-

176 2663 228 2702 tis
244 2694 255 2714 ,
290 2663 335 2704 in
366 2664 466 2717 ipsis
497 2664 658 2706 foribus
677 2665 878 2717 loquitur,
901 2665 1056 2716 dicens,
1080 2679 1098 2703 »
1124 2669 1202 2707 etc.

176 2732 280 2776 Item
312 2747 387 2788 per
411 2736 605 2776 omnium
635 2736 881 2788 diligentem
908 2736 1201 2777 consideratio-

175 2818 274 2848 nem
314 2820 322 2846 :
364 2807 378 2829 ⁶
403 2807 670 2859 «Diligenter
707 2819 890 2860 agnosce
920 2807 1093 2849 vultum
1133 2820 1202 2860 pe-

175 2878 282 2918 coris
299 2878 384 2928 tui,
401 2892 420 2915 ›)
453 2881 492 2919 et
512 2882 525 2904 ⁷
561 2893 569 2919 :
601 2893 620 2917 α
642 2879 689 2919 In
715 2879 852 2920 medio
873 2879 1017 2932 populi
1041 2879 1206 2931 polluta

173 2948 284 2990 labia
301 2949 493 2989 habentis
521 2962 603 3002 ego
634 2950 792 2990 habito.
815 2964 834 2987 1>
862 2949 968 2990 Item
994 2961 1069 3002 per
1093 2949 1206 3002 pacis

175 3020 554 3070 confirmationem,
568 3023 606 3061 et
621 3021 982 3061 conservationem
1002 3020 1015 3041 ⁸
1040 3035 1049 3060 ι
1073 3035 1092 3059 (ε
1113 3020 1203 3061 Ste-

175 3089 226 3130 tit
244 3090 362 3132 Jesus
381 3091 427 3131 in
445 3092 583 3132 medio
605 3107 625 3130 υ
658 3093 898 3141 doctorum,
928 3091 995 3132 vel
1019 3092 1205 3144 discipu-

174 3159 331 3212 lorum,
359 3176 378 3199 ε(
396 3164 438 3202 et
457 3162 562 3203 dixit
580 3162 662 3202 illis
685 3178 693 3202 ;
718 3163 807 3204 Pax
819 3162 952 3204 vobis.
975 3177 994 3200 »
1026 3162 1204 3204 vocavit

178 3230 400 3274 adversum
428 3243 503 3284 me,
541 3235 620 3274 etc.
649 3233 705 3273 De
729 3236 816 3274 toto
841 3236 1030 3286 tempore
1059 3233 1203 3285 exige-

220 3361 231 3382 1
258 3361 367 3400 Deut„
389 3369 504 3402 xxxn,
531 3364 583 3395 35.
605 3379 645 3387 —
671 3363 682 3382 ²
708 3363 787 3403 Isa„
815 3371 891 3404 xm,
913 3365 964 3395 25.
982 3380 1022 3386 —
1048 3363 1060 3381 ³
1085 3363 1204 3402 Ecclz'„

178 3411 341 3446 xxx11,1.
364 3426 405 3432 —
426 3408 439 3430 ¹·
457 3409 548 3441 Psal.
574 3418 684 3449 van,
704 3413 754 3443 24.
778 3428 813 3434 —
839 3412 850 3430 ⁵
876 3411 986 3452 Pron,
1011 3418 1093 3451 viu,
1113 3412 1144 3443 2.
1164 3429 1205 3435 —

181 3456 192 3474 ⁶
208 3455 321 3496 Prov„
332 3462 442 3495 xxvll,
457 3456 552 3487 23.—
566 3457 579 3479 ⁷
600 3458 679 3498 lsa„
695 3466 739 3498 v1‚
758 3461 833 3491 5.-
846 3457 859 3480 ⁸
874 3459 965 3497 Lucu,
979 3465 1004 3489 11
1025 3458 1201 3498 463Joan.,

2230 186 2306 225 159

1277 267 1348 305 tur
1379 263 1449 316 (α).
1481 263 1721 304 Bernardus
1742 275 1752 303 ε
1776 264 1928 306 «Sicut
1947 267 2121 319 capillus
2141 271 2303 323 capitis,

1277 334 1337 374 sic
1357 336 1620 374 momentum
1643 334 1694 374 de
1715 338 1902 388 tempore
1924 349 2007 377 non
2023 338 2224 390 peribit.»
2260 341 2308 383 Ut

1278 408 1467 447 conterat
1485 405 1630 447 electos
1644 416 1766 456 meos,
1782 408 1899 446 actus
1918 408 2179 460 condemnet,
2203 422 2309 462 quos

1278 476 1458 528 optimos
1474 476 1720 528 reputabam
1744 490 1752 516 z
1774 476 1787 497 ⁹
1804 491 1823 514 α
1846 477 1918 517 Est
1931 478 2014 527 via,
2029 491 2126 531 quae
2140 481 2309 521 videtur

1278 546 1444 586 homini
1462 549 1588 597 recta,
1605 549 1646 587 et
1666 547 1897 588 novissima
1926 548 1999 601 huj
2009 561 2056 590 us
2074 550 2237 591 ducunt
2254 552 2306 593 ad

1278 616 1551 657 interitum.»
1592 617 1637 657 In
1666 618 1866 658 torculari
1904 620 2100 671 angustia
2136 621 2310 662 tribula-

1278 686 1430 737 tionis,
1470 699 1554 727 non
1591 689 1891 740 poenitentialis
1924 690 2176 744 intelligitur
2216 707 2225 733 ε
2263 693 2309 733 in

1278 756 1477 798 torculari
1502 757 1614 798 enini
1650 758 1800 799 vinum
1833 760 2070 813 eliquatur,
2102 774 2185 815 quo
2216 764 2310 803 refi-

1278 827 1448 868 ciuntur
1469 828 1662 869 homines
1684 843 1692 869 :
1715 833 1936 871 remanent
1953 832 2097 883 faeceS,
2121 846 2217 886 quae
2243 834 2310 875 de-

1278 898 1523 950 primuntur
1542 911 1552 939 :
1575 899 1632 939 sic
1651 911 1726 952 per
1759 901 2048 952 poenitentiam
2079 903 2195 944 electi
2216 916 2310 956 pro-

1278 969 1433 1010 bantur
1465 970 1516 1010 ad
1546 983 1738 1011 mensam
1775 971 1964 1024 Domini,
1988 976 2029 1014 et
2061 974 2306 1027 rapiuntur;

1279 1040 1379 1081 mali
1412 1041 1663 1093 affliguntur
1679 1075 1688 1092 ‚
1711 1044 1751 1082 et
1772 1044 2124 1085 murmurationis
2160 1046 2310 1087 merito

1278 1112 1452 1152 internis
1483 1113 1688 1153 incendiis
1722 1114 2049 1156 comburuntur.
2085 1116 2200 1157 Unde
2234 1130 2310 1170 pro

1278 1182 1399 1222 bonis
1430 1183 1583 1223 dicitur
1610 1183 1666 1224 ¹⁰:
1698 1199 1716 1222 ε(
1735 1183 1912 1225 Lavabit
1949 1186 1993 1226 in
2031 1187 2132 1227 vino
2159 1188 2309 1229 stolam

1279 1264 1420 1302 suam,
1454 1256 1494 1293 et
1514 1253 1556 1292 in
1583 1254 1790 1305 sanguiue
1811 1267 1908 1295 uvae
1929 1256 2104 1308 pallium
2122 1270 2298 1300 suum.»

1279 1322 1335 1363 De
1368 1323 1489 1363 malis
1509 1325 1534 1346 ¹¹
1567 1339 1576 1363 ι
1606 1324 1698 1364 «Ut
1734 1325 1875 1365 lutum
1902 1327 2137 1378 platearum
2163 1329 2309 1370 delebo

1279 1404 1364 1433 eos.
1403 1408 1420 1429 n
1466 1393 1539 1434 Vel
1571 1394 1778 1445 torcular,
1821 1398 2054 1436 secundum
2097 1398 2306 1449 Glossam‚

1279 1467 1340 1504 est
1379 1465 1516 1517 passio
1555 1464 1707 1505 Christi
1740 1468 1768 1488 ¹²
1804 1482 1812 1507 ε
1856 1483 1874 1506 «
1914 1467 2115 1509 Torcular
2152 1470 2310 1511 calcavi

1279 1535 1425 1576 solus:
1455 1551 1473 1573 »
1512 1538 1552 1576 et
1587 1540 1756 1589 propter
1793 1538 1874 1578 hoc
1915 1539 2064 1580 vinum
2102 1541 2310 1592 premitur

1279 1606 1329 1646 de
1365 1606 1671 1658 torcularibus,
1706 1608 1748 1648 id
1778 1611 1839 1648 est
1871 1609 1984 1649 salus
2021 1610 2071 1650 de
2109 1611 2310 1653 imitatio-

1279 1676 1405 1716 nibus
1436 1678 1657 1718 dominicae
1701 1679 1918 1731 passionis.
1959 1680 2009 1720 Et
2048 1685 2183 1734 potest
2220 1696 2308 1725 esse

1278 1749 1422 1789 thema
1461 1750 1505 1790 in
1545 1750 1737 1802 passione
1783 1765 1791 1791 :
1830 1751 1929 1803 quia
1959 1753 2099 1805 primo
2135 1758 2309 1796 notatur

1278 1820 1483 1872 passionis
1525 1821 1728 1872 angustia
1765 1821 1808 1861 iu
1844 1823 2063 1874 torculari,
2100 1827 2305 1878 secundo,

1279 1891 1474 1944 patientis
1517 1892 1702 1943 potentia
1747 1892 1791 1931 in
1830 1893 2055 1935 calcatione
2091 1897 2280 1948 eJ'usdem
2295 1912 2305 1948 ;

1278 1962 1415 2012 tertio,
1432 1962 1616 2001 efficacia
1635 1964 1806 2002 notatur
1822 1963 1866 2002 in
1885 1964 2055 2016 virgine
2073 1965 2159 2005 filia
2172 1966 2191 2007 J
2199 1967 2305 2008 udae.

1334 2036 1398 2073 16.
1422 2033 1586 2075 Idcirco
1614 2043 1685 2086 esso
1709 2034 1910 2086 plorans,
1933 2039 2011 2076 etc.
2039 2036 2142 2077 Ecce
2163 2050 2306 2080 conse·

1279 2117 1414 2157 quens
1441 2105 1643 2157 praedicta
1673 2105 1843 2157 flagella
1877 2106 2076 2147 desolatio
2109 2108 2308 2161 reliquia-

1278 2189 1392 2227 rum,
1415 2177 1487 2217 ubi
1508 2177 1644 2229 primo
1664 2179 1884 2230 praemittit
1903 2178 2222 2232 desolationem;
2246 2195 2309 2223 se-

1279 2247 1415 2287 cundo
1436 2247 1700 2289 desolationis
1733 2249 2013 2290 intensionem
2037 2264 2046 2291 ε
2069 2252 2110 2291 E
2113 2255 2129 2294 c
2165 2253 2308 2295 oculus

1277 2328 1416 2367 77162183
1457 2318 1579 2359 tertio
1630 2319 1856 2372 utriusque
1901 2321 2106 2361 rationem
2142 2337 2150 2363 :
2194 2324 2302 2370 Quia

1279 2387 1411 2439 lonqe.
1426 2388 1531 2429 Huic
1542 2390 1761 2430 sententiae
1774 2391 2303 2445 praemittiturlitteraAin,

1279 2458 1390 2509 quod
1411 2459 1711 2511 iuterpretatur
1740 2462 1869 2510 Fons,
1893 2462 1982 2502 sive
2016 2464 2174 2514 oculus,
2197 2465 2305 2506 allu-

1279 2528 1380 2568 dens
1397 2529 1615 2569 sententiae
1635 2531 1847 2582 sequenti,
1870 2531 1913 2571 in
1935 2545 2019 2584 qua
2039 2534 2170 2584 oculi,
2191 2536 2306 2577 velut

1277 2600 1431 2649 fontes,
1454 2612 1664 2652 aquarum
1703 2601 1962 2642 abundantia
1994 2603 2193 2646 dicuntur
2217 2606 2308 2647 irri-

1278 2669 1368 2721 gui.
1392 2669 1496 2710 Dicit
1514 2682 1619 2722 ergo
1643 2685 1652 2711 :
1682 2670 1845 2714 Idcirco
1867 2683 1938 2726 690
1953 2674 2144 2726 plorans,
2167 2676 2209 2717 id
2227 2680 2305 2727 est,

1277 2752 1383 2792 gens
1413 2741 1596 2781 residua.
1640 2741 1924 2795 Hieronymus
1957 2747 2100 2786 tamen
2133 2748 2306 2800 exponit

1277 2810 1359 2851 hoc
1378 2810 1428 2851 de
1457 2811 1660 2864 propheta
1681 2812 1876 2854 Jeremia.
1901 2813 2000 2855 Inde
2019 2815 2200 2858 intensio
2229 2819 2306 2859 do-

1276 2881 1378 2922 loris
1403 2882 1598 2923 subditur
1639 2897 1646 2922 :
1687 2883 1909 2926 Elocutus
1944 2896 2061 2928 meus
2099 2887 2308 2932 deducens

1277 2963 1453 3005 aquam,
1475 2953 1517 2993 id
1544 2956 1617 3005 est,
1642 2966 1844 3006 magnam
1875 2955 2162 3009 lacrymarum
2183 2960 2308 3001 inun-

1277 3023 1478 3075 dantiam,
1500 3026 1542 3064 et
1561 3024 1717 3064 fontem
1736 3025 2036 3078 lacrymarum.
2063 3028 2215 3083 Supra,
2238 3044 2305 3072 ca-

1276 3095 1408 3147 pitulo
1437 3095 1583 3135 eodem
1605 3097 1634 3120 ¹³
1657 3109 1664 3134 :
1698 3110 1717 3132 «
1738 3095 1927 3148 Ploraus,
1963 3099 2160 3152 ploravit,
2182 3117 2201 3140 n
2226 3105 2303 3143 etc.

1280 3165 1388 3211 Quia
1406 3165 1523 3218 lonye
1540 3180 1548 3205 ε
1571 3176 1664 3205 ecce
1682 3166 1786 3206 ratio
1804 3166 2086 3220 desolationis,
2110 3172 2302 3212 subtrac-

1277 3235 1335 3276 tio
1357 3236 1511 3279 divinae
1531 3236 1848 3288 consolationis,
1871 3241 1912 3278 et
1928 3242 2138 3282 execratio
2158 3243 2304 3296 populi

1276 3357 1334 3388 xx,
1357 3350 1408 3387 19,
1425 3350 1476 3380 26.
1493 3366 1534 3371 -
1550 3350 1561 3367 ⁹
1582 3348 1693 3388 Pron„
1713 3355 1786 3388 xvi,
1803 3351 1854 3382 25.
1868 3367 1909 3374 -
1932 3351 1954 3373 ¹⁰
1972 3351 2065 3392 Gen„
2085 3361 2178 3393 mx,
2198 3356 2247 3387 11.
2267 3372 2303 3378 -

1279 3396 1299 3414 ¹¹
1317 3395 1409 3427 Psal.
1429 3404 1516 3436 xvn,
1533 3397 1629 3428 43.—
1651 3397 1675 3418 ¹2
1694 3396 1772 3436 lsa„
1796 3404 1896 3439 Lxffl,
1914 3399 1944 3430 3.
1967 3416 2003 3421 -
2027 3400 2050 3421 ¹³
2073 3400 2202 3440 Taren„
2223 3410 2248 3442 1,
2273 3405 2305 3435 2.

1321 3460 1365 3502 (a)
1387 3461 1468 3493 Caet.
1490 3460 1569 3492 edit.
1591 3459 1808 3501 exigentiam.
