2587 3845
1075 174 1244 216 CAPUT
1272 175 1375 217 XIV.

215 274 282 312 21.
319 269 378 310 Et
401 267 486 309 hoec
520 266 606 318 fuit
630 266 731 309 vitoe
758 265 956 307 humance
983 263 1185 314 deceptio,

165 342 205 382 id
225 341 284 380 est
309 349 434 378 causa
454 337 723 390 deceptioniS‚
747 334 1093 386 causa,inquam,
1116 334 1189 374 du-

4 431 7 464 2
44 426 113 454 Vitae
164 410 280 463 pleiz,
316 408 438 461 quasi
475 407 631 460 duplex
671 406 818 446 mortis
858 406 1001 456 porta,
1037 403 1190 443 scilicet

0 468 140 539 ζὲζζζῗιῗ
165 491 284 521 amor
315 482 355 519 et
381 479 527 529 timor,
567 477 802 518 secundum
840 475 1027 515 Glossam
1064 485 1190 526 super

0 537 122 581 ³⁴⁶⁰P10x'
165 549 270 590 illud
308 549 471 590 Psalmi
508 549 518 570 ¹
556 562 565 588 t
611 562 630 585 <‹
666 547 840 587 Incensa
874 545 988 596 igni,
1030 546 1071 584 et
1104 545 1190 584 suf-

4 621 5 629 *
167 621 289 669 fossa,
310 634 329 658 n
347 621 423 660 etc.
448 619 662 670 Quoniam
679 621 819 659 autem
831 615 1019 668 affectui,
1036 615 1192 655 scilicet

168 690 363 745 proprio,
384 690 430 730 in
447 689 725 730 honoratione
751 686 985 727 amicorum
998 716 1009 734 ,
1032 688 1107 726 aut
1129 696 1192 726 re-

169 760 290 814 qibus
308 791 319 810 ‚
358 759 404 799 in
443 758 715 801 veneratione
745 758 990 809 potentum3
1016 754 1159 794 Glossa
1182 768 1190 794 :

177 847 195 870 «
216 831 284 871 Sic
307 842 382 883 per
411 830 607 884 populos,
630 828 697 869 vel
719 827 918 878 regiones
940 826 991 877 (a)
1008 857 1017 874 ‚
1040 825 1197 866 scilicet

172 913 259 954 prae
280 900 536 948 adulatione,
555 898 624 941 vel
640 909 728 951 prae
748 898 899 938 timore
912 928 923 946 ,
949 896 1068 937 varia
1078 907 1196 935 sacra

173 973 362 1024 suscepta
381 972 501 1020 sunt,
520 970 622 1011 dum
660 969 855 1010 homines
893 967 1005 1019 grati
1044 979 1133 1007 esse
1152 967 1198 1006 in

172 1054 271 1084 suos
303 1042 514 1096 principes
533 1041 710 1094 cupiunt
734 1053 742 1079 ε
771 1054 790 1078 ))
836 1039 1133 1088 deservientes,
1156 1038 1199 1079 id

175 1116 258 1164 est,
296 1113 444 1154 devote
473 1112 725 1162 servientes,
747 1111 960 1160 homines,
984 1113 1128 1149 contra
1148 1109 1196 1149 il-

174 1184 248 1224 lud
294 1184 308 1204 ²
341 1196 350 1222 :
392 1181 564 1223 «Nolite
602 1181 709 1221 effici
745 1180 857 1221 servi
901 1180 1151 1228 hominum3
1175 1193 1194 1216 >)

176 1253 569 1295 Incommum'cabtle
587 1263 759 1294 nomen:
778 1252 920 1292 Glossa
944 1266 952 1292 x
983 1266 1001 1288 «
1023 1251 1093 1291 Dei
1114 1262 1200 1290 om-

176 1322 417 1375 nipotentis,
440 1321 540 1374 quia
559 1322 715 1361 scilicet
733 1322 893 1370 forma,
916 1333 940 1360 a
961 1333 1045 1372 qua
1064 1320 1201 1371 impo-

2 1380 3 1385 Ἰ
40 1415 157 1443 Demo-
176 1393 304 1433 situm
322 1394 385 1432 est
406 1403 563 1432 nomen
589 1391 719 1441 illud,
754 1391 884 1441 Deus,
914 1390 1200 1430 incommuni-

2 1464 84 1484 ,men
115 1455 158 1516 in:
176 1462 320 1504 cabilis
340 1464 402 1502 est
423 1462 627 1502 creaturis
641 1494 651 1512 ,
675 1461 1040 1502 communicabilis
1060 1464 1203 1500 tamen

2 1522 5 1527 ’
24 1504 146 1582 ffissffe
176 1535 239 1574 est
255 1532 444 1585 personis
464 1532 618 1573 divinis
643 1547 651 1573 :
675 1532 893 1584 lapidibus
914 1535 951 1573 ct
972 1532 1103 1584 lignis
1124 1532 1201 1572 im-

2 1580 157 1606 'matuns
172 1607 420 1658 posuerunt,
443 1605 587 1644 contra
606 1603 708 1644 illud
728 1606 985 1656 praeceptum
1006 1604 1018 1625 ³
1043 1618 1051 1643 :
1070 1618 1088 1641 «
1110 1602 1204 1644 Non

176 1688 363 1717 assumes
391 1671 547 1717 nomen
579 1675 650 1716 Dei
679 1676 742 1716 tui
779 1676 825 1716 in
855 1688 1032 1716 vanum.
1067 1690 1085 1712 »
1124 1674 1204 1716 Sed

177 1750 322 1789 contra
340 1748 381 1787 ⁶:
410 1762 430 1786 «
450 1747 543 1798 Ego
565 1747 759 1787 constitui
780 1750 822 1787 te
852 1747 987 1787 Deum
1022 1746 1204 1787 Pharao-

177 1818 257 1858 nis.
282 1832 301 1856 »
337 1817 441 1858 Item
472 1817 518 1856 in
553 1817 716 1858 Psalmo
738 1820 750 1842 ὅ
782 1831 791 1858 :
832 1817 962 1868 «Ego
1000 1816 1118 1856 dixi:
1143 1815 1206 1855 Dii

1 1940 3 1948 .
180 1888 295 1938 estis,
315 1902 335 1926 ))
360 1891 438 1928 etc.
460 1899 470 1928 :
498 1899 604 1939 ergo
623 1899 780 1927 nomen
798 1887 871 1927 Dei
891 1889 952 1927 est
966 1886 1206 1926 communi·

1 1954 4 2002 l
52 1980 133 2004 neus
181 1957 312 1997 cabile
334 1957 546 1997 creaturis.
578 1956 826 2007 Dicendum,
850 1957 965 2008 quod
996 1956 1106 1996 Deus
1127 1956 1206 1996 tri-

23 2021 163 2088 {¹2¹3ssss
181 2027 341 2080 pliciter
353 2027 519 2078 dicitur⁷
539 2029 705 2078 natura,
731 2027 968 2080 adoptione,
990 2038 1207 2079 nuncupa-

2 2090 81 2160 im..
182 2098 326 2139 tione:
357 2098 495 2150 primo
532 2098 657 2139 modo
687 2100 749 2138 est
778 2097 1176 2138 incommunicabile
1193 2112 1203 2148 ;

182 2168 364 2209 secundo
381 2169 519 2219 modo,
540 2181 640 2209 non.
664 2169 743 2209 Sed
758 2172 916 2218 contra,
930 2170 1030 2221 quia
1043 2168 1205 2209 Christo

181 2238 345 2279 homini
363 2239 723 2280 communicatum
741 2242 803 2280 est
820 2251 977 2280 nomen
991 2239 1202 2280 divinum.

183 2308 299 2350 Unde
319 2312 333 2334 ⁶
356 2323 365 2349 z
392 2324 412 2348 «
433 2309 550 2350 Dedit
577 2309 638 2349 illi
656 2322 833 2359 nomen,
855 2310 969 2362 quod
989 2312 1052 2349 est
1082 2321 1207 2362 super

2 2390 5 2441 ξ
49 2399 163 2428 Christo
182 2390 308 2419 omne
326 2391 497 2419 nomen.
514 2393 533 2416 n
553 2378 633 2420 Sed
655 2379 879 2419 dicendum
891 2411 900 2427 ‚
918 2379 1030 2431 quod
1045 2391 1131 2419 non
1146 2381 1208 2419 est

2 2478 3 2484 ,
33 2439 156 2473 ¹²⁰mini’
184 2450 542 2489 communicatum
555 2461 642 2489 non
655 2449 825 2488 habenti
845 2449 976 2500 prius,
998 2450 1068 2489 sed
1088 2449 1208 2489 aliter

2 2493 3 2510 i
57 2488 156 2508 uomo-

2 2523 5 2574 ξ
37 2491 81 2549 ‘310
100 2529 164 2567 1³⁰1
185 2531 311 2570 quam
330 2519 462 2571 prius,
485 2518 586 2571 quia
606 2518 686 2558 hoc
704 2530 859 2558 nomen
887 2531 1078 2570 personae
1105 2530 1205 2560 con-

27 2564 165 2648 31²1?sz
184 2590 314 2638 venit,
336 2600 423 2629 non
441 2592 620 2639 naturae,
641 2588 794 2628 scilicet
815 2588 1033 2640 humanae,
1054 2589 1124 2629 sed
1144 2592 1206 2629 ta-

27 2651 159 2712 ffiffffl'
184 2671 282 2699 men
301 2659 471 2699 habenti
499 2662 696 2699 naturam
727 2659 976 2699 humanam.
1005 2659 1069 2699 Ad
1089 2659 1205 2710 illud,

2 2775 3 2785 2
183 2729 296 2782 quod
327 2729 523 2781 objicitur
549 2744 557 2770 :
582 2745 602 2768 ε(
621 2729 739 2770 Dedit
767 2730 829 2769 illi
859 2741 1034 2780 nomen,
1063 2743 1083 2767 x>
1110 2732 1206 2780 etc.‚

1 2793 4 2839 l
183 2799 428 2850 dicendum,
451 2800 565 2852 quod
593 2800 704 2840 datio
724 2799 808 2839 illic
831 2800 878 2852 (b)
910 2800 1113 2852 accipitur
1131 2812 1207 2852 pro

183 2870 532 2911 manifestatione.
562 2870 637 2912 Vel
654 2870 776 2913 dedit
795 2871 864 2912 illi
884 2870 928 2910 in
947 2874 1100 2911 natura
1124 2871 1206 2911 hu-

183 2951 323 2990 mana,
344 2941 420 2993 qui
439 2941 558 2993 prius
585 2941 766 2982 habebat
786 2941 831 2981 in
850 2941 1008 2983 divina.

236 3013 303 3051 22.
325 3012 380 3052 Et
401 3021 486 3054 non
504 3010 743 3064 suffecerat3
757 3012 827 3052 hic
844 3012 1037 3064 tangitur
1056 3011 1208 3052 ultima

186 3092 310 3122 causa
328 3081 615 3122 detestationis
635 3082 870 3132 idolorum,
892 3085 1059 3135 sumpta
1079 3083 1131 3122 ab
1152 3082 1209 3122 ef-

1 3162 5 3197 1
185 3150 296 3191 fectu
312 3151 513 3192 humanae
534 3152 830 3205 corruptionis.
863 3152 914 3193 Et
944 3153 1082 3204 primo
1112 3154 1206 3192 tan-

187 3219 304 3270 gitur
331 3221 377 3261 in
408 3221 637 3263 idololatris
667 3223 889 3264 excaecatio
921 3223 1102 3273 mentis3
1139 3235 1208 3264 se-

2 2243 6 2261 ν

231 3348 241 3369 ¹
261 3348 350 3381 Psal.
370 3358 492 3390 Lxx1x,
519 3354 569 3385 17.
595 3370 630 3376 -
653 3354 667 3376 ²
690 3354 699 3385 Ι
724 3354 815 3394 σωκ,
835 3361 905 3394 v11,
927 3355 977 3387 23.
998 3371 1039 3378 --
1057 3353 1068 3372 ³
1088 3352 1209 3394 Eoeod.,

187 3403 250 3430 xx·
277 3396 308 3426 7·
328 3412 369 3420 —
400 3397 411 3415 ⁴
438 3399 558 3437 Eaeod„
581 3408 652 3440 vn,
683 3403 709 3432 1.
734 3417 774 3423 -·
806 3402 819 3422 ⁵
845 3400 937 3432 Psal.
963 3408 1086 3440 Lxxxi,
1113 3402 1143 3432 6.
1169 3418 1210 3424 —

190 3441 202 3459 ⁶
220 3440 358 3482 Philip„
376 3451 420 3483 11,
442 3446 472 3476 9.
495 3462 534 3470 -
554 3448 563 3466 ⁷
581 3447 674 3494 sap„
696 3455 774 3488 xm,
796 3450 824 3479 1.
847 3466 882 3471 -
905 3449 916 3467 ὃ
939 3447 1019 3487 lob,
1042 3454 1137 3486 xxiv,
1159 3447 1208 3478 13·

2209 178 2281 216 101

1262 263 1400 304 cundo
1412 261 1624 314 corruptio
1636 259 1798 313 operis:
1814 260 1899 302 Aut
1913 261 2026 302 enim
2042 261 2169 312 filios,
2189 264 2285 312 etc.;

1262 334 1385 375 tertio
1393 331 1694 372 rationabilitas
1706 329 1998 370 excaecationis
2008 334 2049 370 et
2060 332 2289 384 corruptio-

1265 404 1329 443 nis
1345 418 1353 443 :
1369 404 1424 444 Et
1445 402 1603 451 omnia,
1621 402 1717 448 etc.;
1736 402 1887 451 quarto
1901 412 2026 440 causa
2039 401 2286 453 utriusque:

1265 473 1562 525 Infandorum,
1585 475 1661 512 etc.
1684 470 1788 510 Dicit
1808 482 1937 522 ergo:
1954 471 2006 512 Et
2021 482 2106 513 non
2116 471 2288 525 suffece-

1267 548 1335 586 rat
1350 553 1510 585 errasse
1523 552 1589 583 eos
1606 556 1615 591 3
1639 540 1783 581 Glossa
1804 556 1837 581 :«
1855 541 1958 581 Cum
1973 541 2076 581 falsa
2085 541 2292 593 religione

1267 614 1466 655 omnibus
1497 612 1608 653 vitiis
1640 624 1683 652 se
1710 611 1971 652 subdiderint
1996 626 2006 661 ;
2044 626 2062 648 »
2101 621 2291 661 errasse,

1267 684 1464 736 inquam,
1488 682 1643 722 scilicet
1662 682 1777 723 circa
1797 682 1875 723 Dei
1898 683 2121 724 scientiam
2135 714 2148 734 ,
2170 681 2213 722 id
2232 683 2294 722 est

1269 755 1395 795 fidem
1412 754 1425 775 ⁷
1444 767 1452 793 :
1477 768 1495 790 ι(
1514 752 1620 794 Vani
1642 754 1743 792 sunt
1764 764 1909 792 omnes
1926 752 2121 792 homines
2143 752 2189 791 in
2208 751 2298 804 qui-

1269 825 1348 865 bus
1378 836 1465 864 non
1506 824 1648 863 subest
1687 822 1861 862 scientia
1891 821 1977 862 Dei.
2012 836 2031 859 »
2071 821 2151 863 Sed
2180 825 2220 865 ei
2248 823 2298 864 in

1270 905 1420 947 magno
1452 894 1641 935 viventes
1673 893 1935 943 inscientioe,
1957 892 1999 932 id
2029 894 2091 932 est
2120 892 2299 933 infideli-

1270 968 1388 1017 tatis,
1412 967 1535 1016 bello,
1556 977 1631 1018 per
1662 977 1791 1018 quam
1823 965 1977 1005 scilicet
2008 964 2299 1005 infidelitatem

1274 1039 1478 1079 adversus
1500 1037 1633 1077 Deum
1663 1036 1843 1085 bellant3
1877 1035 1989 1076 unde
2008 1035 2080 1077 Job
2105 1034 2119 1056 ⁸
2143 1049 2152 1075 :
2181 1050 2199 1072 α
2220 1034 2301 1088 Ipsi

1272 1110 1444 1150 fuerunt
1463 1106 1638 1147 rebelles
1653 1105 1808 1146 lumini
1822 1120 1831 1155 ;
1844 1119 1862 1142 ›>
1888 1108 1950 1148 tot
1964 1137 1973 1155 ‚
1997 1105 2150 1146 scilicet
2162 1106 2301 1158 quoad

1273 1190 1523 1228 numerum,
1548 1180 1689 1218 ettam
1719 1186 1875 1227 incana
1906 1177 2117 1228 quantum
2149 1176 2202 1216 ad
2234 1176 2298 1216 in-

1275 1250 1508 1290 tensionem
1521 1279 1530 1295 ,
1548 1247 1615 1287 vel
1631 1248 1839 1300 quantum
1853 1246 1905 1286 ad
1923 1246 2157 1286 durationis
2172 1258 2302 1298 quan-

1275 1321 1458 1367 titatem,
1481 1319 1617 1367 mala,
1647 1319 1856 1369 quantum
1881 1315 1933 1356 ad
1964 1315 2299 1364 deformitatem;

1278 1394 1354 1436 tot,
1376 1389 1570 1440 inquam,
1589 1391 1626 1429 et
1649 1389 1734 1427 tam
1754 1395 1909 1436 magma
1928 1385 2063 1434 mala,
2087 1385 2130 1424 in
2149 1384 2305 1437 quibus

1277 1460 1432 1500 scilicet
1450 1459 1625 1507 vivunt,
1645 1467 1791 1508 pacem
1813 1444 2052 1508 appellant,
2072 1455 2305 1496 secundum

1277 1532 1380 1571 illud
1399 1532 1412 1552 ⁹
1437 1545 1444 1570 :
1476 1544 1494 1567 (ι
1514 1532 1564 1569 Et
1583 1541 1673 1569 esse
1693 1528 1771 1568 sub
1795 1527 1985 1568 sentibus
2010 1526 2177 1567 delicias
2195 1539 2307 1567 com·

1277 1601 1503 1654 putabant3
1527 1615 1545 1636 »
1572 1601 1612 1638 et
1631 1599 1836 1640 Jeremias
1858 1600 1887 1622 ¹0
1909 1611 1949 1636 :<‹
1968 1596 2157 1636 Dicentes
2173 1611 2182 1636 ε
2201 1595 2304 1646 Pax,

1278 1684 1380 1724 pax;
1398 1673 1437 1710 et
1457 1682 1543 1709 non
1564 1672 1654 1709 erat
1674 1681 1770 1721 pax.
1789 1682 1808 1705 ›>
1829 1666 1973 1708 Glossa
1992 1681 2000 1706 :
2029 1680 2049 1705 c<
2067 1665 2155 1707 Sub
2170 1678 2307 1718 regno

1279 1742 1454 1790 diaboli,
1476 1741 1656 1781 diversis
1682 1739 1794 1781 vitiis
1827 1738 2028 1790 subjecti,
2052 1749 2198 1785 veram
2232 1750 2306 1791 pa-

1279 1826 1371 1855 cem
1392 1813 1546 1853 habere
1563 1824 1649 1853 non
1670 1813 1880 1864 poterant.
1898 1823 1918 1847 2>

1335 1889 1400 1926 23.
1430 1885 1516 1926 Aut
1541 1884 1679 1933 enim,
1701 1884 1778 1922 etc.
1811 1880 1888 1921 Hic
1919 1880 2141 1920 enumerat
2171 1878 2307 1929 mala,

1280 1955 1436 2009 quibus
1476 1966 1602 2007 opere
1646 1954 1745 1993 sunt
1776 1951 1963 2003 corrupti
1997 1965 2006 1991 ε
2047 1949 2187 2002 primo
2219 1961 2311 1989 ma-

1279 2027 1371 2068 lum
1416 2025 1649 2079 specialiter
1678 2022 1952 2064 commissum
1989 2020 2035 2061 in
2057 2020 2223 2070 Deum;
2249 2032 2312 2060 se-

1281 2097 1419 2138 cundo
1470 2094 1706 2148 specialiter
1757 2092 2035 2133 commissum
2070 2090 2114 2130 in
2153 2102 2217 2139 se,
2271 2093 2314 2131 et

1280 2170 1326 2209 in
1343 2167 1587 2221 proximum
1605 2165 1767 2216 :Neque
1786 2164 1934 2212 vitam,
1951 2163 2028 2202 etc.
2043 2161 2163 2203 Dicit
2177 2172 2310 2213 ergo:

1281 2240 1371 2281 Aut
1418 2238 1530 2279 enim
1581 2235 1694 2286 filios
1744 2244 1842 2286 suos
1883 2232 2176 2283 sacrificantes
2192 2262 2203 2280 ‚
2246 2242 2309 2271 se-

1282 2309 1467 2350 cundum
1506 2306 1610 2347 illud
1642 2305 1803 2346 Psalmi
1833 2302 1860 2325 ¹¹
1895 2318 1903 2344 :
1933 2317 1953 2341 α
1981 2302 2033 2343 Et
2063 2301 2310 2343 immolave-

1281 2382 1381 2420 runt
1414 2377 1523 2417 filios
1555 2387 1654 2416 suos
1683 2378 1724 2415 et
1753 2374 1862 2414 filias
1890 2385 1990 2413 suas
2021 2372 2258 2413 daemoniis.
2287 2386 2306 2410 »

1284 2449 1333 2491 Et
1352 2447 1586 2490 Ezechielis
1626 2446 1657 2471 ¹²
1692 2459 1700 2484 :
1725 2460 1743 2483 (ι
1765 2443 1980 2495 Numquid
2001 2455 2133 2495 parva
2152 2445 2215 2482 est
2232 2443 2313 2483 for-

1282 2518 1436 2560 nicatio
1462 2517 1564 2557 tua?
1598 2514 1829 2555 Immolasti
1856 2513 1965 2554 filios
1998 2524 2142 2562 meos,
2165 2515 2205 2552 et
2237 2512 2309 2553 de-

1283 2589 1380 2629 disti
1399 2589 1491 2628 illos
1511 2596 1759 2627 consecrans
1779 2584 1838 2624 eis
1861 2597 1870 2624 t
1894 2597 1913 2620 n
1936 2582 2056 2635 quia,
2080 2582 2187 2622 sicut
2212 2582 2310 2623 dicit

1284 2658 1457 2707 Glossa,
1492 2657 1537 2697 in
1567 2655 1695 2696 sacris
1726 2654 1928 2704 Saturni,
1962 2656 2131 2705 propter
2165 2652 2312 2693 odium

1282 2728 1420 2777 Jovis‚
1442 2727 1532 2767 sine
1559 2727 1752 2778 respectu
1785 2724 1951 2777 pietatis
1980 2735 2080 2764 suos
2111 2722 2312 2775 parvulos

1281 2798 1571 2839 immolabant.
1594 2796 1681 2838 Aut
1700 2795 1875 2837 obscura
1895 2793 2115 2844 sacrificia
2147 2793 2311 2844 sacien-

1284 2873 1361 2920 tes,
1383 2869 1587 2916 obscura,
1611 2866 1651 2907 id
1681 2868 1764 2916 est,
1788 2868 2019 2915 nocturna,
2051 2864 2159 2904 sicut
2188 2864 2314 2904 fiebat

1283 2938 1517 2980 secundum
1541 2936 1729 2977 Glossam
1748 2936 1793 2976 in
1812 2935 1940 2975 sacris
1956 2934 2126 2976 Osiridis
2145 2933 2310 2987 AEgyp-

1282 3010 1372 3060 tiae,
1395 3010 1436 3048 et
1455 3006 1638 3057 caeteris‚
1662 3017 1759 3058 quae
1777 3017 1895 3045 sacra
1914 3005 2154 3046 ardentium
2178 3005 2312 3045 taeda-

1282 3092 1379 3121 rum
1397 3077 1624 3132 jactatione
1645 3075 1965 3116 celebrabantur
1997 3089 2007 3115 :
2032 3078 2106 3117 aut
2126 3075 2313 3117 insaniae

1280 3151 1429 3204 plenas
1463 3147 1639 3200 viqilias
1677 3146 1869 3188 habentes
1890 3158 1907 3197 ;
1945 3146 1991 3186 in
2029 3146 2158 3186 sacris
2196 3146 2311 3186 enim

1282 3220 1434 3262 Bacchi
1451 3223 1492 3260 et
1510 3217 1683 3271 Cybeles
1704 3217 1852 3257 matris
1874 3216 2076 3267 Deorum,
2097 3216 2147 3257 ad
2168 3227 2310 3256 exem-

1282 3348 1318 3355 -
1341 3332 1352 3350 ⁹
1371 3329 1447 3370 Iob,
1469 3336 1557 3368 xxx,
1584 3328 1616 3358 7.
1633 3344 1675 3351 —
1702 3328 1726 3349 ¹⁰
1751 3327 1858 3367 Hier„
1877 3334 1929 3367 vt,
1956 3326 2005 3358 14.
2033 3342 2068 3348 —
2098 3325 2123 3348 ¹¹
2147 3324 2236 3359 Psal.
2256 3332 2311 3369 ev,

1283 3381 1336 3411 37.
1359 3395 1399 3401 —-
1421 3378 1444 3398 ¹2
1464 3375 1594 3415 Ezeeh„
1615 3382 1686 3412 xw,
1713 3376 1767 3406 20.

1327 3444 1367 3484 (α)
1392 3443 1472 3476 Caet.
1488 3440 1566 3472 edit.
1587 3439 1779 3480 religiones.
1798 3455 1837 3462 --
1860 3437 1904 3479 (b)
1924 3412 2006 3469 lItem
2024 3436 2082 3470 illi.
