2634 3853
1000 147 1273 189 EXPOSITIO
1302 149 1355 190 IN
1384 150 1496 191 CAP.
1530 151 1560 191 I.

223 243 278 285 Et
295 243 510 293 inaressus
523 239 709 291 Angelus
723 239 781 281 ad
799 249 889 281 eam
899 253 908 288 ;
928 238 973 277 in
986 237 1109 277 tertia
1129 248 1242 277 asse-

222 312 333 353 cutio
346 308 562 363 propositi,
584 309 794 350 mediante
805 320 1012 349 consensu
1030 307 1240 359 virgineo,

220 381 279 421 ibi
298 379 352 433 (v.
386 380 451 425 38)
479 392 489 420 :
517 380 648 422 Dixit
685 384 825 423 autem
848 380 990 420 Μανία
1021 377 1078 419 ad
1106 378 1244 432 Ange-

219 450 333 492 lum:
363 451 466 491 Ecce
504 452 685 502 ancilla,
720 454 797 491 etc.
833 449 1061 490 Destinatio
1099 452 1242 489 autem

217 521 357 562 nuntii
395 521 644 562 describitur
690 520 829 562 debito
866 520 989 561 modo
1024 520 1152 571 facta,
1193 533 1244 561 ex

217 594 336 645 parte
359 593 589 645 temporis,
611 592 762 645 legati,
795 591 893 641 loci,
920 594 961 631 et
980 603 1171 644 personae
1192 592 1244 633 ad

218 675 347 716 quam
366 664 548 704 mittitur
578 663 754 704 nuntius
787 662 875 703 Dei.
911 661 1243 714 Congruentiam

217 734 419 787 temporis
439 734 644 785 insinuat,
667 745 763 774 cum
783 733 880 773 dicit
902 747 911 773 ε
937 733 987 774 Ιη
1008 744 1145 776 mense
1163 746 1240 776 au-

219 809 300 848 tem
335 809 470 855 seoelo,
506 805 659 846 scilicet
696 816 719 844 a
747 804 1018 856 conceptione
1052 800 1240 856 Joannis,

74 894 180 921 Martio
217 877 292 930 qui
312 876 391 917 fuit
410 876 588 916 martius
611 890 618 916 :
644 875 688 915 in
708 887 792 928 quo
810 887 953 916 mense
974 878 1013 916 et
1033 877 1162 917 homo
1176 909 1186 927 ‚
1203 879 1244 917 et

70 942 170 962 meme
218 949 401 990 mundus
419 949 556 989 fuerat
588 947 802 997 conditUS,
832 947 875 986 in
894 959 979 999 quo
1007 948 1136 988 etiam
1170 961 1243 1001 per

57 976 184 1003 mundus

62 1017 188 1044 ‘³1¹10m0
219 1019 372 1061 Christi
406 1019 738 1059 incarnationem
770 1021 859 1058 erat
889 1019 1174 1071 reparandus,
1198 1023 1243 1061 ut

56 1057 200 1126 αἶῖῗὲ-αῆ
219 1091 277 1131 sic
297 1089 503 1142 reparatio
523 1089 795 1142 responderet
821 1090 972 1141 primae
997 1090 1238 1141 conditioni,

58 1140 178 1207 misma
218 1164 265 1202 ut
284 1161 451 1214 impleri
469 1161 662 1203 videatur
681 1160 783 1201 illud
798 1162 808 1181 ²
826 1174 834 1200 t
858 1176 877 1198 «
892 1160 1009 1201 Sicut.
1030 1162 1122 1202 coeli
1140 1163 1241 1203 novi

217 1234 257 1272 et
276 1234 388 1272 terra
405 1243 542 1282 nova,
574 1243 670 1284 quae
698 1244 780 1282 ego
817 1232 921 1272 facio
953 1235 1062 1272 stare
1100 1245 1241 1273 coram

215 1314 310 1352 me,
339 1301 437 1342 dicit
467 1289 690 1350 Dominus3
724 1301 781 1341 sic
815 1302 939 1341 stabit
968 1315 1113 1343 semen
1141 1316 1239 1344 ves-

213 1374 344 1423 trum,
364 1374 405 1412 et
427 1371 480 1424 (a)
501 1384 657 1412 nomen
678 1374 882 1412 vestrum.
907 1372 955 1412 Et
982 1374 1060 1413 erit
1083 1375 1238 1415 mensis

213 1455 267 1484 ex
285 1454 453 1493 mense,
474 1444 514 1483 et
545 1442 765 1482 sabbatum
795 1454 848 1483 ex
875 1443 1046 1484 sabbato
1068 1459 1076 1484 z
1099 1445 1241 1486 veniet

212 1514 350 1555 omnis
370 1525 482 1564 caro,
505 1516 554 1554 ut
572 1513 715 1554 adoret
735 1525 877 1554 coram
888 1514 991 1555 facie
1013 1516 1240 1557 mea.»Nec

213 1584 339 1625 etiam
359 1584 550 1625 senarius
570 1596 776 1625 numerus
801 1588 922 1625 vacat
957 1598 980 1626 a
1001 1587 1202 1639 mysterio
1227 1601 1236 1628 ε

213 1656 314 1709 quia
333 1655 447 1696 enim
480 1655 689 1708 perfectus
719 1658 794 1705 est,
831 1656 922 1696 ideo
952 1656 1097 1708 homo,
1132 1659 1239 1700 inter

212 1729 363 1768 caetera
396 1738 524 1779 opera
555 1726 626 1767 Dei
658 1726 893 1779 perfectuS,
937 1730 1054 1768 sexto
1082 1729 1149 1769 die
1177 1733 1238 1770 est

52 1816 192 1844 Sem-ius
211 1798 415 1839 conditus.
441 1796 536 1838 Ideo
557 1799 598 1837 et
616 1795 804 1838 Christus
823 1798 940 1838 venit
958 1801 1077 1840 sexta
1096 1803 1233 1852 aetate,

52 1864 192 1934 ζζξζῖἳζ
212 1871 254 1909 et
268 1871 386 1910 sexto
406 1880 588 1909 numero
609 1880 820 1909 annorum
838 1901 847 1919 ,
881 1872 921 1910 et>
938 1873 1055 1911 sexto
1090 1884 1234 1913 mense

62 1941 177 1975 plenus·
210 1943 434 1993 conceptus
455 1943 526 1981 :et
553 1943 671 1981 sexta
699 1941 801 1981 feria
830 1953 981 1993 passus
999 1974 1012 1992 ,
1046 1945 1086 1983 et
1117 1946 1236 1984 sexta

209 2010 314 2052 hora
332 2011 521 2052 in'cruce
549 2024 778 2064 suspensus
797 2024 807 2052 :
828 2015 876 2052 ut
893 2012 952 2052 sic
974 2013 1235 2065 significare-

208 2082 279 2123 tur
298 2081 518 2123 advenisse
536 2082 581 2122 in
598 2082 861 2135 plenitudine
892 2085 1133 2136 temporum
1151 2117 1160 2134 ,
1195 2089 1235 2125 et

206 2152 472 2205 perfectione,
494 2153 567 2205 qui
587 2155 810 2206 conceptus
841 2157 903 2194 est
936 2157 1052 2195 sexto
1073 2167 1231 2196 mense.

206 2222 276 2263 Ait
299 2224 314 2244 ²
335 2237 345 2264 ε
375 2238 394 2262 ε(
413 2223 495 2264 Ubi
510 2224 629 2265 venit
647 2224 863 2276 plenitudo
883 2226 1098 2278 temporis,
1121 2227 1235 2267 misit

206 2292 317 2334 Deus
333 2293 473 2334 filium
492 2307 619 2335 suum
640 2294 796 2335 factum
813 2307 867 2336 ex
888 2296 1080 2347 muliere,
1101 2311 1120 2334 ›>
1153 2301 1230 2338 etc.

207 2362 540 2414 Congruentiam
557 2364 686 2415 legati
704 2367 838 2416 notat,
862 2378 958 2405 cum
979 2367 1078 2406 dicit
1101 2368 1231 2409 :Mis-

206 2443 279 2474 sus
298 2437 357 2476 est
375 2434 550 2486 anqelus
573 2433 739 2476 Gabriel
758 2446 785 2475 α
805 2435 905 2486 Deo,
928 2439 975 2475 nt
989 2436 1046 2476 sic
1065 2449 1234 2490 respon-

206 2502 301 2545 deat
334 2504 544 2556 reparatio
577 2504 713 2557 lapsui
746 2519 755 2545 2
791 2508 838 2545 ut
871 2507 1231 2558 quemadmodum

205 2574 335 2615 homo
360 2574 503 2628 lapsus
532 2577 593 2616 est
619 2587 694 2628 per
727 2577 1051 2629 suggestionem
1089 2581 1232 2632 angeli

204 2645 334 2696 mali,
369 2645 428 2686 sic
461 2650 659 2698 resurgat
694 2659 770 2700 per
797 2648 1081 2691 ministerium
1114 2651 1228 2692 boni.

205 2715 218 2738 ³
241 2731 262 2755 (ι
287 2715 476 2758 Nuncius
493 2717 613 2771 impii
640 2717 748 2759 cadit
772 2719 817 2759 in
845 2720 1029 2771 malum;
1064 2724 1232 2774 legatus

203 2786 351 2838 fidelis,
374 2787 584 2829 sanitas.»
617 2788 879 2842 Respondeat
916 2792 1044 2833 etiam
1080 2794 1229 2846 imple-

204 2857 263 2899 tio
304 2860 597 2912 promissioni,
639 2863 687 2901 ut
728 2862 832 2902 sicut
869 2875 945 2915 per
995 2863 1230 2906 Gabrielem

206 2930 459 2981 mysterium
479 2931 584 2972 illud
601 2932 852 2985 praedictum
871 2934 950 2974 fuit
970 2934 1147 2987 Danieli,
1172 2937 1231 2977 sic

206 3001 398 3050 apertum
416 3002 496 3043 fuit
509 3001 680 3055 Virgini
698 3003 711 3024 ¹·
735 3018 743 3044 z
772 3018 791 3041 «
820 3003 924 3045 Ecce
953 3005 1019 3046 vir
1048 3005 1226 3058 Gabriel,

207 3080 334 3121 quem
365 3071 555 3114 videram
592 3075 638 3114 in
675 3074 840 3115 visione
859 3088 884 3116 a
908 3076 1126 3130 principio,
1150 3078 1230 3119 cito

207 3139 368 3192 volans,
390 3143 528 3195 tetigit
547 3156 616 3185 me
641 3145 685 3185 in
705 3148 895 3199 tempore
923 3148 1113 3188 sacrificii
1133 3161 1227 3190 ves-

206 3211 374 3263 pertini,
393 3215 433 3253 et
448 3214 587 3255 docuit
606 3228 690 3257 me.
710 3230 730 3254 ))
756 3216 956 3270 Sequitur
975 3231 985 3259 :
1014 3234 1032 3257 (ι
1050 3219 1227 3273 Septua-

252 3292 264 3315 ²
279 3292 356 3333 lsa.,
376 3302 467 3335 vat,
485 3297 524 3327 22
545 3299 664 3339 etseq.
684 3317 718 3321 —
739 3299 749 3317 2
770 3300 895 3341 Galat„
914 3309 962 3341 IV,
983 3303 1012 3333 4.
1027 3321 1068 3326 —
1087 3303 1100 3325 3
1120 3304 1230 3344 Pron,

206 3347 282 3380 xm,
306 3342 356 3372 17.
375 3359 417 3365 —
437 3342 563 3382 ⁴Dan„
591 3352 647 3385 lx,
672 3348 723 3379 21.
745 3365 784 3371 —
810 3348 824 3369 ὅ
840 3349 956 3390 Rern„
981 3359 1082 3391 super
1108 3353 1230 3383 Missus

205 3388 273 3425 est,
295 3386 388 3420 hom.
412 3397 435 3428 1,
461 3398 530 3421 non
558 3393 676 3430 procul
701 3404 721 3425 a
738 3395 897 3435 princ.—
920 3397 933 3418 ⁶
959 3398 1036 3434 Isa.⁷
1062 3406 1117 3439 ix,
1139 3402 1167 3430 1.
1190 3417 1229 3422 -

207 3433 222 3456 ⁷
239 3433 334 3474 Gen„
353 3443 447 3476 xxu,
472 3438 521 3470 18.
542 3453 583 3461 -
601 3438 615 3459 ⁸
637 3440 732 3480 Gen„
758 3450 858 3482 xmx,
886 3446 934 3476 10.
953 3461 994 3468 —
1021 3446 1032 3463 ⁹
1052 3446 1165 3486 Cant.y
1183 3454 1226 3486 11,

2264 163 2340 202 2⁶27

1320 239 1441 290 ginta
1477 239 1752 281 hebdomadae
1790 241 2045 285 abbreviatae
2083 248 2182 285 sunt
2213 258 2341 300 super

1318 310 1524 362 populum
1544 312 1693 362 tuum,
1727 314 1768 352 et
1802 324 1929 365 super
1963 314 2114 355 urbem
2153 320 2339 359 sanctam

1319 382 1451 432 tuam,
1473 384 1519 422 ut
1552 386 1868 424 consummetur
1890 384 1940 435 (b)
1959 387 2272 438 praevaricatio,
2303 391 2345 429 et

1317 452 1447 492 finem
1464 453 1639 505 accipiat
1659 457 1890 506 peccatum,
1911 458 1951 496 et
1967 456 2158 498 deleatur
2190 459 2345 512 iniqui-

1317 524 1395 572 tas,
1418 526 1458 562 et
1477 523 1709 565 adducatur
1724 526 1892 578 Justitia
1920 529 2189 581 sempiterna,
2206 532 2247 570 et
2266 530 2342 570 im-

1317 592 1481 644 pleatur
1498 594 1605 635 visio
1625 598 1664 635 et
1685 597 1918 649 prophetia,
1943 601 1982 639 et
2003 602 2193 652 ungatur
2219 600 2343 642 Sanc·

1317 666 1384 703 tus
1404 666 1660 706 sanctorum.
1684 680 1703 704 ›)
1730 666 1779 707 Et
1798 671 1913 718 nota,
1935 670 2047 722 quod
2067 671 2223 724 abipso
2242 671 2340 722 Deo,

1316 736 1421 775 teste
1456 733 1670 777 Bernardo
1690 741 1718 788 ⁵,
1742 738 1851 778 mitti
1890 740 2155 792 perhibetur,
2191 755 2245 784 ne
2274 744 2344 785 cui

1316 806 1383 847 vel
1415 806 1634 848 beatorum
1663 808 1891 861 spirituum
1917 823 2042 852 suum
2066 813 2173 854 Deus
2188 845 2201 864 ,
2225 818 2341 856 ante-

1316 889 1445 930 quam
1461 877 1643 931 Virgini,
1666 881 1875 922 revelasse
1903 885 2078 935 putetur
2103 886 2340 938 consilium,

1317 955 1488 1002 excepto
1522 950 1728 992 duntaxat
1765 953 2023 1006 archangelo
2057 954 2276 998 Gabriele:
2301 961 2342 999 et

1316 1021 1415 1074 quia
1436 1034 1460 1062 a
1477 1021 1558 1063 Deo
1579 1027 1681 1075 erat,
1706 1024 2014 1067 denuntiationi
2031 1027 2164 1069 divini
2184 1033 2340 1082 myste-

1316 1092 1369 1133 rii
1390 1096 1665 1146 congruebat.
1700 1096 2032 1149 Congruentiam
2051 1099 2130 1140 loci
2160 1103 2278 1141 notat
2297 1102 2340 1142 in

1315 1163 1394 1204 hoc
1427 1166 1539 1217 quod
1570 1166 1627 1207 ait
1659 1182 1667 1207 :
1704 1168 1757 1209 1η
1790 1169 2010 1212 civitatem
2043 1171 2248 1223 Galiloeoe,
2271 1174 2344 1215 cuz·

1315 1246 1464 1278 nomen
1503 1238 1739 1290 Nazareth,
1773 1241 1899 1292 Juxta
1940 1243 2052 1294 quod
2086 1243 2340 1296 praedixerat

1316 1305 1519 1348 Dominus
1538 1321 1613 1359 per
1630 1310 1791 1351 isaiam
1810 1314 1823 1336 ⁶
1841 1325 1849 1350 :
1879 1326 1899 1349 a
1916 1312 2168 1364 Aggravata
2190 1316 2254 1355 est
2272 1315 2343 1356 via

1315 1377 1444 1416 maris
1489 1382 1604 1419 trans
1650 1379 1873 1421 Jordanem
1908 1380 2089 1423 Galilaeae
2127 1384 2339 1435 gentium.

1314 1443 1500 1499 Populus
1530 1450 1603 1502 qui
1635 1450 1878 1492 ambulabat
1910 1452 1954 1492 in
1992 1454 2197 1506 tenebris,
2237 1456 2343 1498 vidit

1313 1516 1450 1558 lucem
1471 1531 1688 1572 magnam.
1712 1536 1731 1558 »
1755 1521 1803 1562 In
1819 1522 1897 1564 hoc
1916 1535 2019 1576 ergo
2034 1555 2044 1574 ‚
2067 1526 2183 1578 quod
2218 1526 2263 1567 in
2280 1528 2338 1568 ci-

1312 1589 1487 1630 vitatem
1509 1590 1691 1633 Galilaeae
1711 1592 1866 1635 missus
1898 1597 1986 1646 est,
2009 1608 2105 1648 quae
2130 1600 2220 1639 erat
2238 1610 2337 1640 con·
2371 1642 2374 1646 ,

1312 1660 1464 1701 finium
1497 1662 1743 1704 Judaeorum
1783 1668 1823 1705 et
1856 1667 2078 1719 gentium,
2122 1670 2336 1722 signatur,

1312 1733 1425 1785 quod
1445 1733 1567 1774 illum
1586 1736 1703 1777 venit
1719 1737 1988 1790 annuntiare,
2007 1739 2079 1792 qui
2105 1741 2338 1794 promissus

1311 1803 1445 1845 fuerat
1464 1805 1646 1847 Abrahae
1667 1811 1680 1832 ⁷
1704 1822 1713 1848 :
1740 1823 1759 1847 (ι
1781 1807 2088 1852 Benedicentur
2113 1812 2157 1852 in
2176 1814 2337 1855 semine

1310 1879 1383 1917 tuo
1403 1889 1550 1918 omnes
1565 1881 1712 1930 gentes
1728 1881 1867 1922 terrae.
1890 1896 1908 1918 »
1932 1881 1982 1922 Et
1999 1881 2125 1924 Jacob
2146 1883 2159 1905 ⁸
2176 1900 2184 1926 :
2206 1900 2225 1923 α
2245 1885 2337 1938 Ipse

1310 1947 1387 1988 erit
1408 1949 1642 2001 expectatio
1671 1951 1879 2002 gentium.
1914 1966 1932 1990 ›>
1961 1952 2008 1992 In
2034 1953 2114 1994 hoc
2142 1956 2253 2008 quod
2281 1957 2335 1997 ci-

1310 2018 1416 2059 vitas
1439 2019 1509 2060 illa
1528 2019 1733 2061 Nazareth
1754 2025 1931 2064 vocatur
1946 2055 1956 2074 ,
1978 2036 2074 2077 quae
2103 2025 2182 2077 flos
2201 2026 2330 2068 inter-

1309 2092 1513 2142 pretatur,
1529 2092 1726 2144 signatur
1745 2094 1859 2146 quod
1875 2094 1996 2136 illum
2016 2097 2209 2139 veniebat
2220 2111 2335 2140 nun-

1308 2160 1426 2213 tiare,
1451 2163 1524 2215 qui
1544 2167 1557 2188 ⁹
1574 2164 1653 2216 flos
1677 2168 1738 2206 est
1757 2168 1917 2219 campi,
1938 2167 2136 2211 etlilium
2163 2171 2333 2213 conval-

1308 2232 1428 2275 lium.
1451 2235 1479 2260 ¹⁰
1501 2251 1520 2274 α
1539 2235 1794 2289 Egredietur
1819 2239 1948 2291 virga
1968 2241 2018 2281 de
2046 2241 2184 2283 radice
2203 2241 2332 2295 Jesse,

1308 2305 1349 2343 et
1367 2305 1445 2345 flos
1464 2306 1514 2346 de
1544 2308 1682 2348 radice
1707 2310 1799 2361 ejus
1832 2311 2038 2363 ascendet,
2060 2326 2079 2350 »
2105 2315 2181 2354 etc.
2218 2313 2354 2355 Unde-

1307 2373 1375 2414 hic
1395 2375 1492 2415 dicit
1510 2376 1797 2431 Hieronymus
1812 2382 1853 2430 ¹¹,
1878 2384 1990 2434 quod
2010 2384 2244 2425 secundum
2262 2385 2333 2426 he-

1307 2444 1492 2486 braicam
1511 2448 1733 2489 veritatem
1758 2451 1938 2492 habetur
1959 2466 1968 2492 ε
1999 2466 2018 2491 tt
2037 2452 2088 2494 Et
2107 2453 2143 2494 N
2146 2466 2332 2496 azaraeus

1307 2515 1357 2555 de
1370 2517 1508 2558 radice
1523 2520 1615 2570 ejus
1632 2523 1802 2562 crescet.
1819 2536 1837 2559 ›)
1859 2521 1996 2573 Igitur
2012 2524 2040 2549 ¹²
2061 2537 2112 2565 «a
2125 2523 2332 2567 Nazareth

1307 2590 1441 2638 potest
1460 2589 1618 2642 aliquid
1654 2591 1752 2632 boni
1793 2605 1896 2644 esse,
1920 2608 1939 2631 ›)
1978 2594 2065 2636 imo
2093 2596 2171 2637 flos
2196 2598 2334 2638 omnis

1305 2656 1419 2698 boni.
1444 2658 1714 2712 Congruebat
1737 2662 1782 2702 in
1804 2662 1908 2704 flore
1926 2664 2077 2706 florem
2092 2668 2268 2721 concipi,
2288 2669 2334 2709 in

1306 2728 1408 2769 flore
1426 2731 1595 2782 nutriri,
1616 2731 1660 2772 in
1682 2732 1839 2774 florum
1860 2737 2070 2788 tempore,
2101 2737 2143 2778 id
2176 2741 2251 2790 est,
2290 2739 2336 2780 in

1306 2811 1404 2840 vere
1423 2803 1464 2841 et
1483 2802 1636 2843 martio
1660 2803 1862 2845 nuntiari.
1885 2804 2002 2847 Unde
2019 2806 2259 2851 Bernardus
2271 2810 2300 2832 ¹³
2323 2824 2331 2850 :

1312 2869 1612 2924 «Florigeram
1643 2878 1757 2915 amat
1786 2876 1964 2928 patriam
1999 2878 2078 2919 flos
2108 2880 2158 2920 de
2194 2881 2335 2921 radice

1304 2940 1430 2983 Jesse.
1451 2958 1471 2981 n
1506 2943 1556 2985 Et
1591 2945 1685 2987 ideo
1713 2949 1875 3000 poterat
1902 2949 1995 3000 Jam
2026 2949 2246 2992 decantare
2272 2951 2329 2992 ¹⁴:

1312 3027 1331 3049 «
1352 3012 1384 3052 F
1385 3013 1494 3055 lores
1513 3020 1805 3069 apparuerunt
1823 3019 1868 3059 in
1889 3021 2015 3061 terra.
2037 3034 2056 3058 ))
2091 3020 2333 3075 Congruen-

1305 3083 1410 3124 tiam
1428 3097 1621 3137 personae
1641 3088 1806 3140 innuit,
1829 3101 1927 3130 cum
1957 3091 2056 3132 dicit
2076 3103 2086 3132 :
2108 3092 2178 3134 Ad
2199 3095 2332 3146 virai-

1305 3165 1401 3197 nem
1414 3155 1737 3211 desponsatam3
1757 3160 1880 3213 cujus
1899 3163 2180 3214 congruentia
2198 3166 2333 3205 osten-

1306 3252 1334 3282 1.
1369 3268 1406 3273 —
1441 3252 1468 3274 ¹⁰
1494 3254 1573 3295 Isa„
1602 3262 1657 3295 xi,
1688 3258 1715 3287 1.
1750 3273 1789 3278 —
1820 3257 1844 3277 ¹1
1872 3256 2026 3299 Hieron„
2055 3258 2101 3289 ad
2130 3259 2331 3300 Pammaelz„

1305 3298 1412 3339 Epist.
1435 3308 1484 3341 cr,
1515 3304 1594 3341 post
1613 3303 1703 3334 med.
1726 3320 1768 3326 —
1798 3304 1820 3322 ¹²
1839 3304 1948 3343 Joan„
1974 3312 2004 3344 Ι,
2033 3307 2083 3337 46.
2105 3322 2143 3328 -
2173 3306 2196 3327 ¹3
2215 3307 2330 3345 Rern„

1305 3354 1378 3386 sup.
1399 3347 1520 3379 Missus
1538 3351 1596 3389 est,
1618 3350 1711 3381 hom.
1738 3358 1759 3380 1,
1784 3369 1819 3373 -
1845 3352 1868 3373 ’Β
1892 3352 2002 3393 Cant„
2022 3361 2061 3392 11,
2084 3355 2132 3384 12.

1347 3404 1393 3445 (a)
1423 3406 1502 3438 Goet.
1523 3407 1600 3439 edit.
1622 3408 1709 3440 deest
1744 3412 1788 3440 et.
1806 3427 1846 3434 —
1879 3410 1918 3450 (b)
1941 3411 2022 3442 Coez‘.
2042 3410 2124 3444 edit.
2148 3420 2329 3445 consume-

1302 3453 1404 3484 retur.
