2634 3853
982 218 1254 263 EXPOSITIO
1284 218 1336 260 IN
1364 218 1478 260 CAl’.
1509 217 1576 258 XI.

233 315 480 369 impugnari
499 315 654 356 atrium
675 325 818 355 suum.
845 311 980 353 Fortis
1009 312 1153 351 autem
1180 308 1255 347 iste

234 388 296 426 est
319 384 534 435 diabolus,
566 385 616 425 de
643 396 726 436 quo
758 383 910 424 dicitur
942 383 951 403 ¹
984 395 991 421 :
1030 396 1049 419 <‹
1077 379 1169 420 Non
1196 381 1257 419 est

233 467 360 508 super
400 457 557 496 terram
599 458 780 508 potestas
797 486 806 504 ,
850 464 945 505 quae
989 452 1257 503 comparetur

169 520 172 522 ’
233 525 285 576 01,
309 526 378 578 qui
404 526 540 566 factus
561 529 621 566 est
640 528 688 566 ut
710 524 877 565 nullum
895 523 1076 563 timeret.
1098 536 1116 558 ))
1144 520 1193 560 Et
1213 520 1257 559 in

233 595 429 637 Habacuc
451 598 464 618 Ξ
491 611 499 636 :
535 612 553 635 «
579 596 773 646 Domine,
791 595 836 634 in
852 594 1061 647 judicium
1081 590 1257 644 posuisti

233 678 334 707 eum
376 681 385 707 :
426 670 467 708 ct
505 668 655 708 fortem
694 670 742 707 ut
782 666 1012 717 corriperes
1027 695 1036 712 ‚
1076 661 1259 703 fundasti

234 748 349 777 eum.
375 752 395 776 ›)
415 737 495 778 Iste
515 741 576 779 est
595 739 796 787 armatus,
820 735 1054 776 secundum
1070 732 1182 786 quod
1203 733 1260 773 di-

234 807 289 847 cit
304 807 427 849 J0b³:
451 808 640 860 «Corpus
654 808 766 848 illius
783 809 830 847 ut
843 808 959 846 scuta
974 805 1127 855 fusilia,
1140 819 1158 841 1)
1177 806 1255 844 010.

235 877 286 918 Ε1
304 879 404 930 quia
428 881 590 919 tantam
614 878 740 918 habet
762 877 992 929 potentiam
1011 878 1049 917 et
1071 879 1257 916 armatu-

234 959 342 998 ram,
364 948 459 990 ideo
476 961 563 989 non
583 951 716 1001 potest
732 948 811 988 sibi
831 949 882 988 ab
899 947 1071 988 homine
1088 946 1259 986 infirmo

235 1018 328 1059 fieri
361 1019 574 1061 violentia.
603 1020 693 1060 lmo
720 1020 765 1059 in
794 1031 893 1071 pace
915 1018 1114 1071 possidet,
1150 1029 1258 1070 quo-

235 1089 352 1130 niam
384 1102 469 1131 non
498 1091 617 1131 timet
649 1090 861 1140 amittere,
897 1088 1130 1130 secundum
1158 1087 1262 1127 illud

237 1160 432 1212 Gregorii
471 1176 479 1202 :
522 1177 541 1200 ε(
573 1161 667 1202 11105
703 1161 870 1214 pulsare
907 1160 1114 1212 negligit,
1155 1169 1262 1210 quos

236 1232 378 1284 quieto
408 1234 506 1285 Ι11110
539 1245 582 1273 50
614 1232 826 1284 possidere
864 1231 1002 1271 sentit.
1037 1244 1056 1267 ›>
1090 1229 1140 1270 Et
1168 1229 1261 1270 haec

235 1315 320 1354 pax
339 1300 625 1355 peccatorum,
649 1303 699 1343 de
719 1314 803 1354 qua
827 1302 872 1341 in
897 1300 1088 1342 Psalmo*
1109 1313 1118 1340 :
1146 1315 1164 1338 «
1184 1300 1262 1340 Ze-

234 1372 320 1414 lavi
349 1386 477 1426 super
501 1374 691 1426 iniquos,
719 1385 867 1425 pacem
896 1375 1165 1424 peccatorum
1192 1371 1259 1411 vi«

235 1443 352 1484 dens.
373 1458 392 1481 1)
417 1443 469 1485 Ε1
488 1444 532 1483 111
552 1444 752 1486 Matthoeo
773 1447 785 1467 ⁵
803 1458 818 1483 .·
845 1458 863 1481 <‹
885 1443 975 1483 Non
997 1443 1095 1482 veni
1115 1454 1260 1494 pacem

235 1514 426 1565 mittere,
447 1514 518 1554 sed
539 1514 747 1566 gladium.
772 1528 790 1550 ))
822 1512 921 1554 Vult
948 1513 1083 1564 igitur
1111 1513 1154 1552 in
1183 1513 1262 1552 hoc

236 1585 394 1636 dicere,
419 1585 531 1638 quod
558 1586 675 1625 fortis
703 1598 792 1625 non
816 1585 1043 1637 expellitur
1070 1598 1095 1625 a
1120 1585 1263 1624 minus

236 1655 345 1696 forti.
368 1655 412 1696 Si
431 1668 537 1707 ergo
557 1668 683 1708 super
701 1658 951 1708 potestatem
972 1655 1126 1695 diaboli
1147 1655 1264 1695 nulla

236 1726 438 1779 praevalet
457 1729 638 1778 potestas
657 1726 884 1776 terrestris,
908 1726 980 1766 sed
998 1728 1166 1766 tantum
1187 1737 1264 1765 coe-

234 1797 350 1837 lestis
373 1797 583 1850 potentia3
607 1810 708 1849 ergo
736 1810 832 1850 quae
861 1797 1031 1850 expellit
1049 1797 1264 1837 daemones

235 1879 323 1908 non
339 1870 402 1908 est
418 1867 469 1908 de
487 1869 626 1919 terris,
646 1868 717 1908 sed
737 1868 787 1909 de
807 1868 940 1918 coelis;
957 1880 1042 1909 non
1058 1868 1260 1918 humana,

237 1938 310 1979 sed
331 1938 491 1981 divina.

291 2008 484 2051 Secundo
516 2010 757 2063 adiungens
782 2010 1003 2051 veritatem
1032 2011 1262 2060 intentam,

237 2081 279 2120 et
301 2081 394 2132 Jam
419 2092 687 2133 persuasam,
711 2081 808 2121 dicit
830 2081 890 2132 (v.
920 2082 992 2120 *2:23
1018 2095 1026 2120 :
1052 2082 1106 2122 Sz'
1124 2086 1266 2123 autem

236 2150 390 2201 fortior
412 2150 486 2193 illo
513 2152 817 2203 superveniens
845 2152 996 2192 vicerit
1024 2162 1128 2193 eum.
1160 2151 1262 2192 For-

236 2220 321 2261 tior
356 2223 417 2262 est
452 2221 617 2262 diabolo
656 2222 800 2264 divina
837 2222 1040 2263 fortitudo
1060 2254 1070 2271 ‚
1111 2222 1265 2263 scilicet

237 2291 426 2333 Christus
450 2292 562 2333 Deus
587 2295 730 2332 noster
749 2297 762 2318 ⁶
793 2307 802 2332 ι
831 2307 851 2330 c<
872 2292 1086 2333 Christum
1110 2293 1263 2345 praedi-

238 2374 407 2413 03111115,
439 2361 513 2403 Dei
542 2363 746 2403 virtutem
779 2364 819 2402 et
846 2362 918 2402 Dei
947 2363 1213 2415 sapientiam.
1240 2378 1260 2401 ι)

241 2433 290 2473 Ε1
319 2444 494 2473 rursum
523 2433 680 2473 ibidem
711 2447 720 2472 ε
761 2447 780 2470 1(
806 2432 926 2481 Quod
957 2433 1177 2474 infirmum
1205 2437 1267 2474 est

240 2501 336 2552 Dei,
356 2503 507 2544 fortius
533 2505 596 2544 est
620 2503 878 2544 hominibus.
910 2518 928 2540 ))
955 2503 1006 2544 Ε1
1035 2504 1093 2544 311
1120 2503 1192 2545 Job
1217 2507 1230 2529 ⁷
1254 2518 1262 2542 :

246 2588 266 2612 (ι
286 2572 330 2614 Si
347 2573 547 2614 fortitudo
565 2574 785 2626 quaeritur,
805 2574 1122 2615 robustissimus
1143 2578 1218 2616 est.
1241 2590 1259 2612 n

240 2643 292 2684 Et
309 2647 530 2697 propterea
549 2645 648 2686 dicit
667 2645 810 2686 Isaiae
831 2645 845 2666 ⁸
865 2657 874 2684 ε
902 2645 1165 2686 «Vocabitur
1188 2658 1263 2687 no-

240 2725 341 2755 men
367 2716 482 2767 eJ'us,
513 2715 793 2766 admirabilis,
824 2715 1107 2767 consiliarius,
1140 2717 1264 2766 Deus,

239 2784 375 2826 fortis.
396 2800 416 2823 »
443 2785 524 2826 Iste
544 2786 812 2838 supervenit,
833 2786 875 2826 id
901 2791 982 2837 est,
1005 2786 1056 2827 de
1075 2787 1268 2840 supernis

240 2855 379 2906 venit,
400 2857 633 2897 secundum
654 2857 759 2897 illud
777 2857 791 2878 ⁹
814 2871 822 2896 :
852 2873 871 2895 «
891 2857 972 2906 Qui
992 2857 1043 2898 de
1070 2857 1173 2898 coelo
1193 2870 1265 2898 ve-

242 2926 326 2978 nit,
350 2939 478 2980 super
496 2939 643 2968 omnes
662 2932 739 2968 est.
761 2941 780 2965 ))
806 2926 882 2968 Hic
902 2931 1044 2968 autem
1065 2928 1167 2969 vicit
1185 2928 1270 2969 dia-

241 2995 411 3047 bolum,
432 3000 636 3050 tanquam
667 2998 805 3037 minus
824 2998 994 3048 fortem,
1012 3000 1137 3050 juxta
1157 2999 1270 3050 quod

245 3065 398 3106 dicitur
422 3068 452 3089 ¹⁰
477 3082 486 3108 :
514 3083 533 3107 <‹
553 3067 772 3118 Confidite,
803 3068 903 3120 quia
929 3080 1011 3120 ego
1031 3068 1113 3109 vici
1141 3081 1267 3109 mun-

245 3135 363 3177 dum.
393 3151 412 3174 »
447 3136 564 3178 Unde
597 3139 692 3178 licet
718 3139 857 3179 victus
884 3138 1094 3188 videatur,
1126 3142 1269 3179 tamen

244 3206 365 3257 vicit,
388 3207 489 3259 quia
507 3208 726 3249 moriendo
744 3207 912 3248 revixit.
933 3207 984 3248 Et
1001 3208 1081 3248 hoc
1105 3221 1130 3248 a
1154 3208 1176 3249 J
1178 3221 1269 3250 ere-

247 3276 333 3317 mia
351 3275 602 3328 designatur
621 3279 648 3300 ¹¹
670 3292 680 3318 2
711 3293 730 3316 c<
752 3277 888 3318 Fortis
906 3277 1086 3330 impegit
1112 3280 1155 3318 in
1183 3279 1271 3319 for-

290 3407 301 3428 ¹
324 3406 396 3444 Job,
415 3414 492 3446 xm,
512 3408 565 3438 24.
584 3422 624 3429 —
647 3406 659 3424 ²
677 3406 812 3446 Habae„
834 3415 864 3447 1,
887 3410 936 3439 12.
956 3424 996 3430 -
1022 3408 1034 3426 ³
1052 3408 1125 3448 lob,
1148 3416 1219 3448 XLI,
1240 3412 1270 3441 6.

248 3470 290 3476 -
307 3453 322 3475 ⁴
338 3452 428 3484 Psal.
451 3460 561 3491 Lxxn,
581 3454 612 3484 3.
631 3469 673 3476 —
693 3453 706 3473 ⁵
727 3452 864 3494 Mattlz„
882 3462 916 3493 x,
937 3456 988 3487 34.
1008 3472 1050 3478 -—
1072 3456 1083 3473 ⁶
1102 3456 1113 3485 l
1136 3455 1226 3494 Corn,
1247 3464 1272 3496 1,

249 3501 302 3540 23,
322 3502 372 3532 25.
393 3517 434 3524 —
459 3499 470 3520 ⁷
492 3498 571 3538 lob,
593 3507 649 3539 ix,
671 3500 720 3531 19.
739 3516 781 3522 —
803 3500 817 3520 ⁸
837 3501 916 3541 Isa„
940 3510 994 3542 lx,
1020 3504 1051 3533 6.
1074 3519 1114 3525 -
1135 3504 1147 3521 ²⁴
1166 3504 1272 3540 Joan„

2277 222 2348 259 531

1329 311 1438 356 tem,
1480 306 1604 347 ambo
1642 305 1798 358 pariter
1837 303 2105 345 conciderunt
2145 319 2152 344 :
2195 320 2213 343 ))
2254 305 2355 358 quia

1332 378 1520 418 Christus
1543 377 1828 429 corporaliter,
1852 374 2150 427 temporaliter,
2180 379 2220 415 et
2246 375 2353 415 visi-

1331 448 1496 498 biliter3
1525 447 1714 488 diabolus
1733 458 1834 486 vero
1855 444 2219 498 sempiternaliter,
2245 448 2356 485 tota-

1332 520 1440 569 liter,
1471 522 1512 559 01
1543 518 1938 571 irrecuperabiliter.
1969 516 2087 558 Unde
2115 516 2159 556 in
2194 517 2357 568 Apoca-
2415 554 2420 557 .

1335 592 1451 643 lypsz'
1471 592 1498 615 ¹2
1516 606 1554 630 ια
1570 590 1673 631 Εο00
1691 590 1789 631 vicit
1808 589 1873 630 leo
1890 589 1940 629 de
1959 588 2075 628 tribu
2094 586 2113 628 J
2120 588 2216 637 uda,
2234 587 2356 627 radix

1334 661 1485 711 David,
1520 662 1683 714 aperire
1714 661 1893 710 librum,
1930 663 1970 701 et
2003 660 2165 700 solvere
2196 661 2356 711 septem

1335 732 1557 784 signacula
1585 734 1692 784 eJus.
1724 732 1774 773 Et
1805 732 1912 782 vidi,
1948 734 1988 771 et
2018 743 2111 771 ecce
2144 731 2189 770 in
2219 729 2359 771 medio

1334 803 1480 844 throni
1507 808 1547 843 et
1575 805 1759 855 quatuor
1788 802 2059 852 animalium,
2084 805 2124 843 et
2149 802 2195 843 in
2222 802 2358 843 medio

1337 875 1551 916 seniorum
1588 886 1750 926 agnum
1792 876 1971 913 stantem
2008 876 2211 926 tanquam
2249 873 2357 914 occi-

1337 959 1447 986 sum.
1487 961 1504 984 ›>
1536 945 1617 995 Qui
1650 945 1742 986 ideo
1776 945 1905 995 vicit,
1949 945 2049 997 quia.
2082 945 2243 985 occisus
2281 948 2358 985 est.

1338 1017 1453 1057 Unde
1477 1019 1611 1069 potest
1627 1016 1707 1057 dici
1725 1016 1892 1057 diabolo
1919 1015 2023 1056 illud
2044 1016 2072 1038 ¹³
2096 1030 2104 1056 z
2135 1031 2153 1054 1(
2173 1015 2251 1057 Ubi
2283 1020 2359 1065 est,

1338 1099 1466 1133 mors,
1482 1087 1657 1128 victoria
1675 1090 1776 1127 tua?
1798 1101 1816 1124 ))
1834 1086 2032 1139 Sequitur
2052 1101 2060 1127 z
2086 1102 2104 1125 α
2123 1086 2204 1127 Deo
2222 1090 2364 1128 autem

1341 1159 1520 1210 gratias,
1542 1158 1616 1210 qui
1641 1158 1753 1198 dedit
1778 1158 1897 1197 nobis
1928 1157 2149 1197 victoriam
2178 1170 2254 1210 per
2279 1158 2357 1198 Do-

1341 1230 1507 1270 minum
1526 1233 1722 1270 nostrum
1740 1230 1884 1271 Jesum
1905 1229 2133 1270 Christum.
2159 1245 2178 1268 ))
2195 1230 2246 1271 Ε1
2266 1230 2366 1283 quia

1339 1301 1440 1343 vicit
1470 1303 1610 1354 ipsum
1641 1302 1685 1340 in
1717 1302 1930 1353 passione,
1961 1302 2054 1342 ideo
2089 1301 2290 1353 spoliatus
2321 1302 2366 1340 in

1338 1372 1658 1412 resurrectione.
1690 1372 1787 1412 ldeo
1813 1372 2005 1412 subditur
2027 1387 2035 1411 :
2067 1372 2272 1414 Universa
2294 1383 2363 1413 αν-

1339 1453 1410 1483 ma
1439 1441 1530 1493 ejus
1556 1442 1740 1492 auferet,
1769 1443 1818 1483 in
1850 1443 2000 1495 quibus
2030 1442 2279 1493 confidebat.
2315 1442 2365 1483 Et

1340 1513 1420 1553 hoc
1446 1513 1562 1562 fecit,
1588 1514 1757 1566 quando
1783 1517 1924 1566 portas
1951 1513 2177 1553 infernales
2204 1512 2369 1553 confre-

1344 1585 1420 1636 git,
1443 1585 1677 1625 secundum
1696 1585 1800 1625 illud
1817 1586 1846 1609 Ἡ*
1870 1599 1877 1624 ;
1895 1599 1914 1622 ((
1934 1584 2039 1633 Quia
2059 1584 2256 1625 contrivit
2277 1596 2369 1636 por-

1341 1658 1403 1694 tas
1430 1667 1581 1705 aereaS,
1605 1659 1645 1695 et
1671 1659 1811 1695 vectes
1842 1655 1999 1696 ferreos
2025 1656 2249 1706 confregit.
2272 1670 2290 1692 ))
2317 1655 2368 1696 Ε1

1341 1737 1491 1766 rursus
1511 1727 1539 1750 ¹⁵
1565 1739 1574 1766 ε
1606 1726 1802 1765 «Arcum
1821 1728 2023 1775 conteret,
2056 1728 2095 1765 et
2128 1726 2369 1778 confringet

1341 1808 1479 1846 arma,
1511 1799 1550 1836 et
1576 1799 1691 1836 scuta
1712 1796 1930 1836 comburet
1954 1796 2099 1848 igni.»
2125 1795 2222 1836 Haec
2248 1808 2368 1837 arma

1341 1867 1439 1907 facit
1463 1867 1542 1907 sibi
1562 1867 1754 1907 diabolus
1774 1867 1824 1907 de
1843 1867 2087 1908 hominibus
2104 1879 2178 1920 per
2197 1880 2367 1908 consen-

1342 1951 1456 1989 sum,
1486 1939 1721 1979 secundum
1747 1938 1849 1978 illud
1881 1939 1911 1964 ¹⁶
1946 1953 1954 1979 :
1981 1954 1999 1977 c<
2014 1938 2107 1980 Non
2134 1940 2367 1979 exhibeatis

1342 2010 1534 2049 membra
1561 2013 1702 2050 vestra
1727 2021 1846 2049 arma
1872 2009 2108 2061 iniquitatis
2139 2013 2321 2062 peccato.
2345 2025 2362 2047 »

1341 2081 1416 2122 Vel
1436 2094 1554 2122 arma
1571 2081 1775 2122 diabolica
1794 2085 1893 2121 sunt
1918 2082 2084 2122 diversa
2111 2084 2367 2122 tentatorum

1343 2152 1696 2203 machinamenta,
1720 2152 1876 2204 quihus
1894 2152 2139 2192 hominibus
2159 2153 2343 2205 praevale
2356 2175 2369 2181 -

1341 2223 1425 2263 bat.
1448 2222 1500 2262 Et
1519 2223 1586 2263 his
1602 2223 1792 2274 privatus
1813 2225 1874 2262 est
1888 2235 1963 2274 per
1979 2222 2130 2263 Christi
2148 2223 2370 2264 victoriam

1343 2294 1390 2333 in
1415 2293 1746 2343 resurrectione,
1778 2297 1819 2334 et
1848 2293 2049 2346 spoliatus
2075 2296 2137 2333 est
2158 2294 2203 2334 in
2231 2306 2371 2335 ascen-

1345 2364 1476 2404 sione.
1497 2364 1592 2404 Ideo
1610 2364 1749 2404 subdit
1767 2378 1775 2403 :
1796 2365 1850 2405 Et
1866 2364 2003 2416 spolia
2021 2364 2111 2416 effus
2129 2364 2368 2408 distribuet.

1344 2435 1394 2475 Et
1415 2434 1493 2475 hoc
1512 2435 1683 2487 quidem
1701 2434 1810 2484 fecit,
1834 2435 2002 2487 quando
2021 2436 2073 2476 de
2094 2436 2206 2478 vasis
2225 2438 2371 2477 contu-

1343 2506 1482 2547 meliae
1508 2506 1604 2546 fecit
1635 2518 1736 2547 vasa
1769 2506 2085 2548 misericordiae.
2119 2507 2170 2548 Et
2199 2507 2280 2548 1100
2309 2511 2371 2549 051

1344 2577 1389 2617 111
1417 2576 1656 2617 ascensione
1688 2576 1869 2626 factum,
1896 2577 2128 2618 secundum
2157 2576 2263 2617 illud
2298 2577 2326 2602 ¹⁷
2359 2589 2369 2618 :

1350 2664 1368 2686 (ι
1388 2647 1629 2688 Α50011110115
1649 2647 1693 2686 111
1713 2646 1870 2697 altum,
1893 2648 2104 2700 captivam
2124 2648 2249 2688 duxit
2269 2660 2371 2700 cap-

1344 2718 1566 2768 tivitatem,
1590 2717 1704 2758 dedit
1725 2717 1834 2758 dona
1851 2717 2112 2759 hominibus.
2137 2732 2156 2756 ))
2180 2718 2268 2759 Ηο0
2291 2731 2374 2759 311-

1347 2791 1432 2828 tem
1449 2788 1545 2828 fecit
1558 2790 1700 2828 noster
1717 2787 1969 2828 Emmanuel
1986 2789 2015 2812 ¹⁸
2034 2803 2073 2829 :«
2085 2788 2198 2830 Voca
2215 2801 2372 2830 nomen

1347 2859 1439 2910 ejus
1455 2871 1465 2898 :
1484 2858 1681 2899 Accelera
1697 2858 1828 2910 spolia
1844 2859 2079 2908 detrahere,
2094 2859 2247 2900 festina
2265 2871 2372 2912 prae-

1347 2928 1452 2969 dari.
1480 2942 1499 2965 »
1531 2928 1750 2969 Praedatus
1781 2931 1842 2968 est
1872 2931 2015 2970 autem
2043 2929 2205 2970 fortiter
2235 2929 2374 2970 diabo-

1346 2999 1458 3049 lum,
1478 3000 1711 3040 secundum
1731 2999 1834 3040 illud
1857 3000 1885 3023 ¹⁹
1909 3013 1948 3040 :a
1968 2998 2185 3052 Numquid
2204 2999 2372 3040 tolletur

1350 3081 1374 3109 a
1405 3069 1502 3110 forti
1531 3070 1699 3122 praeda3
1733 3073 1808 3110 aut
1838 3070 1950 3122 quod
1986 3074 2156 3123 captum
2190 3070 2315 3110 fuerit
2349 3083 2374 3110 a

1347 3140 1538 3191 robusto,
1563 3140 1732 3181 salvum
1751 3153 1841 3182 esse
1860 3142 2037 3194 poterit?
2067 3142 2171 3190 Quia
2197 3142 2290 3182 haec
2309 3142 2372 3181 di-

1350 3212 1405 3252 cit
1429 3212 1633 3253 Dominus
1661 3227 1670 3252 :
1698 3212 1906 3266 Equidem
1926 3217 1965 3254 et
1988 3214 2206 3266 captivitas
2232 3226 2257 3253 3
2277 3213 2374 3253 forti

1350 3325 1408 3358 111,
1433 3318 1486 3349 31.
1506 3335 1547 3340 —
1568 3318 1592 3338 ¹⁹
1613 3318 1711 3358 lbid„
1732 3326 1804 3358 xvi,
1824 3320 1876 3350 33.
1896 3336 1937 3342 —
1956 3320 1980 3340 ¹¹
2001 3320 2132 3356 Jerem„
2153 3326 2244 3358 nvi,
2270 3320 2316 3349 12.
2334 3334 2373 3340 —-—

1349 3364 1378 3384 ¹²
1395 3364 1510 3403 Alme„
1530 3372 1562 3405 ν,
1584 3367 1614 3405 5,
1637 3367 1667 3396 6.
1688 3382 1728 3387 —-
1747 3364 1774 3385 ¹³
1798 3366 1810 3395 1
1836 3365 1926 3405 Cor„
1950 3373 2007 3404 XV,
2029 3366 2080 3403 55,
2101 3366 2150 3395 57.
2173 3381 2213 3388 —
2235 3364 2259 3385 ¹⁵
2278 3364 2373 3395 Psal.

1351 3417 1425 3450 cvi,
1460 3413 1508 3442 16.
1535 3428 1577 3436 -
1606 3412 1632 3433 ¹⁵
1661 3411 1752 3442 Psal.
1782 3419 1844 3452 111,
1875 3414 1905 3443 8.
1934 3429 1969 3434 -
2001 3411 2031 3432 ¹⁶
2053 3412 2157 3452 Rom„
2184 3419 2236 3451 w,
2264 3412 2314 3442 13.
2335 3426 2374 3434 -—

1351 3456 1542 3534 {413132143-5„
1578 3466 1630 3498 lv,
1665 3459 1696 3490 8.
1731 3475 1772 3482 —
1811 3459 1836 3478 ¹⁸
1864 3459 1943 3498 Iso„
1974 3466 2060 3499 V111,
2092 3460 2126 3490 3.·
2151 3476 2191 3482 -
2221 3458 2247 3480 ¹⁹
2278 3458 2374 3498 ibid„

1393 3527 1403 3543 ,
1445 3514 1475 3534 o.

2417 1740 2504 1764 Arma

2405 1779 2510 1806 daemo-

2415 1828 2496 1848 num.
