2634 3853
101 2715 220 2743 nitente.

265 208 344 245 410

263 292 396 334 versis
425 292 541 333 vitiis
570 292 692 345 plena
729 293 823 332 fuit.
855 292 1062 342 Quoniam
1096 301 1200 342 ergo
1230 288 1289 329 sic

263 365 352 403 erat
377 363 585 416 peccatrix
615 365 656 404 et
684 363 916 413 immunda,
940 362 1089 402 merito
1119 360 1289 400 deberet

261 433 422 487 repelli,
445 433 630 474 maxime
659 432 818 473 deloco
839 431 1050 482 convivii3
1079 434 1118 471 ct
1147 432 1289 470 tamen

262 506 431 558 propter
463 505 659 557 pietatem
690 502 871 552 Domini,
905 514 1035 555 quam
1069 501 1285 553 cognovit,

261 577 436 616 attracta
473 574 563 614 fuit.
601 573 696 612 Ideo
725 572 920 612 subditur
956 586 964 612 ε
1011 572 1059 614 Ut
1093 571 1291 624 coqnovil

260 646 371 699 quod
397 646 516 686 Jeszcs
540 643 801 685 accubuisset
825 644 872 684 in
900 642 1021 685 domo
1060 642 1287 691 Pliarisoei‚

260 717 405 758 attulit
425 714 682 756 alabastrum
696 716 916 767 unquenti,
934 714 976 755 id
994 716 1055 755 cst
1071 714 1286 767 pyxidem,

259 798 333 826 seu
358 797 432 826 vas
453 784 664 835 alabastri,
687 785 801 838 quod
826 788 888 826 est
912 785 1125 838 quoddam
1152 794 1290 836 genus

259 855 499 905 marmoris,
522 855 566 895 in
586 867 670 908 quo
691 855 938 908 incorrupta
957 856 1183 896 servantur
1202 866 1289 894 un-

260 928 433 977 guenta.
476 925 562 966 Hoc
602 925 740 966 attulit
777 926 987 978 peccatrix
1023 925 1075 966 ad
1114 925 1290 965 domum

260 996 475 1046 Pharisaei,
496 996 541 1036 in
564 1008 648 1049 qua
668 996 880 1037 Christum
899 995 1102 1048 cognovit
1120 1007 1226 1044 csse,
1249 997 1290 1035 et

259 1079 284 1107 a
323 1078 407 1120 quo
444 1070 636 1119 suscepta
682 1067 785 1118 fuit,
827 1067 1058 1108 secundum
1097 1066 1200 1107 illud
1229 1067 1240 1088 ¹
1276 1079 1284 1105 :

265 1152 284 1175 «
304 1137 411 1178 Deus
439 1137 485 1177 in
510 1137 706 1178 domibus
734 1139 828 1190 eJus
857 1138 1153 1189 cognoscetur,
1188 1149 1289 1177 cum

259 1207 455 1259 suscipiet
486 1219 594 1247 eam.
618 1221 637 1244 ›)
671 1207 836 1258 Attulit,
866 1208 1057 1260 inquam,
1086 1219 1287 1259 unguen-

257 1280 349 1318 tum
385 1277 652 1327 humilitatis,
675 1278 750 1318 ubi
785 1278 974 1320 Christus
1010 1278 1220 1327 accubuit,
1241 1280 1290 1318 ut

257 1348 504 1401 impleretur
523 1348 626 1389 illud
641 1349 656 1370 ²
679 1360 688 1387 ε
712 1363 732 1387 <t
755 1348 864 1389 Dum
885 1350 993 1389 esset
1012 1360 1090 1389 rex
1109 1348 1154 1388 in
1173 1360 1289 1389 accu-

257 1419 347 1459 bitu
367 1431 459 1468 suo,
483 1419 640 1460 nardus
658 1431 752 1460 mea
771 1419 882 1460 dedit
905 1419 1078 1461 odorem
1099 1430 1241 1460 suum.
1265 1433 1285 1456 ι)

259 1490 358 1531 Haec
389 1493 532 1531 autem
559 1494 764 1541 aromata,
798 1491 889 1533 sive
919 1494 1159 1543 unguenta,
1193 1503 1290 1544 quae
1316 1485 1319 1488 ’

259 1561 398 1602 attulit
437 1560 688 1613 Magdalena
724 1561 902 1613 Christo,
942 1561 1162 1614 designata
1193 1564 1292 1603 sunt

259 1631 443 1672 secundo
475 1631 832 1685 Paralipomenon
861 1635 874 1657 ³
907 1646 916 1672 z
945 1647 964 1671 (ι
995 1631 1087 1672 Non
1119 1633 1291 1673 fuerunt

259 1704 448 1742 aromata
468 1702 581 1750 talia,
602 1702 742 1754 qualia
759 1702 865 1752 haec,
887 1714 984 1755 quae
1009 1702 1122 1743 dedit
1139 1703 1291 1753 regina

260 1771 369 1812 Saba
388 1772 482 1824 regi
509 1771 736 1812 Salomoni.
759 1786 778 1809 »
810 1772 1061 1824 Magdalena
1079 1773 1205 1813 etiam
1225 1775 1289 1813 at-

261 1842 358 1884 tulit
386 1841 596 1883 Salvatori
623 1844 848 1893 unguenta
878 1842 930 1883 ad
955 1843 1290 1896 impendendum

259 1914 465 1956 familiare
486 1914 754 1966 obsequium,
778 1914 831 1954 ad
857 1914 969 1967 quod
993 1914 1176 1954 admissa
1194 1914 1288 1965 fuit,

259 1986 417 2027 scilicet
450 1985 502 2026 ad
541 1985 832 2026 exhibendum
872 1986 1034 2027 Christo
1072 1998 1126 2026 ex
1157 1986 1290 2028 devo-

258 2058 386 2108 tione,
411 2056 525 2109 quod
556 2057 675 2097 carni
707 2069 795 2097 suae
824 2057 1078 2098 exhibuerat
1108 2069 1162 2098 ex
1193 2057 1287 2098 libi-

261 2128 373 2179 dine,
395 2128 476 2168 hoc
494 2130 570 2178 est,
593 2127 646 2168 ad
666 2127 940 2178 abluendum,
961 2128 1286 2179 detergendum,

258 2197 604 2247 deosculandum,
625 2199 666 2237 et
685 2196 937 2248 ungendum
964 2197 1291 2238 sacratissimam

260 2271 301 2310 et
327 2267 652 2308 mundissimam
685 2279 853 2308 carnem
886 2267 1037 2309 Christi
1067 2269 1150 2308 :ad
1178 2269 1291 2321 quod

261 2339 441 2380 admissa
461 2338 539 2378 suit
557 2340 726 2391 propter
752 2338 952 2378 affectum
972 2338 1231 2391 pcenitentiae
1252 2342 1292 2379 et

260 2409 580 2451 benevolentiae.
613 2409 828 2458 Quantum
858 2409 910 2449 ad
934 2409 1134 2449 affectum
1160 2410 1293 2462 poeni-

260 2481 417 2531 tentiae,
444 2480 596 2521 dieitur
625 2480 680 2533 (v.
705 2482 769 2531 38)
795 2492 805 2520 ε
831 2480 886 2523 Ec
905 2484 1027 2523 stans
1047 2484 1154 2523 retro
1173 2491 1292 2523 secas

259 2552 388 2605 pelles
403 2551 509 2603 ejus,
528 2552 731 2604 lacrymis
750 2553 875 2604 coepit
893 2551 1037 2604 riyare
1047 2552 1175 2604 pedes
1186 2552 1293 2604 ejus,

155 2633 241 2660 min
263 2623 418 2663 scilicet
462 2634 537 2674 per
582 2622 786 2663 dolorem.
827 2621 875 2662 In
914 2622 1141 2675 poenitente
1179 2623 1293 2663 enim

103 2683 135 2700 ve
141 2684 171 2700 ro
188 2683 243 2708 με·

263 2693 405 2734 anima
442 2692 563 2733 debet
599 2703 690 2733 esse
726 2693 878 2744 pudor,
913 2693 1044 2734 timor
1078 2695 1119 2734 et
1156 2693 1290 2735 dolor.

264 2765 407 2807 Pudor
436 2767 540 2813 erat,
561 2764 662 2816 quia
688 2764 823 2804 stabat
854 2767 989 2814 retro;
1024 2764 1166 2816 timor,
1193 2766 1294 2818 quia

263 2846 384 2876 secus
411 2835 536 2888 pedes
547 2849 556 2884 ;
591 2834 723 2884 dolor,
746 2835 846 2887 quia
876 2834 1076 2888 lacrymis
1109 2836 1291 2887 rigabat,

264 2907 370 2946 sicut
399 2906 442 2945 in
463 2905 532 2945 illo
559 2904 786 2945 Publicano
802 2936 812 2953 ,
835 2905 945 2945 infra
964 2905 977 2926 ⁶
1003 2917 1013 2946 :
1039 2920 1058 2944 (ι
1086 2905 1135 2946 Et
1154 2906 1292 2959 publi-

264 2988 394 3016 canus
419 2988 443 3016 a
464 2975 593 3027 longe
623 2977 752 3027 stans,
776 2975 944 3016 nolebat
965 2987 1043 3016 nec
1070 2977 1211 3018 oculos
1242 2977 1295 3018 ad

264 3046 417 3087 coelum
443 3045 583 3086 levare
591 3057 603 3096 3
626 3045 698 3085 sed
726 3045 984 3097 percutiebat
1003 3048 1147 3099 pectus
1167 3059 1296 3087 suum

265 3117 429 3158 dicens:
447 3116 556 3156 Deus
575 3116 782 3168 propitius
801 3118 889 3157 esto
910 3116 1016 3157 mihi
1036 3118 1289 3169 peccatori.»

266 3187 503 3229 Hieremias
524 3186 536 3207 ⁵
557 3198 571 3226 .·
597 3200 615 3223 ι)
653 3186 855 3228 Converte
883 3199 964 3238 me,
987 3189 1027 3228 et
1058 3191 1294 3240 convertar,

267 3258 367 3312 quia
402 3259 449 3298 tu
494 3256 697 3297 Dominus
734 3257 841 3297 Deus
889 3269 1024 3298 meus.
1066 3258 1297 3312 Postquam

267 3328 381 3369 enim
418 3326 661 3369 convertisti
695 3338 778 3377 me,
800 3327 869 3379 egi
907 3328 1195 3380 poenitentiam
1206 3344 1216 3380 ;
1258 3333 1299 3371 et

314 3437 320 3454 ¹
345 3435 436 3467 Psal.
458 3441 574 3473 vau,
595 3435 625 3464 4.
654 3451 688 3455 —
716 3433 730 3454 ²
751 3433 861 3472 Cant„
885 3442 916 3471 ῐ,
944 3437 993 3466 11.
1018 3453 1058 3459 —
1083 3436 1093 3453 ³
1118 3436 1143 3467 11
1169 3436 1298 3478 Paral,

271 3490 318 3524 ix,
341 3485 371 3514 9.
395 3499 436 3505 -
455 3481 466 3500 ⁴
494 3481 572 3521 int„
603 3487 704 3520 xvlll,
725 3482 776 3512 13.
795 3498 835 3504 —
857 3482 868 3500 ⁶
887 3482 1019 3521 Jerem„
1043 3490 1126 3514 xxm
1142 3506 1152 3523 ,
1175 3486 1225 3524 18,
1248 3486 1298 3516 19.

988 200 1275 245 EVANGELII
1306 197 1493 240 SANCTI
1523 197 1670 239 LUCAE

1364 288 1586 340 postquam
1620 286 1836 327 ostendisti
1872 287 1992 340 mihi,
2026 290 2212 342 percussi
2256 292 2395 334 femur

1363 369 1524 398 meum.
1544 357 1751 399 Confusus
1781 368 1892 408 sum,
1917 361 1957 399 et
1978 361 2128 401 erubui
2153 373 2162 399 :
2191 362 2394 415 quoniam

1364 427 1546 468 sustinui
1577 426 1856 479 opprobrium
1891 428 2177 472 adolescentiae
2218 444 2338 474 meae.
2368 448 2388 471 »

1368 497 1445 538 Ubi
1465 500 1703 549 tanguntur
1721 497 1802 537 tria
1827 499 2058 550 praemissa.
2082 500 2297 550 Quantum
2317 516 2393 545 au-

1364 571 1449 609 tem
1470 567 1522 608 ad
1543 568 1740 609 effectum
1760 568 2087 621 benevolentiae,
2108 572 2274 613 additur
2297 588 2306 614 :
2335 575 2397 618 Et

1363 639 1533 691 capillis
1564 640 1720 691 capitis
1748 640 1819 680 sui
1843 639 2039 691 terqebac,
2064 644 2102 682 ct
2127 644 2395 688 osculabatur

1361 710 1488 762 pedes
1510 710 1616 762 ejas,
1639 714 1677 753 el
1705 714 1918 764 unquenco
1937 711 2141 764 timebat.-
2159 714 2233 754 ubi
2255 718 2396 757 osten-

1364 780 1477 821 ditur
1502 780 1666 821 dilectio
1692 780 1997 821 benevolentiae
2026 794 2150 834 pura,
2172 783 2398 825 affectuosa

1365 852 1406 891 et
1423 850 1588 892 devota.
1611 851 1739 892 Debet
1758 851 1874 892 enim
1895 851 2075 892 charitas
2101 854 2326 904 procedere
2348 855 2398 896 de

1365 922 1488 963 corde
1508 934 1631 975 puro.
1653 922 1790 974 Magis
1816 925 1960 963 autem
1981 923 2154 964 curabat
2179 923 2230 964 de
2250 924 2398 966 infima

1365 995 1484 1045 parte
1513 993 1699 1045 corporis
1726 993 1908 1043 Domini,
1937 1006 2066 1046 quam
2100 995 2150 1035 de
2182 1007 2395 1048 suprema.

1365 1062 1458 1104 Jam
1478 1062 1593 1103 enim
1613 1074 1698 1103 non
1715 1063 1932 1113 quaerebat
1953 1063 2116 1116 placere
2136 1066 2310 1116 mundo,
2326 1067 2399 1108 sed

1365 1134 1441 1174 soli
1462 1134 1638 1184 Christo,
1663 1136 1710 1174 ut
1734 1137 1872 1186 posset
1897 1134 2033 1175 dicere
2060 1135 2164 1176 illud
2184 1136 2197 1157 ⁶
2222 1151 2231 1178 ;
2257 1151 2276 1175 α
2300 1137 2400 1186 Quis

1365 1204 1471 1244 mihi
1491 1204 1561 1245 det
1587 1206 1628 1245 te
1646 1204 1820 1245 fratrem
1846 1216 1992 1245 meum
2018 1208 2245 1257 sugentem
2266 1207 2400 1248 ubera

1366 1274 1515 1314 matris
1540 1285 1662 1325 meae,
1687 1277 1732 1315 ut
1761 1274 1979 1316 inveniam
2006 1277 2046 1316 te
2072 1275 2189 1327 foris,
2211 1279 2251 1316 et
2276 1276 2400 1317 deos-

1366 1344 1482 1385 culer
1501 1346 1557 1396 te,
1580 1347 1622 1385 et
1636 1346 1727 1398 Jam
1746 1357 1814 1385 me
1834 1357 1959 1386 nemo
1976 1345 2209 1398 despiciat?
2229 1360 2248 1384 n
2275 1346 2325 1387 Et
2355 1347 2400 1387 in

1365 1414 1431 1454 his
1461 1415 1627 1457 duobus
1659 1416 1847 1457 consistit
1879 1416 2062 1469 perfecta
2098 1417 2316 1458 conversio
2348 1416 2401 1458 ad

1366 1485 1594 1527 Christum.
1628 1485 1744 1527 Sicut
1775 1487 1891 1527 enim
1923 1487 1968 1527 in
2000 1489 2170 1540 peccato
2206 1490 2267 1528 est
2300 1500 2401 1529 con-

1365 1556 1503 1598 versio
1530 1568 1605 1609 per
1632 1556 2027 1609 concupiscentiam,
2062 1561 2102 1598 et
2133 1559 2298 1598 aversio
2327 1571 2402 1611 per

1366 1627 1636 1680 superbiam3
1677 1628 1737 1667 sic
1773 1627 1819 1667 in
1855 1628 2042 1668 remedio
2081 1630 2143 1668 est
2181 1628 2344 1669 aversio
2377 1641 2403 1669 a

1364 1701 1532 1751 peccato
1564 1711 1638 1751 per
1670 1698 1978 1752 poenitentiam,
2011 1701 2053 1739 et
2090 1700 2310 1741 conversio
2348 1700 2401 1741 ad

1366 1769 1500 1809 Deum
1520 1781 1594 1821 per
1615 1768 1968 1810 benevolentiam.
1991 1768 2042 1810 Et
2060 1782 2160 1812 vere
2189 1770 2281 1811 haec
2302 1783 2398 1812 mu-

1364 1840 1441 1880 lier
1466 1840 1547 1880 fuit
1564 1840 1744 1892 perfecte
1765 1852 1969 1881 conversa
1990 1842 2030 1880 et
2057 1852 2241 1891 reversa,
2264 1844 2312 1882 ut
2334 1842 2398 1883 di-

1365 1911 1420 1950 cit
1442 1910 1671 1962 Gregorius
1685 1914 1720 1961 ⁷,
1744 1910 1844 1963 quia
1861 1913 1965 1963 quot
1980 1911 2026 1950 in
2040 1923 2084 1951 se
2100 1911 2253 1952 habuit
2269 1912 2401 1953 oblec-

1364 1984 1566 2031 tamenta,
1582 1983 1644 2022 tot
1663 1983 1713 2022 de
1733 1993 1777 2022 se
1796 1981 1959 2022 invenit
1978 1981 2237 2022 holocausta.
2258 1981 2402 2023 Solent

1365 2053 1479 2093 enim
1516 2054 1764 2105 peccatrices
1800 2052 2000 2093 mulieres
2030 2052 2075 2092 in
2112 2052 2178 2092 his
2217 2055 2401 2105 quatuor

1365 2124 1553 2164 maxime
1573 2123 1834 2175 delinquere,
1856 2123 2011 2163 scilicet
2037 2123 2083 2163 in
2104 2123 2278 2164 nutibus
2305 2135 2402 2164 ocu-

1364 2196 1528 2245 lorum3
1553 2196 1695 2237 Isaias
1715 2195 1728 2217 ⁸
1752 2207 1766 2236 .·
1792 2210 1811 2234 c<
1836 2196 2018 2237 Nutibus
2044 2196 2266 2236 oculorum
2286 2196 2402 2237 ibant

1365 2271 1406 2308 et
1434 2268 1711 2320 plaudebant,
1746 2270 1786 2308 et
1816 2268 2112 2317 ambulabant,
2150 2271 2190 2308 et
2225 2269 2401 2320 pedibus

1365 2338 1452 2378 suis
1488 2341 1529 2378 et
1566 2338 1795 2391 composito
1829 2338 1967 2389 gradu
1999 2338 2260 2379 incedebant.
2295 2353 2314 2376 >³
2352 2338 2401 2379 In

1366 2409 1615 2462 capillorum
1635 2410 1852 2461 superssua
1870 2409 2179 2462 praeparatione
2193 2413 2206 2434 ⁹
2230 2423 2238 2448 :
2267 2423 2286 2447 (‹
2308 2408 2400 2450 Non

1366 2481 1420 2520 sit
1449 2481 1711 2521 extrinsecus
1736 2479 1999 2532 capillatura,
2022 2481 2096 2520 aut
2128 2479 2401 2520 circumdatio

1365 2551 1474 2603 auri,
1490 2554 1564 2592 aut
1579 2551 1817 2591 indumenti
1838 2550 2187 2591 vestimentorum
2203 2550 2357 2590 cultus.
2376 2563 2396 2588 2>

1367 2623 1414 2663 In
1441 2622 1732 2675 voluptatibus
1763 2620 2007 2662 osculorum
2028 2621 2057 2646 ¹⁰
2081 2634 2089 2661 :
2119 2635 2138 2659 α
2157 2620 2404 2673 Apprehen-

1368 2705 1549 2746 sumque
1584 2691 1853 2734 deosculatur
1886 2692 2115 2743 juvenem,
2152 2693 2193 2731 et
2236 2691 2402 2744 procaci

1367 2765 1494 2807 vultu
1535 2763 1766 2804 blanditur.
1805 2776 1824 2800 »
1877 2762 2080 2815 Sequitur
2119 2776 2128 2801 :
2171 2777 2191 2800 c(
2221 2761 2402 2813 Egressa

1367 2848 1462 2876 sum
1496 2835 1542 2875 in
1573 2845 1797 2875 occursum
1826 2836 1965 2883 tuum,
1996 2832 2235 2873 desiderans
2263 2833 2304 2872 te
2333 2831 2399 2873 vi-

1367 2907 1481 2957 dere,
1501 2907 1543 2947 et
1573 2904 1766 2958 reperi.»
1808 2903 1856 2943 In
1887 2902 2167 2944 suavitatibus
2197 2913 2397 2953 unguen-

1367 2980 1524 3028 torum,
1558 2977 1665 3016 sicut
1692 2975 1845 3016 dicitur
1864 2974 1907 3024 ¹¹,
1929 2973 2044 3026 quod
2072 2987 2092 3011 (ι
2111 2972 2262 3025 puellae
2285 2973 2400 3025 regis

1368 3047 1641 3099 ungebantur
1672 3044 1763 3085 oleo
1793 3043 2031 3095 myrrhino,
2061 3056 2080 3080 ›)
2121 3044 2199 3082 etc.
2229 3041 2280 3082 Et
2308 3042 2401 3084 ideo

1368 3118 1548 3172 perfecte
1563 3114 1804 3169 poenitentis
1820 3113 1932 3155 oculi
1946 3112 2185 3154 serviebant
2205 3112 2256 3153 ad
2270 3112 2402 3165 lacry-

1369 3188 1589 3236 mandum,
1612 3186 1671 3226 ita
1706 3186 1755 3226 ut
1789 3183 1975 3224 Christus
2011 3182 2050 3222 ei
2089 3184 2228 3234 posset
2264 3182 2401 3224 dicere

1370 3258 1475 3299 illud
1489 3258 1519 3283 ¹²
1535 3272 1542 3297 :
1556 3271 1575 3296 «
1590 3255 1746 3298 Audivi
1758 3253 1994 3296 orationem
2008 3254 2125 3294 tuam
2140 3266 2148 3293 z
2164 3252 2252 3294 vidi
2266 3253 2400 3306 lacry-

1371 3407 1410 3413 —
1429 3390 1441 3408 θ
1461 3389 1571 3429 Cant„
1592 3394 1668 3426 vui,
1688 3389 1716 3418 1.
1738 3402 1779 3409 —
1797 3385 1811 3407 ⁷
1831 3386 1946 3425 Greg.,
1965 3384 2030 3415 loc.
2051 3393 2133 3416 mox
2150 3384 2208 3416 cit.
2229 3401 2268 3407 --
2288 3385 2301 3406 ⁸
2325 3384 2402 3426 lsa„

1373 3438 1560 3476 111,16.—
1581 3434 1595 3456 ⁹
1619 3435 1629 3465 1
1650 3434 1754 3472 Pelen,
1776 3440 1827 3470 ιιι,
1849 3433 1880 3462 3.
1900 3448 1938 3455 —-
1959 3432 1985 3453 ¹⁰
2004 3432 2113 3472 Prov„
2134 3439 2195 3472 vn,
2216 3433 2267 3472 13,
2290 3433 2342 3464 15.
2363 3449 2402 3455 —

1373 3485 1397 3506 ¹¹
1419 3482 1531 3522 Esne,
1556 3489 1592 3521 ιι,
1615 3482 1666 3513 15.
1687 3495 1726 3503 -
1750 3479 1775 3503 ¹²
1795 3479 1837 3512 1V
1859 3479 1951 3519 Κεφ,
1971 3485 2030 3519 xx,
2050 3479 2079 3510 5.
