2587 3845
54 915 180 949 Quisque

4 972 7 984 2
55 958 170 992 peceato

4 991 8 1030 ἓ
61 997 168 1024 veniali

44 1040 93 1066 diu
106 1047 184 1065 care-

2 1087 6 1099 ›·
65 1088 94 1108 re
107 1088 166 1106 non

62 1123 165 1156 potest.

1109 170 1276 213 CAPUT
1306 171 1389 212 XV.

193 262 276 301 illic
301 271 367 310 es,
400 273 419 296 ι)
456 261 534 299 θῖθ.
568 259 673 299 Item
705 260 716 282 ¹
749 274 757 299 :
801 274 819 296 «
847 259 940 299 Non
973 260 1049 308 est,
1073 259 1215 311 quide

193 341 324 370 manu
342 341 436 369 mea
460 329 589 381 possit
608 341 769 369 eruere.
793 343 812 366 n
841 329 982 370 Sciens
1002 329 1214 380 maqm'tu-

193 399 336 441 dinem
356 402 489 449 tuam,
512 399 851 450 magnitudinem
864 398 954 439 dico
968 410 1054 438 non
1073 398 1210 448 molis,

194 469 266 509 sed
284 468 471 518 virtutis,
506 469 648 508 onmia
672 468 977 518 continentem,
1010 470 1051 508 et
1076 467 1219 507 omnia

194 539 408 579 destruere
445 538 669 578 valentem.
717 537 832 577 Unde
869 538 882 559 ²
923 551 931 577 ε
974 551 992 574 »
1037 537 1219 589 Magnus

195 609 318 659 Deus,
339 611 380 648 et
398 621 555 660 magna
574 609 711 649 virtus
730 609 834 660 ejus.
856 622 875 644 n
900 607 956 649 Et
971 609 1010 649 Si
1028 618 1114 649 reon
1125 618 1218 659 pec-

196 680 458 730 caverimus,
481 679 642 719 'scilicet
676 681 842 731 peccato
879 678 1072 726 mortali,
1108 678 1221 730 quod

196 753 258 791 est
276 753 492 803 peccatum
523 749 769 801 simpliciter
785 780 795 797 ,
817 751 856 788 et
877 749 1063 788 maxime
1083 760 1223 801 pecca-

198 824 289 860 tum
308 820 586 869 infidelitatis,
618 819 729 871 quod
762 822 823 859 est
852 821 1071 871 peccatum
1101 821 1221 858 anto-

198 891 441 930 nomastice.
463 889 632 930 Peccato
652 889 764 929 enim
792 889 946 929 veniali
968 900 1108 929 carere
1137 901 1224 928 non

199 972 440 1014 possumus,
462 963 534 1000 aut
553 960 588 999 si
609 971 853 1011 possumus,
870 971 954 1000 non
970 962 1115 999 tamen
1134 958 1222 999 diu.

201 1031 319 1072 Unde
337 1035 351 1056 ³
375 1044 383 1072 :
406 1046 426 1070 α
445 1030 491 1071 Si
509 1030 754 1080 dixerimus,
777 1030 890 1082 quod
904 1033 1122 1082 peccatum
1140 1042 1227 1070 non

202 1103 423 1151 habemus,
445 1101 721 1152 nosmetipsos
741 1101 994 1150 seducimus,
1014 1103 1054 1140 et
1073 1100 1228 1141 veritas

203 1173 249 1212 in
277 1171 397 1212 nobis
427 1182 514 1211 non
545 1172 662 1210 est.»
696 1170 751 1211 Si
782 1180 868 1210 non
899 1171 1226 1221 peccaverimus,

204 1242 401 1293 inquam,
440 1244 540 1289 etc„
583 1240 761 1289 scimus,
795 1240 950 1279 scilicet
981 1252 1055 1291 per
1085 1240 1229 1291 fidem,

206 1310 404 1362 quoniam
424 1309 541 1361 apud
565 1314 603 1351 te
623 1319 766 1350 sumus
783 1310 1015 1361 computati
1025 1321 1042 1360 ,·
1063 1309 1226 1348 Glossa:

209 1394 228 1418 α
241 1379 353 1432 apud
371 1391 499 1431 quem
520 1379 728 1419 bonorum
743 1391 918 1431 operum
944 1390 1148 1419 numerus
1161 1379 1234 1418 sci-

207 1453 293 1498 tur,
314 1448 384 1490 vel
401 1450 608 1489 servatur.
642 1462 662 1485 n
697 1448 812 1489 Unde
832 1452 846 1473 ⁴
868 1461 877 1489 :
912 1463 931 1485 c<
950 1448 1234 1489 Dinumerabo

209 1532 301 1569 eOS,
341 1523 382 1561 et
418 1531 546 1572 super
573 1531 746 1560 arenam
777 1519 1228 1572 multiplicabuntur.»

209 1590 293 1632 Nec
311 1591 451 1631 solum
471 1590 699 1639 numerati,
721 1589 791 1630 sed
805 1590 933 1630 etiam
947 1590 1236 1630 nominatium

211 1661 423 1714 adscripti.
458 1660 578 1701 Unde
607 1661 620 1682 ⁵
657 1672 667 1700 :
695 1676 713 1699 ε(
748 1659 854 1708 Quia
890 1660 1064 1700 nomina
1098 1663 1237 1700 vestra

212 1730 366 1782 scripta
381 1733 480 1771 sunt
497 1730 542 1769 in
556 1729 683 1770 coelis.
705 1745 724 1767 »
752 1730 954 1770 Dicuntur
975 1732 1117 1770 autem
1138 1730 1237 1770 boni

214 1815 305 1843 esse
324 1802 553 1855 computati
571 1802 678 1841 sicut
700 1801 836 1842 dilecti
857 1805 896 1841 et
917 1801 1049 1848 electi,
1072 1804 1112 1841 et
1132 1801 1238 1841 bene

215 1875 390 1925 possunt
408 1872 666 1924 computari,
697 1872 798 1923 quia
834 1871 985 1923 pauci,
1009 1871 1239 1911 secundum

216 1942 318 1983 illud
355 1941 370 1962 ⁶
404 1955 414 1982 ε
458 1957 478 1980 α
497 1941 617 1982 Multi
647 1945 746 1982 sunt
783 1941 945 1991 vocati,
981 1941 1103 1991 pauci
1137 1953 1240 1982 vero

217 2013 350 2054 electi.
390 2026 409 2050 ι)
449 2012 544 2052 Mali
580 2014 722 2052 autem
761 2023 849 2051 non
885 2014 1183 2064 computantur
1216 2024 1241 2053 a

218 2084 321 2135 Deo,
355 2083 462 2124 sicut
491 2083 634 2124 nullus
675 2085 890 2135 computat
922 2086 1136 2123 monetam
1172 2095 1239 2124 re-

219 2155 460 2207 probatam;
489 2153 571 2206 ipsi
602 2156 743 2194 autem
772 2158 872 2194 sunt
897 2154 1121 2206 reprobata
1150 2166 1243 2195 mo-

223 2227 336 2275 neta,
377 2224 609 2264 secundum
640 2223 745 2264 illud
774 2224 786 2244 ⁷
811 2238 819 2264 ε
854 2238 873 2261 α
904 2224 1146 2275 Argentum
1174 2237 1242 2265 re-

219 2295 400 2347 probum
428 2296 572 2334 vocate
611 2304 697 2334 eos.
723 2307 742 2331 ))
765 2293 894 2343 Item,
929 2294 1029 2346 quia
1058 2294 1240 2346 infiniti,

221 2365 455 2406 secundum
475 2364 579 2404 illud
599 2363 612 2385 ⁸
638 2378 647 2404 ε
676 2378 695 2401 ((
715 2363 951 2404 Stultorum
974 2364 1166 2405 infinitus
1185 2370 1245 2406 est

221 2446 439 2475 numerus.
461 2448 480 2471 ›>
504 2433 590 2473 Hoc
610 2437 754 2473 tamen
771 2446 857 2473 non
879 2436 940 2473 est
970 2446 1024 2474 ex
1043 2435 1247 2487 impoten-

226 2505 281 2545 tia
299 2504 371 2544 Dei
394 2503 695 2555 computantis,
734 2503 806 2543 sed
834 2503 972 2555 magis
1006 2516 1060 2544 ex
1096 2517 1245 2546 eorum

224 2574 490 2625 indignitate.
538 2573 732 2614 Peccator
774 2573 887 2613 enim
932 2573 1136 2625 indiguus
1185 2579 1248 2616 θεῖ

224 2655 351 2695 pane,
383 2655 467 2696 quo
496 2643 704 2693 vescitur,
742 2645 790 2682 ut
827 2643 924 2682 dicit
961 2643 1244 2695 Augustinus,

224 2713 329 2754 Item
353 2713 461 2753 infra
485 2716 499 2738 ⁹
521 2727 530 2754 ι
559 2712 703 2753 «Luto
723 2712 847 2752 vilior
870 2713 958 2754 vita
977 2715 1012 2766 ej
1023 2726 1069 2753 us
1098 2728 1106 2754 :
1130 2727 1149 2751 n
1175 2714 1248 2755 lu-

223 2786 315 2824 tum
335 2786 479 2824 autem
497 2782 641 2823 nullus
660 2785 934 2835 computaret.

277 2856 316 2894 3.
331 2853 460 2895 Nosse
479 2854 605 2902 enim,
625 2855 702 2893 etc.
726 2851 839 2892 Bene
858 2853 968 2901 dixi,
991 2853 1032 2894 si
1049 2863 1134 2895 ηοη
1150 2864 1246 2906 pec-

224 2925 482 2974 caveremus,
505 2926 545 2964 et
565 2923 751 2963 maxime
771 2926 939 2975 peccato
973 2923 1244 2975 infidelitatis,

224 2994 490 3048 quodsumus
511 2993 629 3046 apud
645 2996 682 3035 te
694 2994 928 3045 computati
957 3006 970 3034 .·
1002 3004 1120 3036 nosse
1139 2995 1249 3036 enim

226 3070 277 3116 te,
299 3065 453 3105 scilicet
467 3076 541 3117 per
560 3063 686 3104 fidem
701 3064 941 3113 formatam,
959 3069 1250 3108 consummata

220 3135 482 3186 justitiam,
505 3134 547 3174 id
564 3137 640 3181 θεῖ,
662 3133 858 3185 perfectio
873 3135 1051 3185 ,iustitiae
1073 3136 1117 3175 in
1136 3148 1248 3188 prae-

228 3205 348 3244 senti.
369 3203 421 3244 Et
437 3204 517 3244 hoc
535 3203 861 3255 intelligendum
882 3205 1116 3251 causaliter,
1133 3208 1178 3245 ut
1198 3206 1252 3246 sit

274 3284 284 3304 ¹
304 3284 415 3324 Deut„
433 3292 541 3324 xxxn,
562 3286 613 3316 39.
629 3302 665 3307 -
684 3285 697 3305 ²
717 3285 806 3316 Psal.
827 3293 946 3325 chvr,
965 3288 994 3317 5.
1018 3303 1056 3308 —
1081 3286 1121 3317 ³1
1142 3286 1249 3326 Joan„

230 3339 261 3370 1,
290 3331 321 3361 8.
345 3347 386 3354 —
408 3331 420 3349 ⁴
447 3331 540 3362 Psal.
567 3338 741 3372 cxxxvlii,
771 3333 821 3363 18.
847 3349 887 3355 —
916 3333 929 3354 5
951 3333 1041 3372 Luc„
1068 3341 1107 3372 x,
1132 3335 1186 3365 20.
1212 3350 1253 3357 -

232 3376 245 3396 ⁶
262 3376 393 3416 Manli„
409 3385 497 3417 xxti,
518 3380 568 3409 14.
585 3395 620 3400 -
644 3379 653 3397 ⁷
672 3379 774 3416 Hier„
797 3386 843 3417 vi,
864 3379 915 3410 30.
932 3396 968 3401 —-
991 3380 1001 3397 Β
1019 3379 1138 3419 Εεεῖθ.,
1157 3387 1179 3418 ¹,
1199 3382 1249 3412 15.

231 3438 272 3447 —
289 3423 301 3441 ⁹
322 3422 414 3464 Sap„
434 3426 562 3464 xv,10.
582 3442 622 3448 —
646 3425 673 3447 ¹⁰
694 3425 798 3462 Rom„
818 3433 850 3464 ν,
876 3428 905 3456 1.
926 3442 966 3451 -·
986 3426 1009 3448 ¹²
1029 3426 1132 3465 Rom,
1152 3433 1196 3465 iv,
1217 3427 1248 3458 3.

2238 179 2314 218 105

1291 269 1437 299 sensus
1459 272 1468 298 ε
1489 258 1618 301 Nosse
1637 262 1673 300 te
1694 271 1767 312 per
1786 258 1928 309 fidem,
1951 260 2013 299 est
2029 266 2318 306 consummata

1287 329 1485 380 justitia,
1501 329 1542 369 id
1563 332 1639 379 est,
1659 342 1784 370 causa
1801 332 2107 371 consummatae
2117 332 2314 383 justitiae;

1293 399 1396 439 fides
1425 399 1537 439 enim
1569 399 1784 450 justificat.
1818 398 1936 440 Unde
1958 400 1985 424 ¹0
2017 412 2027 439 :
2065 399 2320 442 «Justificati

1294 480 1399 520 ergo
1420 480 1472 508 ex
1488 469 1584 517 fide,
1605 483 1624 506 ›>
1648 471 1725 509 etc.
1749 469 1852 509 Item
1875 469 1901 490 ¹¹
1917 483 1925 509 :
1944 483 1963 507 α
1987 469 2165 510 Credidit
2184 470 2319 512 Abra-

1294 539 1395 577 ham
1418 538 1516 587 Deo,
1540 541 1579 578 et
1600 542 1841 591 reputatum
1861 541 1922 579 est
1935 539 1996 579 illi
2008 540 2057 579 ad
2067 540 2316 592 Justitiam.»

1296 609 1350 650 Εῑ
1368 610 1476 650 scire
1492 640 1503 658 ,
1524 609 1680 649 scilicet
1700 622 1773 661 per
1791 610 1918 650 fldem
1938 610 2176 661 formatam,
2199 612 2324 661 fusti-

1298 680 1402 720 ziam
1423 679 1673 720 etvirtzctem
1692 683 1823 730 tuam,
1843 681 2055 732 Justitiam
2074 681 2227 722 scilicet
2246 682 2322 722 bo-

1297 748 1460 798 nitatIs,
1484 752 1522 790 et
1541 749 1740 791 virtutem
1759 750 1992 801 potestatis,
2014 750 2083 791 vel
2110 751 2323 802 virtutem,

1298 818 1336 858 id
1361 820 1436 868 est,
1459 817 1693 868 Christum,
1715 819 1788 871 qui
1809 822 1884 859 est.
1910 823 1940 844 ¹2
1966 834 1985 857 «
2006 820 2076 860 Dei
2093 821 2252 871 virtus,
2287 822 2329 862 et

1301 888 1517 940 sapientia,
1537 902 1556 925 ))
1582 888 1717 930 radim
1737 892 1797 930 est
1816 890 2166 940 immortalitatis,
2190 891 2233 931 id
2250 893 2325 942 est,

1300 959 1556 1013 principium
1579 963 1619 1000 et
1638 972 1765 1000 causa
1797 963 1970 1002 aeternae
1998 961 2266 1002 beatitudinis
2284 962 2331 1002 in

1301 1030 1461 1070 futuro.
1485 1030 1602 1071 Unde
1619 1031 1676 1071 ¹³:
1707 1046 1725 1069 (ι
1754 1030 1852 1071 Haec
1883 1034 1944 1072 θεῖ
1977 1032 2063 1072 vita
2093 1034 2264 1084 aeterna,
2285 1035 2334 1073 ut

1304 1102 1561 1151 cognoscant
1580 1103 1622 1141 te
1640 1101 1779 1141 solum
1798 1113 1951 1141 verum
1971 1102 2127 1151 Deum,
2150 1105 2228 1143 etc.
2254 1103 2334 1143 Ra-

1305 1171 1402 1219 dz'oe,
1424 1171 1462 1210 id
1485 1173 1560 1220 est,
1596 1171 1758 1211 arboris
1781 1171 2009 1223 spiritualis
2023 1203 2035 1221 ,
2069 1171 2111 1212 id
2132 1174 2208 1222 est,
2231 1172 2333 1213 vitae

1301 1240 1426 1293 justi,
1451 1241 1524 1293 qui
1558 1243 1620 1280 ost
1649 1242 1678 1266 ¹⁸
1710 1241 1856 1281 «sicut
1892 1241 2061 1293 lignum
2098 1242 2334 1294 plantatum

1307 1323 1426 1350 secus
1458 1311 1661 1350 decursus
1692 1323 1916 1362 aquarum.
1949 1326 1969 1348 »
2005 1315 2081 1351 etc.
2121 1312 2255 1352 Radix
2276 1314 2337 1352 θεῖ

1308 1380 1426 1430 fides,
1452 1383 1498 1419 ut
1515 1380 1585 1419 hic
1605 1379 1780 1430 dicitur,
1818 1392 1890 1432 pes
1908 1381 2128 1420 humilitas
2146 1396 2154 1430 ;
2189 1382 2294 1422 sicut
2315 1394 2338 1422 e

1310 1450 1518 1490 contrario
1539 1462 1611 1502 pes
1630 1450 1862 1502 impiorum
1882 1453 1945 1490 est
1964 1451 2175 1503 superbia,
2194 1463 2339 1492 secun-

1310 1520 1411 1560 dum
1431 1519 1537 1560 illud
1557 1521 1582 1542 ¹⁵
1601 1532 1611 1560 :
1638 1535 1657 1558 α
1676 1520 1767 1561 Non
1788 1521 1928 1561 veniat
1950 1521 2056 1561 mihi
2075 1533 2168 1574 spes
2189 1532 2339 1574 super-

1310 1590 1405 1630 biae.
1419 1604 1436 1627 n
1464 1589 1636 1642 Scirpus
1647 1591 1690 1630 in
1708 1591 1840 1644 altum
1853 1603 1896 1631 se
1913 1591 2099 1643 erigens,
2114 1593 2174 1632 est
2188 1603 2282 1644 spes
2292 1592 2336 1632 ¹⁶:

1318 1676 1336 1699 a
1357 1660 1460 1710 Quae
1483 1673 1653 1701 sursum
1673 1664 1771 1701 sunt
1787 1662 1980 1714 quaerite.
2000 1676 2019 1699 υ
2045 1661 2212 1702 Humor
2232 1661 2341 1702 inte-

1311 1731 1399 1770 rior
1418 1734 1458 1771 et
1477 1730 1665 1771 viriditas
1685 1731 1758 1783 huj
1767 1743 1816 1772 us
1835 1732 1998 1772 arboris
2026 1735 2087 1772 θεῖ
2114 1731 2253 1783 gratia
2272 1731 2341 1772 in-

1313 1803 1445 1840 ternae
1471 1801 1728 1851 devotionis;
1752 1804 1792 1841 et
1810 1801 1882 1843 Job
1903 1802 1931 1827 ¹⁷
1956 1816 1963 1842 :
1994 1793 2013 1840 ἑ(
2031 1801 2246 1855 Numquid
2266 1815 2344 1856 po-

1313 1874 1394 1911 test
1415 1871 1560 1912 vivere
1580 1872 1742 1924 scirpus
1771 1872 1929 1924 absque
1954 1872 2164 1913 humore?
2188 1887 2207 1911 ))
2224 1872 2342 1914 Calor

1315 1941 1505 1992 dirigens
1549 1945 1612 1981 est
1646 1942 1785 1981 virtus
1832 1942 2068 1992 charitatis3
2111 1942 2223 1983 unde
2262 1944 2290 1969 ¹⁸
2329 1957 2339 1984 z

1316 2011 1467 2063 Ignem
1492 2012 1589 2052 veni
1619 2012 1786 2052 mittere
1808 2012 1852 2051 in
1870 2015 2041 2062 terram,
2064 2026 2083 2049 ))
2108 2014 2203 2062 eto.;
2227 2015 2344 2054 exte-

1315 2082 1402 2122 rior
1420 2082 1620 2134 irrigans,
1642 2082 1831 2122 doctrina
1850 2082 2097 2135 spiritualis.
2131 2082 2248 2124 Unde
2269 2083 2345 2124 Sa-

1315 2153 1472 2204 pientia
1491 2153 1589 2193 dicit
1609 2153 1669 2193 ¹⁹:
1698 2168 1716 2190 «
1736 2152 1900 2204 Rigaho
1921 2153 2095 2194 hortum
2127 2154 2346 2206 plantatio-

1316 2235 1424 2262 num
1442 2235 1649 2264 mearum.
1673 2237 1692 2260 ))
1714 2223 1858 2273 Rami,
1894 2223 2187 2276 multiplicatio
2221 2225 2346 2266 honae

1317 2293 1597 2345 operationis;
1632 2296 1673 2333 et
1694 2295 1724 2318 ²⁰
1760 2307 1768 2332 :
1792 2309 1810 2332 (ι
1830 2292 1990 2334 Montes
2024 2294 2173 2343 Israel,
2207 2306 2348 2335 ramos

1320 2366 1478 2402 vestros
1503 2364 1741 2415 expandite.
1766 2379 1785 2401 n
1810 2363 1974 2415 Flores,
1998 2376 2140 2405 mores
2158 2365 2348 2406 honestae

1319 2433 1676 2482 conversationis;
1704 2433 1818 2473 unde
1838 2434 1866 2455 ²²
1901 2448 1910 2474 ε
1941 2448 1960 2470 <1
1976 2433 2008 2473 F
2011 2433 2120 2473 lores
2139 2446 2346 2486 apparue-

1319 2505 1420 2542 runt
1438 2501 1483 2542 in
1502 2505 1612 2542 terra
1632 2505 1791 2542 nostra.
1815 2517 1834 2539 ›)
1861 2502 1992 2553 Folia,
2014 2504 2142 2543 verba
2156 2504 2347 2545 diseretae

1318 2572 1569 2622 locutionis,
1606 2572 1841 2613 secundum
1860 2572 1964 2613 illud
1991 2573 2021 2595 ²³
2051 2587 2059 2613 :
2086 2588 2105 2612 α
2122 2576 2172 2614 Εῖ
2198 2574 2348 2614 folium

1321 2644 1414 2695 ejus
1433 2655 1520 2683 non
1549 2643 1718 2683 defluet.
1737 2657 1756 2680 n
1782 2642 1983 2692 Fructus,
2004 2644 2159 2684 mentis
2179 2647 2351 2687 aeternae

1319 2712 1619 2753 retributiones
1647 2712 1677 2737 ²³
1712 2727 1720 2752 :
1748 2712 2005 2754 «Bonorum
2030 2713 2226 2754 laborum
2254 2715 2347 2767 glo-

1320 2782 1459 2822 riosus
1479 2784 1541 2822 est
1560 2783 1740 2822 fructus.
1766 2796 1785 2819 n

1375 2856 1415 2893 4.
1432 2853 1527 2895 Non
1546 2853 1675 2903 enim,
1698 2854 1775 2893 etc.
1808 2851 1919 2893 Bene
1938 2852 2041 2904 dixi,
2058 2855 2261 2906 quoniam
2279 2866 2349 2898 su-

1323 2936 1416 2966 mus
1433 2924 1551 2977 apud
1569 2928 1605 2966 te
1624 2925 1870 2976 computati,
1889 2936 1980 2973 nOS,
2008 2927 2048 2965 et
2065 2937 2150 2965 non
2164 2927 2250 2977 alii,
2271 2928 2351 2968 sci-

1324 2995 1417 3035 licet
1433 2994 1662 3035 idololatrae
1678 3007 1687 3035 t
1702 3004 1786 3036 non
1800 2995 1912 3036 enim
1932 2995 1977 3035 in
1989 3005 2184 3046 errorem,
2199 2997 2354 3038 scilicet

1323 3064 1585 3115 idololatriae,
1602 3064 1747 3117 quiesi:
1767 3076 1884 3105 error
1903 3065 2158 3117 praecipuus,
2173 3066 2354 3109 induxit

1324 3145 1421 3186 nos,
1440 3134 1595 3175 scilicet
1613 3135 1723 3175 sicut
1749 3134 1871 3184 alios,
1895 3134 1947 3174 de
1967 3135 2122 3187 quibus
2142 3147 2270 3187 supra
2285 3138 2318 3160 ²⁴
2341 3147 2352 3177 ε

1324 3256 1365 3262 -
1386 3241 1408 3259 ¹²
1429 3242 1441 3272 Ι
1462 3241 1551 3279 Com,
1569 3249 1593 3279 1,
1613 3241 1663 3271 23.
1679 3257 1720 3262 —
1742 3240 1768 3261 ²³
1783 3240 1893 3280 J0a7z.‚
1914 3247 2001 3280 xvn,
2016 3241 2047 3271 3.
2062 3240 2146 3263 ...14
2162 3239 2254 3271 Psal.
2276 3247 2300 3279 Ι,
2320 3241 2351 3271 3.

1324 3304 1366 3310 -
1384 3288 1409 3309 ¹⁵
1425 3287 1515 3318 Psal.
1532 3294 1638 3326 XXXV,
1655 3288 1705 3318 12.
1719 3304 1760 3310 -
1782 3287 1807 3308 ¹⁶
1823 3285 1962 3327 Coloss,
1979 3293 2031 3324 111,
2049 3289 2078 3318 1.
2092 3303 2131 3309 —
2150 3286 2174 3308 ¹⁷
2189 3285 2260 3327 Job,
2275 3293 2353 3324 vm,

1327 3336 1377 3365 11.
1404 3350 1443 3357 -
1473 3334 1498 3356 ²8
1529 3333 1619 3373 Luc„
1646 3341 1717 3373 ΧΠ,
1751 3334 1803 3365 49.
1837 3350 1878 3357 —
1911 3334 1933 3352 ¹⁹
1958 3332 2076 3372 Eccli.,
2105 3339 2203 3372 xxm,
2231 3333 2282 3364 42.
2311 3349 2353 3357 —

1325 3381 1354 3403 ⁵⁰
1374 3380 1505 3419 Ezech„
1524 3388 1643 3419 xxxvi,
1666 3381 1694 3411 8.
1717 3397 1758 3403 —
1774 3380 1805 3402 ²¹
1821 3380 1933 3418 Cant„
1948 3386 1987 3419 11,
2003 3381 2052 3410 12.
2068 3395 2108 3403 —
2126 3379 2152 3401 ²²
2168 3377 2259 3411 Psal.
2276 3387 2302 3421 1,
2318 3380 2351 3413 2.

1327 3444 1362 3450 -—
1380 3428 1408 3449 ²³
1427 3429 1518 3468 Sap„
1541 3435 1592 3469 111,
1614 3429 1664 3459 15.
1678 3444 1720 3450 -
1737 3427 1765 3450 ²⁶
1786 3427 1881 3466 Sap.‚
1899 3433 1970 3463 xiv,
1993 3427 2044 3456 18.
