2634 3853
250 74 328 114 238

249 162 368 206 dicta
380 166 482 206 sunt
496 163 574 206 tibz·
588 175 614 206 a
629 164 823 206 Domino.
839 162 962 203 Fides
978 161 1092 202 enim
1109 158 1276 197 beatam

249 233 359 275 fecit.
394 239 403 260 ¹
441 249 459 273 ε(
480 234 630 275 Beatus
656 248 721 285 es,
758 234 904 275 Simon
933 232 1117 281 Barjona
1131 261 1140 278 ⁷
1176 227 1277 279 quia

251 317 346 346 caro
367 309 407 346 et
425 306 602 356 sanguis
616 317 701 345 non
723 304 925 345 rovelavit
945 301 1042 350 tibi3
1067 299 1138 340 sed
1158 298 1278 338 Pater

250 389 387 427 meus,
413 377 485 429 qui
511 377 552 415 in
573 376 686 416 coelis
704 377 778 415 cst.
803 388 821 411 ))
849 373 899 413 Et
913 373 957 412 in
977 372 1136 413 Joaome
1157 370 1210 420 (α)
1227 371 1241 392 ²
1266 382 1274 408 :

257 462 276 486 α
294 446 431 497 Beati,
455 447 529 499 qui
547 458 632 487 non
653 446 872 495 viderunt,
897 446 936 484 et
956 442 1236 483 erediderunt.
1257 453 1275 476 1)

251 518 364 559 Facit
384 518 509 558 etiam
530 517 632 556 fides
651 516 797 565 bonos,
814 514 915 567 quia
934 512 1173 554 inchoando
1188 522 1276 552 mc—

250 589 402 639 ritum,
439 587 620 640 disponit
653 587 704 627 ad
736 586 902 639 praemii
944 582 1277 626 consummatio-

250 672 348 700 nem
369 660 381 681 ³
413 673 420 699 :
457 674 475 696 α
504 658 725 699 Confidens
757 657 839 698 hoc
872 657 1039 710 ipsum,
1073 654 1173 708 quia
1205 654 1277 706 qui

248 730 371 783 coepit
392 729 435 769 in
455 729 577 770 vobis
596 740 704 781 opus
723 728 886 770 bonum
901 760 911 777 ‚
941 740 1077 781 usque
1100 727 1144 766 in
1164 726 1277 766 diem

247 801 346 842 Jesu
373 800 523 842 Christi
556 800 757 853 perficiet.
786 814 804 837 ›)
838 799 886 840 Et
912 800 993 840 hoc
1025 798 1176 838 merito
1201 811 1209 837 ε
1238 799 1279 836 et

248 871 307 912 sic
325 872 480 912 sactum
502 874 563 911 est
582 870 742 912 Mariae.
765 870 885 921 Nota,
908 870 1021 923 quod
1041 868 1277 909 beatifican-

248 944 317 983 tur
334 942 380 982 in
406 942 619 994 Scriptura
649 953 736 981 non
764 941 904 981 solum
934 940 1175 990 credenteS,
1205 938 1277 979 sed

248 1014 374 1055 etiam
405 1016 619 1066 sperantes
647 1013 660 1034 '⁴
684 1027 692 1052 :
726 1028 746 1051 «
776 1012 929 1053 Beatus
954 1011 1036 1061 vir,
1070 1012 1197 1063 cujus
1216 1011 1278 1050 est

246 1094 402 1123 nomen
420 1081 586 1122 Domini
601 1093 695 1134 spes
709 1083 815 1134 eius.
830 1095 849 1119 ))
870 1081 973 1121 Item
986 1081 1212 1132 diligentes
1233 1081 1246 1103 ⁸
1265 1093 1273 1119 ε

253 1153 403 1194 «Beati
421 1156 538 1204 sunt,
562 1154 635 1206 qui
656 1156 696 1193 te
724 1153 944 1203 viderunt,
966 1152 1069 1193 etin
1093 1151 1277 1192 amicitia

246 1226 320 1265 tua
337 1224 518 1265 decorati
538 1226 652 1264 sunt.
676 1238 694 1260 >)
722 1224 827 1264 Item
847 1224 1042 1264 timentes
1062 1227 1075 1249 ⁶
1100 1238 1108 1263 z
1138 1238 1157 1261 «
1177 1221 1277 1263 Bea-

246 1297 315 1336 tus
335 1295 484 1345 homo,
508 1294 574 1334 cui
595 1294 799 1335 donatum
824 1297 885 1335 est
905 1294 1062 1334 habere
1078 1294 1275 1334 timorem

247 1365 333 1407 Dei.
355 1380 374 1404 ι)
399 1366 449 1407 Et
474 1378 624 1406 rursus
652 1366 698 1405 in
718 1365 884 1408 Psalmo
905 1366 918 1388 ⁷
941 1380 949 1406 z
981 1381 1000 1404 «
1019 1367 1172 1405 Beatus
1192 1364 1273 1415 vir,

247 1437 321 1490 qui
335 1437 453 1478 timet
467 1436 713 1478 Dominum.
736 1451 754 1474 ))
780 1439 882 1477 Item
901 1439 1121 1489 operantes
1140 1436 1153 1456 ⁸
1173 1451 1181 1476 :
1202 1436 1276 1477 «Si

247 1510 340 1551 haec
358 1509 496 1560 scitis,
530 1509 639 1549 beati
668 1509 806 1559 eritis,
842 1509 876 1549 si
898 1509 1076 1549 feceritis
1096 1521 1159 1549 ea.
1180 1523 1199 1547 »
1225 1509 1276 1550 Et

246 1581 356 1621 infra
375 1584 388 1605 ⁹
412 1595 420 1621 :
450 1580 622 1630 «Beati,
641 1580 715 1632 qui
733 1580 913 1621 audiunt
927 1580 1108 1620 verbum
1127 1580 1214 1631 Dei,
1237 1583 1277 1620 et

248 1652 489 1694 custodiunt
504 1651 621 1692 illud.
643 1664 662 1688 1)
687 1651 789 1692 Item
806 1651 1063 1691 sustinentes
1084 1651 1112 1676 ¹⁰
1135 1665 1174 1691 z«
1195 1650 1276 1692 Sed

248 1727 288 1765 et
303 1724 336 1763 si
353 1723 455 1776 quid
472 1722 666 1775 patimini
680 1725 852 1775 propter
861 1722 1088 1775 justitiam,
1107 1722 1233 1763 beati.
1252 1737 1271 1760 »

247 1795 297 1836 Et
311 1795 355 1835 in
369 1794 568 1837 Matthoeo
590 1794 635 1847 (b)
654 1795 683 1819 ¹¹
703 1808 748 1835 :a
762 1793 875 1835 Beati
894 1795 1006 1846 estis,
1026 1807 1124 1835 cum
1146 1794 1274 1836 male—

247 1867 431 1907 dixerint
468 1866 589 1907 vobis
623 1866 819 1907 homines
833 1899 843 1917 ‚
877 1869 917 1907 et.
954 1867 1163 1920 persecuti
1200 1880 1276 1908 vos

247 1938 424 1989 fuerint,
448 1940 488 1979 et
508 1937 692 1978 dixerint
720 1949 845 1978 omne
867 1937 1028 1978 malum
1049 1938 1275 1979 adversum

248 2022 324 2051 vos
337 2042 347 2060 ,
367 2009 617 2049 mentientes
630 2011 802 2061 propter
820 2020 903 2049 me.
931 2023 950 2047 ))
972 2008 1076 2049 Item
1094 2012 1278 2050 contem-

249 2079 412 2133 plantes
435 2080 487 2118 ¹22
513 2094 531 2116 «
552 2077 667 2118 Beati
687 2078 768 2118 viri
790 2078 871 2129 tui⁷
895 2081 935 2119 et
953 2078 1063 2118 beati
1083 2079 1195 2119 servi
1214 2080 1277 2120 tui

247 2151 318 2202 hi,
341 2150 415 2204 qui
435 2152 548 2190 stant
576 2161 718 2189 coram
750 2152 788 2189 te
814 2161 994 2202 semper,
1031 2152 1072 2190 et
1098 2150 1278 2191 audiunt

249 2221 499 2274 sapientiam
528 2223 662 2261 tuam.
685 2234 704 2257 ))
730 2219 794 2261 Ex
814 2220 880 2261 his
899 2220 1034 2261 causis
1054 2220 1133 2261 fuit
1151 2221 1277 2273 virgo

247 2291 379 2332 Maria
400 2292 542 2341 beata3
567 2304 619 2332 ex
646 2303 772 2332 causa
801 2291 929 2332 etiam
959 2292 1170 2343 singulari
1199 2293 1277 2332 fuit

248 2362 502 2411 beatissima,
514 2362 615 2414 quia
623 2362 810 2414 concepit
825 2361 980 2403 Filium
994 2363 1080 2414 Dei,
1098 2363 1206 2404 infra
1217 2364 1247 2388 ¹³
1265 2379 1273 2404 :

256 2434 448 2476 «Beatus
475 2437 638 2485 venter,
670 2434 803 2486 quite
832 2434 1039 2486 portavit,
1061 2438 1102 2475 et
1121 2435 1274 2486 ubera,

250 2518 346 2560 quae
365 2505 532 2546 suxisti.
549 2520 567 2542 >)
587 2505 637 2546 Et
656 2508 878 2558 propterea
899 2506 1079 2558 ipsamet
1098 2505 1195 2546 dicit
1209 2504 1278 2546 hic

250 2576 360 2616 infra
378 2575 404 2596 ¹⁴
425 2590 433 2616 :
460 2592 479 2614 <‹
499 2576 602 2617 Ecce
621 2576 735 2616 enim
755 2588 808 2616 ex
829 2576 908 2616 hoc
928 2577 1099 2617 beatam
1124 2589 1192 2617 me
1213 2576 1275 2616 di-

250 2650 344 2688 cent
361 2658 508 2687 omnes
533 2647 844 2699 generationes.
867 2661 887 2685 ))
914 2649 1045 2690 Beata
1066 2658 1161 2700 erqo
1183 2658 1276 2701 quoe

250 2718 493 2768 credidisti,
514 2718 615 2770 quia
637 2719 841 2760 credendo
862 2719 1104 2772 concepisti,
1123 2722 1165 2759 et
1184 2731 1279 2760 con-

251 2789 467 2842 cipiendo,
506 2789 810 2831 beatitudinem
838 2789 1039 2831 omnibus
1068 2792 1277 2842 quantum

250 2861 303 2901 ad
322 2860 617 2901 sufficientiam
636 2861 861 2913 protulisti.
878 2861 1016 2914 Hujus
1035 2861 1180 2913 figura
1199 2861 1275 2902 ha-

250 2933 375 2973 betur
394 2931 437 2972 in
459 2932 621 2981 Genesi,
643 2932 716 2973 ubi
737 2933 842 2973 dixit
862 2932 936 2974 Lia
965 2934 992 2955 ¹³
1019 2948 1028 2974 :
1056 2948 1075 2972 c(
1094 2932 1182 2974 Hoc
1201 2945 1278 2987 pro

249 3002 508 3044 beatitudine
528 3014 642 3053 mea,
668 3002 834 3044 beatam
861 3004 1018 3057 quippe
1046 3016 1115 3044 me
1139 3004 1279 3045 dicent

251 3085 399 3115 omnes
419 3074 634 3115 mulieres.
654 3087 673 3111 »

296 3184 306 3205 ¹
325 3182 463 3220 Mami„
487 3190 564 3224 xvt,
587 3184 636 3214 17.
661 3199 702 3205 -
728 3183 742 3203 ²
759 3183 867 3222 Jocm„
888 3192 951 3223 xx,
973 3185 1023 3216 29.
1044 3202 1085 3207 —
1105 3184 1118 3205 ³
1135 3185 1278 3226 Philip„

254 3239 282 3272 1,
310 3233 404 3262 6.-
428 3231 442 3253 ¹0
468 3230 558 3263 Psal.
584 3237 709 3269 xxxix,
737 3232 768 3261 5.
791 3248 831 3253 —
851 3231 861 3249 ⁵
885 3230 1005 3270 Eoo-hl,
1026 3239 1154 3270 xnvm,
1175 3234 1223 3264 11.
1241 3250 1276 3255 -

253 3280 264 3298 ⁸
283 3278 382 3317 ibid..
401 3286 480 3318 xxV‚
502 3280 554 3310 25.
569 3295 610 3301 —-
626 3277 639 3300 ‘¹
659 3277 752 3309 Psal.
774 3285 843 3318 cxi,
869 3281 893 3309 1.
912 3296 945 3300 -
969 3279 980 3296 ²¹
995 3279 1102 3317 loon„
1122 3287 1206 3320 xiii,
1228 3281 1276 3311 17.

251 3343 292 3351 -
311 3327 322 3345 ⁹
342 3327 433 3367 Luc„
456 3334 507 3366 xl,
534 3327 586 3357 28.
608 3342 644 3348 —
669 3325 696 3347 ¹0
715 3325 727 3356 1
749 3325 854 3366 Petr.,
879 3333 941 3365 111,
967 3327 1016 3356 14.
1037 3341 1078 3350 —-
1101 3327 1121 3344 ¹¹
1143 3326 1278 3365 Matth„

252 3380 287 3414 v,
307 3376 358 3406 11.
375 3374 512 3405 -12111
534 3374 623 3415 Re9.,
640 3382 675 3413 x,
696 3374 729 3405 8.
744 3391 784 3397 -—
804 3372 928 3414 ¹⁸Luc.,
948 3380 995 3413 xl,
1013 3374 1065 3406 29.
1081 3390 1121 3399 -
1143 3374 1166 3396 *δ
1180 3374 1278 3415 ibid„

974 66 1255 113 EVANGELII
1287 58 1476 106 SANCTI
1506 66 1653 108 LUCAE

1405 126 1547 209 JiGEt
1575 157 1639 198 ait
1664 154 1828 204 Maria,
1859 155 1936 194 etc.
1961 153 2057 195 Post
2089 152 2381 195 testimonium

1352 227 1609 279 prophetiae,
1643 225 1832 278 sequitur
1853 227 2004 266 cantus
2022 225 2203 275 laetitiae,
2231 224 2275 265 in
2295 235 2381 277 quo

1350 298 1594 339 beatissima
1613 297 1741 348 virgo
1761 295 1892 336 Maria
1911 295 2056 336 laudat
2075 296 2264 336 divinam
2294 295 2381 336 cle-

1352 369 1568 418 mentiam,
1588 371 1758 421 propter
1775 365 2173 408 excellentissimam
2193 366 2378 417 gratiam

1351 440 1430 481 sibi
1452 440 1659 481 collatam.
1683 440 1731 480 ln
1751 440 1831 480 hoc
1857 441 2002 480 autem
2021 438 2184 479 cantico
2203 438 2284 478 tria
2304 449 2383 478 no-

1352 514 1497 552 tantur
1517 526 1525 553 :
1546 512 1734 566 primum
1753 514 1814 552 est
1831 509 2041 550 laudantis
2053 508 2235 560 affectio,
2253 521 2383 562 quam

1351 585 1469 623 notat
1485 582 1541 623 ibi
1564 595 1574 623 ε
1596 582 1854 636 Magnifice&
1881 582 2031 623 anima
2058 590 2164 630 mea,
2196 581 2273 620 etc.
2308 578 2384 620 Se-

1352 654 1538 695 cundum
1571 658 1633 695 est
1665 654 1864 695 laudandi
1903 652 2036 702 ratio,
2075 663 2205 704 quam
2236 646 2381 701 notat,

1351 738 1446 767 cum
1470 726 1609 767 subdit
1633 726 1686 779 (v.
1703 725 1769 778 48)
1797 738 1806 765 :
1833 725 1942 771 Quia
1960 724 2164 775 respexit,
2188 725 2266 763 etc.
2288 721 2385 762 Ter-

1350 800 1459 840 tium
1473 830 1483 848 ,
1505 797 1662 838 divinae
1683 797 1820 838 laudis
1841 795 2080 849 ampliatio,
2111 806 2242 848 quam
2266 795 2386 834 notat

1351 869 1408 909 ibi
1432 869 1485 922 (v.
1509 868 1572 921 50)
1595 880 1605 908 :
1626 868 1680 910 Et
1693 866 1992 910 misericordia
2014 865 2105 918 ejus
2124 876 2150 907 a
2166 866 2380 919 proqenie.

1351 939 1445 981 Non
1467 940 1581 980 enim
1602 942 1664 979 est
1684 940 1866 991 perfecta
1883 939 2002 989 laus,
2022 938 2106 978 nisi
2130 937 2236 978 adsit
2261 937 2383 978 debi-

1350 1013 1419 1053 tus
1438 1011 1627 1061 affectus,
1647 1010 1786 1050 debita
1807 1022 1950 1059 causa,
1969 1012 2010 1049 et
2028 1008 2196 1049 debitus
2215 1007 2378 1048 modus.

1404 1082 1650 1123 Insinuatur
1669 1093 1773 1134 ergo
1806 1081 1945 1133 primo
1976 1079 2187 1121 laudantis
2221 1077 2385 1119 affectio

1350 1156 1399 1195 ut
1422 1156 1567 1207 grata,
1591 1151 1905 1205 magnificando
1939 1151 2130 1193 divinam
2165 1149 2382 1199 virtutem,

1350 1237 1448 1266 cum
1469 1224 1567 1266 dicit
1590 1239 1598 1265 :
1623 1225 1757 1267 Etaic
1777 1224 1945 1266 Maria:
1960 1222 2217 1275 Maynistcat
2235 1222 2385 1263 anima

1351 1307 1442 1339 mea
1464 1297 1713 1347 Dominum,
1743 1295 1893 1346 idest,
1937 1295 2125 1336 divinam
2162 1294 2382 1333 virtutem.

1355 1382 1374 1406 a
1389 1367 1568 1419 Magnus
1582 1367 1699 1408 enim
1719 1368 1746 1392 ¹⁶
1767 1366 1972 1407 Dominus
1989 1368 2146 1415 noster,
2167 1366 2208 1404 et
2226 1375 2386 1415 magna

1351 1439 1487 1481 virtus
1504 1440 1596 1490 etius
1614 1452 1633 1477 ))
1665 1452 1673 1478 :
1698 1441 1738 1478 et
1762 1438 1857 1478 ideo
1892 1448 2049 1488 magno
2081 1435 2236 1475 affectu
2265 1434 2387 1475 debet

1351 1510 1596 1558 collaudari⁷
1618 1508 1718 1561 quia
1736 1520 1898 1559 magna
1913 1504 2292 1560 operatur.¹⁷«Ego
2309 1503 2387 1546 Na—

1351 1580 1675 1621 buchodonosor
1694 1578 1840 1629 laudo,
1863 1581 1903 1618 et
1925 1577 2170 1630 magnifico,
2191 1579 2231 1616 et
2251 1574 2384 1628 glori-

1351 1651 1431 1691 fico
1460 1651 1624 1703 Regem
1659 1650 1780 1700 coeli,
1820 1650 1922 1702 quia
1960 1649 2104 1690 omnia
2133 1660 2262 1702 opera
2295 1649 2387 1700 eJus

1351 1734 1468 1764 vera.
1481 1737 1500 1760 1)
1521 1722 1569 1763 Et
1589 1723 1641 1764 ad
1660 1722 1904 1763 hocinvitat
1914 1721 2103 1762 animam
2122 1720 2320 1762 devotam
2335 1720 2382 1761 ¹⁸:

1358 1810 1376 1833 (ι
1396 1794 1662 1847 Magnificate
1698 1794 1926 1835 Dominum
1959 1805 2129 1843 meum,
2155 1795 2197 1834 et
2226 1791 2384 1833 exalte—

1352 1877 1449 1906 mus
1466 1878 1623 1907 nomen
1642 1868 1735 1919 ejus
1762 1867 1804 1906 in
1826 1866 2029 1919 idipsum.
2052 1879 2071 1903 ›)
2096 1864 2216 1905 Tunc
2244 1863 2388 1904 anima

1351 1940 1495 1979 nostra
1514 1950 1614 1979 vere
1643 1937 1872 1978 Dominum
1915 1936 2189 1989 magnificat,
2217 1934 2387 1988 quando

1352 2009 1432 2049 sub
1469 2009 1559 2061 ipso
1598 2009 1777 2062 seipsam
1808 2009 1991 2062 captivat
2028 2013 2068 2049 et
2103 2007 2300 2048 humiliat
2324 2007 2381 2046 ¹⁹:

1358 2095 1377 2117 α
1397 2080 1606 2129 Quoniam
1634 2092 1793 2132 magna
1818 2079 2004 2133 potentia
2024 2079 2096 2120 Dei
2122 2077 2279 2128 solius,
2302 2080 2342 2118 et
2362 2089 2387 2118 a

1351 2151 1450 2192 solis
1487 2151 1724 2192 humilibus
1764 2151 2013 2192 honoratur.
2052 2164 2071 2188 ))
2103 2149 2223 2191 Unde
2256 2150 2385 2200 virgo

1353 2221 1496 2274 Maria,
1513 2223 1614 2276 quia
1632 2235 1721 2276 prae
1742 2222 1905 2263 caeteris
1917 2222 2101 2275 seipsam
2119 2220 2382 2270 humiliavit,

1352 2293 1445 2333 ideo
1466 2293 1629 2334 caeteris
1656 2293 1782 2333 altius
1814 2292 2045 2334 Dominum
2074 2290 2383 2343 magnificavit.

1353 2363 1404 2404 Et
1421 2364 1514 2405 ideo
1536 2376 1561 2404 a
1589 2363 1935 2416 magnificatione
1965 2362 2148 2416 incepit,
2175 2362 2277 2415 quia
2306 2362 2387 2402 hoc

1353 2435 1617 2488 competebat
1635 2435 1867 2476 humilitati
1903 2433 2086 2486 Virginis
2108 2433 2380 2474 decantantis.

1354 2505 1623 2559 Competebat
1636 2506 1763 2547 etiam
1775 2505 1969 2558 dignitati
1983 2505 2070 2555 Dei,
2082 2505 2148 2557 cuj
2157 2517 2207 2545 us
2218 2516 2387 2546 summa

1353 2577 1572 2618 humilitas
1615 2589 1703 2618 non
1743 2576 2043 2628 cognoscitur,
2082 2575 2165 2616 nisi
2202 2575 2387 2627 dignitas

1354 2651 1737 2703 praecognoscatur.
1771 2647 1888 2689 Unde
1913 2647 1942 2669 ²⁰
1963 2661 2004 2687 z«
2024 2647 2103 2696 Qui
2122 2659 2220 2687 cum
2239 2647 2283 2687 in
2300 2647 2385 2687 for-

1354 2734 1424 2762 ma
1443 2721 1517 2763 Dei
1554 2723 1688 2765 esset.
1733 2732 1819 2762 non
1854 2719 2048 2773 rapinam
2078 2718 2307 2759 arbitratus
2325 2721 2388 2758 est

1354 2805 1445 2835 esse
1465 2806 1509 2834 se
1529 2792 1737 2846 aequalem
1761 2791 1867 2842 Deo3
1903 2790 1974 2831 sed
1994 2789 2268 2842 semetipsum
2290 2789 2386 2829 exi-

1354 2864 1535 2915 nanivit,
1558 2864 1737 2905 sormam
1769 2862 1880 2903 servi
1909 2861 2131 2914 accipiens.
2152 2873 2172 2898 1)
2209 2859 2384 2914 Compe-

1354 2936 1469 2976 tebat
1487 2935 1614 2976 etiam
1634 2933 1858 2975 intentioni
1874 2932 1924 2986 (c)
1947 2932 2168 2983 cantantis,
2190 2944 2288 2986 quae
2307 2935 2385 2984 est,

1354 3009 1405 3048 ut
1423 3006 1626 3048 Dominus
1663 3005 1845 3059 perfecte
1872 3004 2068 3045 laudetur
2087 3005 2116 3031 ²¹
2145 3018 2154 3045 z
2189 3019 2209 3043 c(
2228 3004 2387 3045 Glorifi-

1355 3081 1495 3119 cantes
1524 3077 1751 3118 Dominum
1767 3109 1778 3127 ‚
1813 3077 2207 3129 quantumcumque
2235 3078 2384 3129 potue-

1357 3182 1387 3214 1,
1411 3174 1462 3206 48.
1485 3191 1519 3196 —
1555 3172 1580 3194 ¹⁵
1601 3172 1695 3212 Gen„
1724 3180 1808 3209 xxx,
1836 3172 1884 3202 13.
1913 3187 1953 3192 -
1980 3170 2006 3192 1⁶
2031 3170 2121 3203 Psal.
2154 3179 2273 3211 chVI‚
2295 3173 2326 3203 5.
2347 3188 2385 3194 —

1359 3222 1379 3241 ¹⁷
1398 3222 1500 3262 Dan„
1520 3228 1568 3257 iv,
1585 3221 1637 3251 34.
1657 3236 1698 3243 -
1720 3219 1742 3237 ¹⁸
1758 3217 1848 3250 Psal.
1870 3225 2004 3258 xxxm,
2026 3221 2056 3249 4.
2084 3235 2121 3242 -
2144 3219 2171 3240 ¹⁹
2189 3218 2309 3258 Ecch’„
2331 3225 2385 3258 111,

1355 3271 1407 3301 21.
1428 3285 1467 3291 -
1486 3268 1512 3289 2⁰
1531 3266 1674 3307 Philip„
1692 3273 1732 3307 11,
1751 3266 1782 3297 7.
1800 3282 1840 3289 --
1862 3266 1886 3287 ²¹
1907 3264 2029 3304 Eccli„
2050 3273 2159 3306 me,
2177 3267 2228 3298 32.

1399 3328 1444 3369 (a)
1477 3327 1573 3359 Coet..
1590 3324 1669 3356 edit.
1701 3323 1853 3357 Joannis.
1880 3340 1921 3346 —
1950 3323 1995 3365 (b)
2022 3325 2104 3356 Item
2135 3325 2326 3358 Matthaeus.
2345 3341 2386 3347 -—

1358 3375 1397 3417 (c)
1419 3375 1499 3407 Item
1516 3371 1717 3405 intentione.
