2634 3853
172 2315 283 2343 Sensus

143 2356 282 2392 spiritua-

142 2399 190 2425 lis.
204 2398 283 2430 Qua-

143 2442 210 2467 tuor
224 2446 284 2464 ma-

144 2481 173 2508 la
197 2479 286 2506 infixa

146 2523 215 2548 sunt
231 2522 284 2547 lio-

146 2562 219 2588 mini
234 2570 287 2596 per

164 2611 264 2637 pecca-

146 2646 208 2670 tum
228 2644 286 2671 ori-

149 2685 259 2718 ginale.

314 297 393 336 402

319 396 341 422 «
371 381 456 424 Nos
492 383 770 436 praedicamus
803 381 1020 423 Christum
1055 380 1338 430 crucifixum,

313 451 471 494 Judaeis
491 453 664 506 quidem
688 451 949 499 scandalum,
973 449 1175 501 gentibus
1194 451 1338 490 autem

312 524 545 564 stultitiam.
577 539 596 561 n
630 524 710 563 Sed
742 523 914 575 quidam
945 520 1210 562 scandalizati
1240 523 1340 561 sunt

312 598 482 646 propter
529 594 820 634 infirmitatem
836 625 846 642 ,
891 593 997 633 sicut
1042 592 1233 645 discipuli
1274 593 1283 613 ¹
1326 607 1333 631 :

315 680 334 703 «
356 666 509 705 Omnes
532 676 607 704 vos
634 664 879 704 scandalum
902 663 1121 716 patiemini
1142 663 1186 703 in
1205 674 1274 703 me
1295 662 1339 702 in

310 735 391 775 ista
408 738 543 775 nocte.
566 749 584 771 ›>
612 735 794 783 Quidam
818 738 961 776 autem
983 748 1036 776 ex
1053 735 1335 787 malignitate,

309 807 415 846 sicut
430 806 587 846 Scribae
609 810 649 846 et
670 806 888 858 Pharisaei,
909 807 1145 847 secundum
1165 806 1269 846 illud
1288 806 1303 827 ²
1324 817 1334 846 :

314 892 333 914 α
365 877 454 917 Scis
489 877 590 929 quia
626 876 849 928 Pharisaei,
883 878 1026 919 audito
1061 878 1192 919 verbo
1232 877 1335 928 hoc,

307 948 574 989 scandalizati
608 950 738 989 sunt?
767 964 786 987 n
827 949 943 990 Unde
977 949 1175 1001 generale
1206 947 1335 988 docu-

306 1023 502 1060 mentum
527 1023 589 1060 est
615 1020 695 1061 hoc
716 1021 915 1061 omnibus
943 1020 1184 1062 volentibus
1213 1031 1337 1060 nosse

305 1091 536 1142 Christum,
550 1094 596 1132 ut
610 1092 794 1142 videant,
811 1103 864 1131 ne
876 1094 1046 1143 propter
1055 1091 1225 1131 infirma
1236 1102 1334 1144 quae

303 1173 455 1214 passus
476 1166 551 1209 est,
574 1163 794 1203 incurrant
815 1162 1079 1212 scandalum,
1100 1162 1335 1203 secundum

303 1232 407 1273 iilud
423 1235 554 1281 ,Isaioe
573 1234 608 1274 ³:
630 1249 648 1271 (ι
667 1233 894 1274 Dominum
914 1234 1177 1274 exercituum
1193 1233 1335 1286 ipsum

303 1303 571 1353 sanctificate,
593 1318 612 1341 ›>
635 1306 712 1345 etc.
736 1304 787 1344 Et
808 1304 1089 1356 subiungitur
1110 1319 1118 1345 :
1145 1319 1164 1342 α
1184 1303 1235 1345 Et
1255 1304 1336 1345 erit

301 1373 423 1415 vobis
442 1375 486 1415 in
506 1375 901 1425 sanctificationem3
922 1375 967 1415 in
986 1375 1170 1428 lapidem
1191 1377 1335 1416 autem

301 1446 569 1496 offensionis,
591 1449 630 1487 et
655 1450 774 1499 petra
800 1447 982 1487 scandali
1008 1447 1173 1487 duabus
1196 1445 1333 1487 domi-

301 1517 381 1558 bus
400 1517 541 1569 lsrael,
562 1519 665 1558 etin
682 1518 886 1570 laqueum
908 1520 949 1559 et
967 1517 1012 1558 in
1031 1517 1203 1558 ruinam
1219 1517 1337 1557 habi-

301 1588 489 1636 tantibus
519 1588 768 1630 Jerusalem.
803 1604 822 1627 n
854 1588 905 1630 Et
931 1589 1024 1630 ideo
1052 1588 1181 1629 talem
1212 1590 1337 1630 vocat

301 1662 414 1700 recte
439 1660 633 1710 beatum,
655 1660 729 1712 qui
756 1660 863 1701 vitat
887 1659 1128 1713 periculum
1160 1659 1332 1710 erroriS,

301 1731 343 1770 et
363 1730 558 1782 pervenit
576 1730 628 1770 ad
646 1729 789 1770 lucem
811 1729 1012 1780 veritatis,
1034 1729 1143 1770 sicut
1164 1728 1332 1779 Petrus,

301 1800 369 1841 cui
393 1800 546 1842 dicitur
565 1801 579 1822 ⁸
605 1814 614 1841 z
645 1800 838 1842 «Beatus
863 1812 928 1852 es,
954 1800 1104 1842 Simon
1133 1800 1332 1854 Barjona,

301 1870 403 1924 quia
416 1883 513 1912 caro
528 1873 568 1912 et
581 1872 762 1924 sanguis
780 1884 866 1913 non
881 1872 1086 1913 revelabit
1102 1872 1195 1923 tibi,
1213 1886 1232 1910 ›)
1252 1873 1333 1911 etc.

355 1943 638 1996 Spiritualiter
660 1943 730 1984 hic
757 1946 877 1994 nota,
900 1943 1013 1996 quod
1042 1956 1096 1984 ex
1116 1942 1336 1984 curatione

301 2014 553 2055 morborum
591 2014 913 2066 praesentialiter
950 2014 1141 2055 exhibita
1175 2014 1336 2055 intelli-

302 2085 421 2136 gitur
445 2085 629 2138 pert'ecta
658 2085 820 2126 curatio
843 2086 896 2126 ab
926 2085 1126 2138 originali
1141 2100 1152 2135 ;
1182 2084 1255 2126 sed
1282 2097 1337 2126 ex

302 2157 519 2198 curatione
533 2158 782 2198 morborum
802 2157 1049 2199 denuntiata
1062 2157 1083 2199 J
1086 2157 1231 2208 oanni,
1245 2169 1337 2210 per-

302 2228 410 2269 fecta
431 2229 592 2270 curatio
612 2229 664 2269 ab
684 2229 853 2269 actuali.

359 2299 574 2349 Quantum
588 2301 640 2341 ad
655 2301 918 2341 curationem
931 2300 984 2341 ab
1001 2299 1217 2351 originali,
1238 2300 1338 2340 nota

304 2373 417 2426 quod
438 2373 489 2413 ad
508 2373 588 2413 hoc
613 2373 727 2425 quod
748 2373 929 2425 perfecte
959 2373 1145 2421 curetur,
1175 2373 1338 2424 oportet

304 2444 417 2497 quod
445 2444 519 2484 fiat
545 2444 705 2485 curatio
725 2446 765 2484 et
788 2443 949 2484 sanatio
969 2455 994 2483 a
1014 2445 1213 2495 quatuor,
1242 2453 1339 2493 quae

305 2515 477 2556 fuerunt
496 2518 669 2569 propter
688 2514 895 2567 originale
914 2516 1134 2567 peccatum
1155 2513 1336 2563 inflicta,

307 2587 462 2628 scilicet
481 2599 506 2627 a
525 2586 885 2639 concupiscentia,
910 2585 1184 2638 impotentia,
1215 2583 1336 2624 mali-

306 2658 385 2707 tia,
419 2660 460 2698 et
496 2657 755 2710 ignorantia.
789 2656 842 2697 Et
873 2656 966 2697 haec
1003 2657 1187 2709 quatuor
1223 2655 1337 2696 desi-

309 2731 499 2781 gnantur
523 2741 598 2781 per
626 2728 888 2769 curationem
914 2730 1096 2780 quatuor
1130 2739 1340 2778 generum

307 2800 629 2851 aegritudinum.
666 2800 772 2841 Nam
811 2798 1150 2851 concupiscentia
1185 2797 1340 2838 intelli-

308 2871 426 2922 gitur
456 2883 531 2923 per
559 2871 812 2923 languorem
840 2873 1010 2923 propter
1035 2870 1339 2911 adhaerentiam

309 2941 617 2992 universalem,
639 2942 872 2982 secundum
892 2941 995 2982 illud
1016 2943 1029 2965 ⁵
1048 2955 1056 2982 :
1086 2956 1105 2978 «
1124 2941 1257 2981 Omne
1277 2953 1341 2981 ca-

309 3015 386 3063 put
404 3012 680 3064 languidum,
705 3016 746 3053 et
766 3024 892 3054 omne
912 3024 984 3053 cor
1005 3024 1202 3053 moerens.
1227 3026 1244 3051 »
1262 3011 1341 3052 Im-

309 3083 519 3134 potentia,
556 3095 631 3136 per
661 3083 833 3135 plagam
858 3083 903 3123 ⁶:
931 3098 951 3122 r<
974 3082 1047 3125 Vae
1079 3083 1184 3123 mihi
1216 3094 1341 3135 super

310 3153 560 3194 contritione
585 3165 701 3203 mea,
726 3154 907 3206 pessima
931 3153 1060 3206 plaga
1086 3165 1193 3194 mea.
1215 3168 1233 3191 >³
1260 3153 1341 3194 Per

309 3224 508 3277 spiritum
536 3224 779 3275 malignum
806 3225 1058 3277 intelligitur
1089 3224 1278 3277 nequitia
1296 3224 1336 3264 ⁷:

314 3311 333 3333 α
358 3295 614 3347 Exagitabat
646 3294 745 3334 Saul
773 3295 943 3347 spiritus
977 3307 1180 3348 nequam.
1215 3310 1234 3333 ›>
1261 3295 1341 3336 Per

308 3365 560 3416 caecitatem,
583 3365 874 3416 ignorantiassz
900 3381 919 3404 (ι
938 3365 1213 3418 Palpavimus
1234 3365 1342 3406 sicut

349 3449 361 3470 1
375 3447 511 3482 Mattlz„
529 3455 627 3486 xxm,
648 3449 699 3478 31.
714 3464 755 3470 —-
773 3448 784 3465 2
804 3447 903 3487 ibid„
924 3456 980 3487 xv,
1005 3450 1053 3480 12.
1074 3466 1110 3470 —
1132 3448 1145 3469 ³
1164 3449 1245 3489 Isa„
1266 3456 1341 3490 vm,

309 3496 367 3536 13,
400 3496 453 3527 14.
483 3512 525 3519 —
554 3494 568 3516 4
598 3494 737 3533 Matth„
766 3502 842 3534 xw,
876 3497 925 3526 17.
952 3511 991 3518 —
1023 3496 1036 3517 5
1067 3497 1148 3532 Isa„
1179 3503 1209 3536 1,
1238 3497 1270 3528 5.
1301 3512 1342 3519 —

308 3543 320 3561 ⁶
339 3544 476 3583 Jerem.,
497 3550 533 3582 x,
552 3544 603 3574 19.
621 3558 662 3565 —
679 3541 692 3564 '¹
711 3543 721 3573 1
739 3542 831 3582 Req„
851 3549 922 3582 xvr,
943 3543 992 3573 14.
1008 3559 1047 3566 —
1067 3543 1081 3564 ⁸
1097 3544 1175 3583 lsa„
1198 3550 1269 3583 mx,
1289 3545 1339 3575 10.

308 3605 349 3613 —
364 3589 497 3631 ⁹1bid.,
517 3597 594 3630 Lv1‚
615 3591 667 3621 10.
687 3606 729 3612 —
755 3590 780 3611 ¹⁰
806 3589 936 3630 Thr-en„
962 3596 1009 3628 IV,
1032 3591 1083 3621 14.
1107 3607 1147 3614 —
1172 3591 1196 3612 11
1219 3590 1339 3631 Ecclt'.,

1042 289 1322 334 EVANGELII
1352 290 1536 334 SANCTI
1565 294 1715 338 LUCAE

1416 383 1514 423 caeci
1536 385 1753 436 parietem,
1771 387 1811 426 et
1830 387 1951 439 quasi
1970 388 2129 442 absque
2147 389 2279 431 oculis
2294 389 2443 431 attrec-

1415 454 1619 505 tavimus;
1643 456 1903 508 impegimus
1922 458 2096 500 meridie
2116 461 2237 512 quasi
2257 460 2301 501 in
2319 462 2443 501 tene-

1415 523 1501 563 bris
1520 540 1529 565 :
1551 540 1570 563 »
1596 526 1646 567 Et
1673 528 1772 568 alibi
1793 528 1806 549 ⁹
1829 542 1838 568 ε
1871 543 1889 566 α
1910 528 2200 581 Speculatores
2231 532 2322 583 eJus
2345 531 2444 572 caeci

1416 605 1577 636 omnes.
1599 611 1618 633 »
1644 597 1691 637 In
1719 600 1936 639 curatione
1965 611 2072 651 ergo
2098 600 2227 651 huJus
2256 601 2444 652 quadru-

1415 664 1535 717 plicis
1564 669 1858 721 aegritudiniS,
1883 669 2140 721 intelligitur
2167 670 2350 723 perfecta
2368 682 2442 710 cu-

1415 737 1523 776 ratio
1543 738 1775 790 originalis.

1469 807 1683 856 Quantum
1703 811 1754 851 ad
1774 811 2037 852 curationem
2056 811 2282 864 perfectam
2303 811 2356 852 ab
2376 823 2444 852 ac-

1413 878 1539 930 tuali,
1562 883 1661 921 nota
1680 882 1814 934 quod,
1835 882 1878 922 in
1899 882 2265 923 consummatione
2291 882 2442 935 impie—

1412 948 1524 999 tatis,
1539 949 1584 989 in
1598 951 1750 991 actuali
1765 954 1932 1004 peccato
1947 952 2137 1005 quinque
2151 955 2251 993 sunt
2267 953 2441 1004 gradus,

1414 1017 1583 1059 Primus
1604 1023 1665 1061 est
1684 1021 1868 1063 deviatio
1887 1023 1932 1062 in
1960 1022 2154 1075 eligendo
2169 1054 2179 1073 ,
2203 1024 2243 1063 et
2262 1022 2343 1063 hoc
2369 1034 2444 1075 per

1414 1090 1645 1131 caecitatem
1665 1091 1916 1144 designatur
1936 1094 1965 1116 ¹⁰
1982 1107 1991 1133 z
2021 1108 2040 1131 α
2061 1093 2324 1135 Erraverunt
2343 1094 2443 1134 caeci

1412 1159 1457 1200 in
1474 1160 1640 1212 plateis3
1659 1176 1677 1199 »
1698 1162 1861 1215 quia¹¹«
1873 1175 1990 1205 error
2000 1166 2041 1204 et
2054 1164 2239 1204 tenebrae
2259 1166 2444 1217 peccato-

1411 1230 1532 1272 ribus
1552 1235 1770 1274 concreata
1788 1236 1907 1285 sunt;
1931 1234 2006 1287 qui
2026 1237 2168 1275 autem
2185 1235 2378 1275 exultant
2399 1235 2443 1275 in

1412 1302 1550 1352 maliS,
1570 1307 1876 1345 consenescunt
1895 1305 1941 1345 in
1963 1304 2090 1346 malo.
2110 1318 2129 1342 »
2149 1304 2367 1346 Secundus
2384 1307 2445 1346 est

1411 1373 1673 1415 deordinatio
1688 1375 1732 1415 in
1747 1376 2055 1428 prosequendo,
2077 1388 2174 1429 quae
2189 1377 2445 1429 intelligitur

1411 1456 1487 1497 per
1507 1445 1677 1486 claudos
1692 1447 1720 1468 ¹²
1740 1460 1749 1487 :
1770 1461 1790 1484 (ι
1808 1445 1904 1487 Filii
1924 1447 2050 1487 alieni
2079 1447 2301 1488 inveterati
2321 1450 2441 1498 sunt,

1411 1517 1453 1556 et
1472 1516 1817 1559 claudicaverunt
1846 1529 1871 1558 a
1892 1518 2051 1559 semitis
2078 1519 2179 1559 suis.
2206 1533 2225 1556 n
2250 1518 2368 1560 Unde
2388 1519 2441 1559 ¹³:

1417 1601 1437 1625 α
1454 1586 1683 1640 Usquequo
1705 1588 1947 1629 claudicatis
1964 1589 2011 1629 in
2028 1589 2134 1630 duas
2153 1592 2309 1642 partes,
2325 1604 2343 1627 ι)
2364 1592 2443 1631 etc.

1411 1656 1599 1707 Tertius,
1630 1659 1882 1710 contagium
1915 1659 1960 1699 in
1989 1660 2298 1709 conversando,
2334 1660 2447 1712 quod

1410 1729 1665 1782 intelligitur
1684 1742 1758 1783 per
1773 1730 1937 1784 lepram
1957 1732 1985 1753 ¹*
2004 1743 2014 1772 :
2034 1731 2249 1773 «Observa
2266 1731 2448 1783 diligen-

1410 1802 1489 1850 ter,
1526 1812 1581 1842 ne
1610 1800 1805 1842 incurras
1833 1801 2006 1854 plagam
2036 1802 2189 1855 leprae3
2224 1802 2297 1844 sed
2321 1802 2448 1843 facies

1411 1883 1695 1925 quascumque
1714 1872 1934 1913 docuerint
1959 1875 1999 1914 te
2020 1874 2268 1914 sacerdotes.
2292 1888 2311 1912 n
2337 1873 2446 1916 Eze-

1411 1943 1518 1986 chiel
1539 1944 1567 1966 ¹5
1586 1955 1602 1985 .·
1631 1958 1651 1982 ε(
1676 1942 1985 1985 Mundabimini
2005 1945 2057 1986 ab
2075 1945 2274 1986 omnibus
2299 1944 2447 1998 inqui-

1411 2015 1624 2056 namentis
1643 2015 1815 2058 vestris.
1834 2029 1853 2054 »
1870 2015 2055 2066 Quartus
2075 2018 2138 2057 est
2157 2016 2380 2057 obduratio
2401 2016 2448 2057 in

1410 2086 1695 2139 perdurando,
1710 2098 1807 2139 quae
1821 2098 1897 2139 per
1909 2086 2158 2128 surditatem
2177 2087 2445 2140 intelligitur,

1411 2158 1647 2199 secundum
1672 2157 1779 2199 illud
1798 2156 1851 2199 ¹⁶:
1879 2173 1899 2197 ε(
1919 2157 2038 2199 Sicut
2056 2158 2212 2212 aspidis
2230 2158 2386 2209 surdae,
2410 2160 2451 2199 et

1412 2228 1649 2269 obturantis
1677 2239 1801 2269 aures
1826 2239 1940 2269 suas.
1962 2241 1983 2266 ›>
2008 2228 2189 2278 Quintus
2213 2231 2275 2270 est
2300 2229 2447 2281 despe-

1411 2300 1521 2340 ratio
1540 2299 1585 2340 in
1604 2299 1928 2350 contemnendo,
1959 2299 2059 2352 quia
2080 2299 2107 2321 ¹⁷
2134 2314 2154 2338 a
2172 2299 2330 2352 impius
2348 2311 2448 2341 cum

1412 2369 1457 2410 in
1476 2369 1738 2421 profundum
1761 2368 1927 2410 venerit
1944 2370 2238 2421 peccatorum,
2260 2370 2447 2409 contem-

1410 2443 1489 2484 nit.
1510 2458 1529 2482 »
1553 2443 1657 2493 Quae
1679 2442 1934 2494 intelligitur
1954 2455 2030 2496 per
2049 2444 2231 2483 mortem
2248 2442 2291 2482 ¹⁵³:
2318 2457 2337 2481 c<
2350 2442 2449 2484 Per-

1413 2514 1625 2556 cussimus
1656 2514 1794 2555 foedus
1829 2526 1927 2555 cum
1960 2516 2110 2555 morte.
2143 2527 2163 2552 ι)
2190 2512 2241 2554 Et
2273 2513 2355 2554 boc
2388 2515 2450 2554 est

1412 2588 1634 2639 peccatum
1666 2585 1719 2626 ad
1759 2587 1941 2625 mortem
1954 2617 1964 2637 ,
2006 2585 2057 2625 de
2094 2596 2180 2637 quo
2216 2584 2370 2625 dicitur
2403 2584 2449 2625 in

1413 2657 1575 2699 Joanne
1598 2657 1640 2697 ¹⁹.
1669 2655 1734 2697 Ab
1770 2656 1970 2697 omnibus
1992 2658 2111 2698 curat
2135 2655 2273 2698 virtus
2299 2655 2450 2697 Christi

1413 2742 1489 2783 per
1526 2729 1710 2782 gratiam
1737 2741 1888 2780 suam,
1919 2741 2016 2781 quae
2046 2728 2265 2780 designata
2298 2727 2371 2768 fuit
2404 2727 2449 2767 in

1413 2803 1593 2856 piscina,
1613 2803 1664 2843 de
1687 2814 1771 2855 qua
1795 2801 1977 2842 Joannes
2002 2801 2101 2842 dicit
2120 2803 2166 2851 2⁰,
2193 2800 2306 2853 quod
2331 2814 2350 2837 (ι
2368 2811 2448 2840 an-

1415 2874 1539 2926 gelus
1552 2872 1723 2914 Domini
1737 2872 2015 2913 descendebat
2030 2871 2261 2912 secundum
2278 2872 2447 2922 tempus

1414 2945 1458 2985 in
1476 2945 1694 2997 piscinam,
1719 2946 1760 2984 et
1773 2942 2028 2985 movebatur
2041 2954 2167 2995 aqua.
2181 2941 2231 2982 Et
2245 2941 2318 2993 qui
2332 2941 2448 2993 prior

1414 3015 1692 3056 descendisset
1742 3014 1787 3055 in
1826 3013 2030 3066 piscinam
2074 3014 2168 3064 post
2213 3011 2446 3052 motionem

1414 3099 1552 3140 aquae,
1569 3098 1695 3127 sanus
1709 3085 1839 3126 fiebat
1856 3097 1880 3124 a
1893 3094 2161 3136 quacumque
2182 3082 2448 3124 detinebatur

1413 3157 1675 3198 infirmitate.
1707 3171 1726 3195 n
1752 3155 1803 3197 Et
1829 3156 1923 3196 haec
1947 3156 2011 3195 est
2035 3169 2054 3192 (ι
2080 3153 2240 3204 virtUS,
2267 3165 2366 3206 quae
2398 3153 2450 3194 de

1414 3228 1486 3268 illo
1506 3228 1671 3278 exibat,
1693 3230 1734 3269 et
1752 3227 1928 3268 sanabat
1947 3236 2119 3276 omneS,
2141 3238 2160 3264 ι)
2189 3225 2231 3266 id
2251 3224 2364 3278 quod
2384 3223 2450 3266 di-

1415 3298 1527 3340 citur
1545 3311 1675 3352 supra
1693 3299 1738 3339 2¹.

1416 3413 1472 3446 xi,
1497 3407 1547 3436 16.
1569 3422 1605 3427 —
1629 3404 1653 3426 ¹²
1671 3403 1767 3435 Psal.
1787 3410 1878 3444 xvir,
1901 3404 1950 3435 46.
1977 3420 2012 3425 -
2038 3403 2240 3444 ¹³1111³e9„
2261 3411 2368 3445 xvui,
2395 3406 2447 3436 21.

1414 3469 1456 3476 ·—
1473 3452 1501 3474 ¹⁸
1522 3452 1635 3491 Deut.,
1655 3458 1753 3490 xxw,
1779 3453 1809 3491 8,
1835 3452 1885 3482 12.
1910 3467 1950 3474 —
1980 3451 2005 3472 ¹5
2023 3450 2157 3491 Ezech„
2180 3458 2308 3492 xxxvi,
2334 3452 2387 3483 25.
2408 3469 2449 3474 —

1415 3499 1443 3521 ¹ss
1459 3498 1550 3531 Psal.
1570 3505 1654 3538 Lvn,
1676 3499 1707 3529 5.
1727 3515 1769 3521 —
1783 3498 1808 3519 1⁷
1830 3497 1942 3536 Prov.‚
1959 3505 2060 3538 xvnr,
2079 3500 2109 3530 1.
2125 3515 2167 3522 -
2184 3497 2209 3519 ¹⁸
2222 3498 2300 3538 lsa„
2321 3506 2448 3539 xxvni,

1416 3548 1469 3579 15.
1488 3563 1529 3569 —
1547 3546 1575 3570 ¹⁹
1596 3546 1606 3577 1
1632 3546 1740 3586 Joan„
1761 3553 1796 3586 v,
1818 3546 1865 3578 17.
1889 3562 1929 3570 —
1943 3546 1982 3570 ⁴²⁰
1998 3547 2107 3586 Joan„
2125 3553 2158 3587 V,
2184 3546 2214 3579 4.
2235 3563 2277 3570 —
2302 3545 2326 3568 ²1
2348 3547 2447 3586 sup„

1416 3601 1462 3634 vi,
1483 3595 1533 3625 19.

2490 820 2522 844 In
2538 827 2604 846 con-

2473 868 2599 887 summa-

2466 901 2544 927 tione
2553 901 2605 927 im-

2477 941 2593 975 pietatis

2466 983 2533 1009 suut
2544 989 2608 1016 gra-

2464 1022 2529 1049 dus.
