2634 3853
357 266 436 304 436

356 350 531 390 homine
550 359 658 399 uno;
696 348 894 401 quintum
927 348 988 387 est
1018 346 1133 398 quod
1164 347 1244 398 ipsi
1274 347 1382 388 nihil

354 422 534 472 possunt
560 419 686 459 etiam
714 417 759 458 in
789 419 913 458 bruta
936 416 1136 457 animalia
1152 448 1162 467 ‚
1184 416 1263 456 nisi
1285 429 1380 469 per-

354 490 491 539 missi3
514 492 681 530 sextum
703 491 764 528 est
784 487 895 539 quod
916 487 1109 526 homines
1124 486 1168 526 in
1188 487 1254 526 his
1274 490 1380 526 tem-

354 560 568 611 poralibus
600 557 857 611 possidendis
889 569 971 597 non
1011 560 1110 597 sunt
1137 557 1216 596 nisi
1255 557 1382 598 villici

356 628 524 678 Christi;
559 629 786 680 septimum
820 630 881 667 est
918 627 1033 679 quod
1064 626 1172 667 Deus
1204 628 1382 668 salutem

355 699 486 738 unius
507 699 690 738 hominis
709 698 1013 751 praeferendam
1033 699 1213 739 ostendit
1239 698 1380 739 infini-

354 768 407 807 tis
427 768 679 809 animalibus
698 769 847 809 brutis.

407 842 471 879 3-1.
512 839 635 890 Quod.
670 844 719 881 uc
751 839 954 882 viderunt
977 840 1162 891 factum,
1200 842 1276 880 etc.
1306 840 1382 881 Ilic

347 911 439 961 jam
459 910 583 950 tertio
602 911 782 951 ostendit
801 910 1073 961 Evangelista
1098 911 1381 952 reverentiam

351 980 497 1032 populi
509 980 781 1020 occurrentis.
792 981 908 1022 Circa
919 981 990 1032 huj
999 993 1049 1021 us
1057 981 1381 1033 explicationem

351 1051 679 1092 introducuntur
706 1054 901 1103 quatuor,
929 1051 1086 1091 scilieet
1117 1051 1380 1092 denuntiatio

349 1122 796 1174 veritatisconspectae,
819 1121 1034 1173 indagatio
1056 1121 1244 1162 veritatis
1263 1122 1381 1162 audi-

349 1195 419 1242 tae,
453 1192 641 1234 inventio
673 1192 861 1233 veritatis
897 1192 1130 1245 inquisitae,
1161 1193 1378 1233 veneratio

349 1263 539 1305 veritatis
558 1264 756 1313 inventae,
779 1262 992 1315 quaesitae,
1016 1265 1057 1303 et
1075 1263 1350 1305 denuntiatae.

403 1333 545 1373 Primo
582 1344 712 1384 ergo,
747 1334 956 1385 quantum
995 1333 1046 1373 ad
1084 1333 1379 1374 denunciatio-

349 1416 448 1445 nem
481 1403 669 1446 veritatis
694 1405 956 1455 conspectae,
974 1403 1126 1444 dicitur
1149 1418 1158 1443 ε
1186 1403 1304 1451 Quod
1331 1409 1379 1448 uc

349 1475 553 1517 viderunt
582 1475 757 1525 factum,
793 1475 869 1526 qui
892 1474 1132 1526 pascebant,
1159 1475 1377 1527 facerunt,

350 1546 504 1587 seilicet
524 1558 577 1586 ex
602 1546 776 1596 timore,
808 1545 915 1586 sicut
944 1545 1035 1587 veri
1061 1546 1341 1586 mercenarii¹
1367 1557 1377 1584 t

356 1631 376 1656 α
395 1617 677 1657 Mercenarius
698 1619 856 1667 autem,
879 1618 920 1657 et
942 1616 1015 1668 qui
1035 1627 1122 1656 non
1141 1618 1202 1656 est
1221 1618 1377 1668 pastor,

350 1688 473 1739 cujus
492 1700 578 1727 non
603 1690 702 1728 sunt
727 1698 826 1728 oves
850 1686 1056 1739 propriae,
1089 1686 1204 1728 videt
1229 1686 1380 1738 lupum

350 1757 617 1808 venientem,
645 1759 685 1797 et
703 1756 875 1797 dimittit
903 1768 1029 1806 oves,
1055 1758 1096 1796 et
1127 1756 1253 1807 fugit.
1275 1770 1294 1793 n
1332 1755 1381 1795 Et

351 1827 593 1869 Zacharias
613 1828 627 1849 ²
649 1839 660 1867 ε
688 1842 706 1865 α
727 1826 757 1867 Ο
778 1828 920 1879 pastor
938 1829 977 1866 et
996 1826 1180 1877 idolum,
1204 1825 1384 1867 derelin-

351 1909 485 1950 quens
508 1910 701 1950 gregem.
724 1912 742 1937 n
773 1896 848 1938 Vel
877 1898 1086 1948 fugerunt
1116 1909 1205 1937 non
1229 1896 1381 1937 timore

350 1968 530 2009 humani
548 1968 741 2021 periculi,
770 1967 842 2008 sed
872 1968 1024 2008 timore
1055 1967 1190 2009 divini
1207 1966 1378 2019 judicii3

350 2038 402 2079 de
423 2051 507 2091 quo
527 2043 540 2063 ³
564 2051 574 2079 :
599 2054 618 2078 α
637 2038 791 2090 Fugite
810 2050 916 2090 ergo
930 2050 955 2078 a
973 2038 1079 2078 facie
1099 2037 1245 2089 gladii,
1272 2049 1381 2090 quo-

351 2108 468 2149 niam
487 2109 600 2150 ultor
620 2109 893 2162 iniquitatum
928 2108 1096 2160 gladius
1115 2110 1197 2158 est;
1228 2109 1270 2148 et
1300 2107 1380 2147 sci-

351 2182 437 2220 tote
455 2192 546 2220 esse
571 2180 834 2232 judicium.»
865 2178 1091 2230 Fugerunt
1122 2180 1267 2219 autem
1296 2190 1381 2218 non

352 2252 401 2290 ut
418 2250 617 2301 laterent,
640 2251 740 2303 quia
767 2250 973 2302 scriptum
992 2252 1053 2290 est
1073 2248 1086 2269 '‘
1111 2261 1122 2289 :
1153 2264 1171 2288 ((
1192 2248 1283 2298 Quo
1311 2248 1381 2289 ibo

353 2331 378 2359 a
398 2320 549 2372 spiritu
569 2322 670 2361 tuo?
694 2323 735 2360 et
753 2332 837 2372 quo
857 2332 881 2360 a
910 2319 1012 2360 facie
1039 2321 1113 2359 tua
1136 2318 1304 2369 fugiam
1317 2318 1337 2357 'l
1358 2331 1379 2356 »

352 2390 425 2432 sed
458 2393 507 2431 ut
534 2391 775 2431 absentibus
803 2389 992 2430 celeriter
1019 2390 1112 2431 visa
1141 2391 1378 2430 narrarent.

353 2459 471 2501 Unde
490 2461 642 2502 dicitur
668 2475 677 2501 :
699 2461 754 2503 Ετ
771 2461 1078 2502 nuntiaverunt
1099 2460 1148 2501 in
1163 2460 1383 2502 civitatem

352 2536 390 2574 el
405 2534 454 2574 in
471 2532 597 2575 villas
610 2564 622 2583 ,
645 2533 753 2573 sicut
769 2534 810 2573 et
831 2532 902 2572 ille
920 2532 1106 2572 nuncius
1125 2531 1197 2573 Job
1219 2531 1319 2572 dicit
1334 2531 1347 2553 ⁵
1371 2545 1380 2572 :

358 2617 378 2641 «
397 2602 523 2645 Evasi
543 2614 626 2654 ego
643 2602 771 2653 solus,
793 2605 842 2643 ut
862 2602 1106 2642 nuntiarem
1119 2602 1209 2643 tibi.
1226 2616 1245 2640 »
1270 2601 1321 2643 Et
1339 2602 1383 2642 in

351 2673 433 2714 hoc
452 2674 574 2726 quasi
593 2674 805 2714 habebant
823 2673 1148 2726 praedicatorum
1176 2674 1379 2724 officium,

353 2745 405 2785 de
433 2745 588 2797 quibus
607 2746 620 2767 ⁶
650 2757 660 2784 :
700 2760 718 2782 α
737 2744 1111 2785 Annuntiaverunt
1139 2757 1266 2798 opera
1285 2745 1379 2796 Dei,

353 2817 394 2855 θῖ
413 2815 519 2855 facta
538 2816 630 2866 ejus
647 2814 962 2855 intellexerunt.
976 2828 994 2851 1>
1018 2814 1118 2856 Haec
1137 2817 1200 2855 est
1218 2827 1383 2856 annun-

351 2885 470 2926 tiatio
507 2898 636 2938 quam
672 2888 856 2939 acceptat
886 2886 1110 2939 Apostolus
1148 2886 1289 2927 dicens
1319 2891 1333 2911 '¹
1368 2901 1378 2927 ι

358 2970 377 2993 (1
398 2955 495 2997 Sive
524 2969 598 3009 per
624 2957 910 3008 occasionem,
941 2957 1030 2999 sive
1055 2969 1130 3009 per
1157 2958 1380 2999 veritatem

354 3026 542 3067 Christus
579 3027 885 3068 annuntietur:
922 3030 963 3068 et
1000 3028 1044 3068 in
1080 3028 1160 3068 hoc
1195 3028 1378 3080 gaudeo,

352 3097 424 3137 sed
440 3099 481 3137 et
504 3098 713 3148 gaudebo.
734 3112 753 3134 n
775 3097 892 3138 Unde
911 3098 1023 3138 bona
1037 3098 1088 3139 de
1108 3098 1270 3140 Christo
1288 3099 1382 3141 visa

350 3179 437 3208 non
469 3171 568 3207 sunt
599 3168 830 3218 reticenda,
864 3168 937 3208 sed
969 3169 1279 3220 annuntianda,
1310 3182 1379 3211 se-

352 3237 541 3278 cundum
559 3237 662 3277 illud
681 3238 693 3258 ⁸
718 3252 726 3277 :
755 3254 773 3275 «
787 3237 993 3279 Dixerunt
1013 3238 1075 3278 illi
1096 3242 1277 3291 quatuor
1296 3241 1379 3283 viri

350 3308 504 3361 leprosi
527 3323 535 3349 :
558 3308 657 3349 llaec
687 3309 800 3349 enim
823 3309 910 3349 dies
939 3310 1040 3350 boni
1070 3310 1211 3351 nuntii
1238 3313 1322 3360 est;
1345 3311 1379 3351 si

394 3441 404 3461 ¹
420 3440 529 3478 Joan„
548 3447 583 3480 X,
609 3442 657 3471 12.
681 3456 721 3462 -—
740 3440 750 3457 ²
770 3439 883 3479 Zach„
904 3447 952 3479 XI,
975 3440 1024 3471 17.
1044 3456 1085 3463 ·—
1103 3440 1114 3458 ³
1133 3440 1205 3481 Job,
1225 3449 1299 3482 XIX,
1324 3442 1375 3474 29.

351 3503 390 3510 —
415 3487 429 3508 δ
452 3487 544 3519 Psal.
571 3494 744 3526 cxxxviii,
772 3488 802 3519 7.
832 3505 866 3509 —
895 3488 906 3505 ⁵
931 3486 1010 3525 Job,
1042 3494 1070 3526 1,
1103 3489 1153 3518 15.
1178 3506 1219 3512 —
1243 3489 1256 3510 ⁶
1283 3490 1376 3521 Psal.

351 3542 449 3574 mini,
474 3536 525 3566 10.
545 3552 585 3557 —
603 3535 615 3556 7
637 3533 777 3573 Philip„
800 3542 823 3573 1,
846 3535 896 3565 18.
916 3551 955 3558 -
975 3533 988 3554 8
1011 3534 1053 3565 lv
1077 3534 1169 3575 Req„
1193 3543 1262 3576 vn,
1283 3538 1314 3567 9.
1337 3554 1372 3559 -

1084 257 1366 300 EVANGELII
1397 234 1583 302 SANCTI
1612 259 1761 303 LUGAE

1455 350 1710 390 tacuerimus
1750 350 1790 388 et
1819 348 2080 392 noluerimus
2113 351 2311 393 nuntiare
2344 361 2481 405 usque

1456 431 1596 470 mane,
1621 419 1786 460 sceleris
1813 430 2063 470 arguemur.
2086 420 2256 473 Venite,
2279 434 2425 464 eamus
2443 426 2483 464 et

1457 490 1703 530 nuntiemus
1732 489 1777 529 in
1813 489 1909 529 aula
1930 490 2101 541 regis.»
2139 491 2220 533 Sed
2248 493 2361 534 mala
2396 505 2482 534 non

1457 562 1556 599 sunt
1576 559 1869 600 annuntianda
1889 564 1902 584 ⁹
1929 573 1938 599 z
1968 559 2142 602 «Nolite
2168 564 2420 617 annuntiare
2437 564 2483 604 in

1458 627 1588 680 Geth,
1614 642 1753 682 neque
1779 629 2036 670 annuntietis
2067 630 2111 670 in
2128 633 2321 684 compitis
2352 634 2479 674 Asca-

1457 698 1579 739 lonis.
1609 713 1628 737 >³

1510 769 1702 811 Secundo
1720 782 1836 820 vero,
1860 772 2069 823 quantum
2093 771 2145 812 ad
2165 771 2482 823 indagationem

1455 841 1646 881 veritatis
1672 841 1843 892 auditae,
1866 842 2061 882 subditur
2083 843 2139 894 (v.
2160 843 2247 894 35):
2269 843 2484 887 Exierunt

1456 915 1595 952 autem
1617 911 1759 953 videre
1778 912 1891 964 quoa
1908 914 2073 964 factum
2096 916 2183 963 esc,
2212 918 2251 955 et
2279 918 2485 955 venerant

1456 980 1513 1021 acl
1533 981 1687 1022 Jesum.
1713 982 1946 1033 Baiarum,
1970 983 2162 1035 inquam,
2177 983 2229 1024 ad
2251 983 2484 1036 inquisitio-

1454 1062 1553 1091 nem
1575 1052 1603 1076 ¹0
1629 1063 1639 1092 x
1668 1066 1686 1090 a
1708 1052 1986 1104 Egredimini,
2010 1056 2049 1094 et
2069 1054 2220 1104 videte,
2244 1053 2343 1095 filiae
2363 1053 2480 1105 Sion,

1453 1133 1604 1173 regem
1625 1121 1910 1163 Salomonem.
1932 1137 1951 1161 ›>
1973 1123 2025 1164 Et
2043 1123 2087 1164 in
2107 1124 2275 1165 Psalmo
2293 1124 2319 1146 11
2341 1135 2381 1164 ;((
2399 1123 2480 1166 Ve-

1453 1192 1540 1233 nite
1559 1195 1599 1233 et
1618 1193 1758 1235 videte
1778 1205 1907 1246 opera
1922 1194 2105 1245 Domini,
2127 1206 2224 1248 quae
2238 1195 2378 1247 posuit
2390 1206 2484 1247 pro-

1453 1263 1570 1316 digia
1600 1275 1727 1316 super
1757 1267 1929 1306 terram.
1954 1280 1973 1303 ))
2011 1266 2218 1307 Exierunt
2252 1268 2395 1306 autem
2432 1266 2485 1307 ad

1454 1333 1475 1374 J
1478 1346 1599 1376 esum
1612 1336 1688 1388 qui
1699 1337 1761 1376 est
1772 1335 1949 1388 Veritas,
1964 1339 2012 1377 ut
2026 1337 2233 1378 discerent
2245 1337 2480 1379 veritatem.

1454 1404 1576 1456 Nam,
1608 1405 1715 1446 sicut
1743 1405 1844 1446 dicit
1872 1406 2072 1448 sollicitus
2092 1407 2316 1460 inquisitor
2330 1406 2448 1448 Job¹2
2471 1420 2480 1447 ε

1461 1490 1480 1514 ((
1502 1475 1601 1524 Quis
1627 1476 1736 1515 mihi
1762 1476 1923 1516 tribuat
1952 1479 1999 1517 ut
2025 1488 2277 1528 cognoscam
2297 1479 2338 1518 et
2362 1477 2484 1518 inve-

1453 1545 1571 1586 niam
1606 1545 1728 1586 illum
1747 1578 1757 1597 ,
1798 1549 1839 1586 θῖ
1873 1547 2045 1588 veniam
2083 1559 2218 1600 usque
2248 1547 2300 1587 ad
2331 1547 2483 1588 solium

1454 1617 1546 1668 ejus
1559 1617 1578 1656 ἱ)
1596 1631 1614 1654 >)
1643 1615 1710 1656 Sic
1730 1615 1999 1666 Samaritani,
2023 1617 2165 1657 audito
2185 1617 2315 1658 verbo
2337 1617 2484 1658 mulie-

1454 1686 1512 1725 ris
1533 1686 1561 1708 ¹³
1586 1700 1594 1726 :
1625 1701 1644 1724 (ι
1664 1686 1779 1726 Abiit
1799 1687 1954 1727 mulier
1984 1687 2031 1726 in
2056 1687 2285 1737 civitatem,
2317 1689 2358 1727 et
2385 1687 2485 1727 dicit

1454 1755 1534 1795 illis
1554 1755 1801 1797 hominibus
1822 1770 1831 1796 :
1852 1756 1999 1797 Venite
2024 1758 2065 1796 et
2089 1756 2229 1798 videte
2247 1756 2481 1807 hominem,

1454 1825 1528 1878 qui
1542 1825 1648 1866 dixit
1658 1826 1764 1866 mihi
1779 1826 1923 1867 omnia
1940 1837 2223 1879 quaecumque
2238 1827 2315 1867 feci
2333 1841 2341 1868 :
2362 1839 2484 1868 num-

1454 1896 1556 1948 quid
1574 1896 1664 1949 ipse
1683 1899 1746 1937 est
1767 1896 1984 1937 Christus?
2007 1896 2215 1937 Exierunt
2236 1909 2339 1948 ergo
2354 1897 2404 1938 de
2422 1898 2481 1938 ci-

1453 1967 1601 2018 vitate,
1624 1970 1663 2008 et
1683 1967 1911 2009 veniebant
1929 1967 1981 2008 ad
2001 1979 2118 2008 eum.
2138 1981 2157 2006 2>
2183 1967 2234 2007 Et
2251 1968 2485 2009 notandum

1455 2041 1517 2079 est
1536 2038 1658 2080 valde
1686 2039 1801 2092 quod
1832 2038 2000 2090 dicitur,
2034 2038 2137 2079 dum
2164 2040 2323 2079 exeunt
2343 2038 2486 2080 videre

1455 2109 1570 2161 quod
1589 2109 1748 2150 factum
1767 2111 1852 2160 est,
1885 2110 2094 2150 venerunt
2115 2108 2168 2148 ad
2193 2107 2363 2159 Jesum;
2385 2108 2486 2161 quia

1454 2178 1616 2219 factura
1635 2179 1739 2220 dum
1761 2179 1926 2220 videtur
1939 2210 1949 2230 ‚
1975 2178 2089 2219 ducit
2110 2178 2162 2219 ad
2182 2177 2400 2219 Factorem
2420 2179 2450 2203 ¹⁴
2472 2190 2483 2219 :

1462 2262 1481 2286 «
1500 2247 1733 2290 Invisibilia
1751 2249 1865 2289 enim
1885 2249 2032 2301 ipsius,
2056 2261 2081 2288 a
2099 2250 2292 2289 creatura
2311 2248 2482 2300 mundi,

1455 2331 1531 2372 per
1550 2332 1599 2360 ea
1618 2332 1715 2373 quae
1737 2319 1844 2360 fac-ta
1863 2321 1964 2360 sunt
1982 2319 2194 2360 intellecta
2214 2319 2482 2372 conspicium

1454 2391 1537 2430 tur.
1564 2404 1584 2428 ›>
1604 2389 1655 2431 Et
1683 2390 1728 2430 in
1753 2390 1981 2442 Sapientia
2000 2389 2027 2411 ¹5
2049 2403 2057 2430 :
2083 2403 2103 2427 «
2128 2389 2166 2430 A
2186 2389 2484 2440 magnitudine

1455 2460 1571 2500 enim
1588 2459 1741 2512 speciei
1759 2462 1800 2500 et
1820 2461 2040 2510 creaturae,
2057 2460 2395 2511 cognoscibiliter
2408 2473 2481 2514 po-

1454 2531 1551 2572 terit
1571 2531 1740 2573 Creator
1756 2531 1915 2572 horum
1933 2530 2085 2573 videri.
2106 2545 2125 2569 ›>
2153 2530 2204 2571 Et
2222 2530 2316 2572 ideo
2334 2531 2380 2571 in
2402 2532 2482 2573 Ec-

1454 2599 1689 2643 clesiastico
1711 2601 1738 2626 ¹⁶
1769 2614 1779 2642 :
1819 2616 1839 2641 α
1859 2600 1996 2649 Quam
2024 2600 2313 2642 desiderabilia
2341 2602 2484 2644 omnia

1454 2684 1582 2724 opera
1601 2673 1718 2724 eJuS‚
1752 2675 1793 2713 et
1821 2675 2026 2725 tanquam
2051 2672 2253 2724 scintilla,
2283 2687 2302 2711 n
2334 2675 2412 2714 etc.
2436 2673 2484 2714 In

1453 2742 1533 2783 hoc
1549 2744 1693 2783 autem
1712 2745 1886 2795 apparet
1904 2742 2019 2795 quod
2039 2754 2126 2783 non
2145 2745 2207 2784 est
2218 2744 2416 2785 standum
2439 2744 2483 2784 in

1453 2814 1632 2863 factura,
1653 2813 1726 2853 sed
1740 2813 2074 2866 perveniendum
2092 2825 2230 2867 usque
2249 2814 2302 2855 ad
2321 2813 2342 2854 J
2345 2826 2478 2855 esum.

1453 2883 1502 2924 In
1520 2885 1818 2927 Ecclesiastico
1834 2884 1861 2905 ¹⁷
1879 2898 1918 2925 z«
1936 2883 2040 2924 Vide
2059 2895 2222 2934 arcum,
2249 2886 2289 2924 et
2307 2884 2480 2930 benedic

1452 2967 1551 2996 eum
1571 2956 1644 3008 qui
1660 2955 1757 2996 fecit
1774 2955 1909 2995 illum.
1931 2968 1950 2992 >a
1975 2953 2027 2995 Et
2044 2953 2090 2994 in
2109 2954 2275 2996 Psalmo
2296 2955 2324 2977 ¹⁸
2348 2969 2356 2995 :
2381 2970 2401 2993 «
2416 2955 2480 2996 Ex

1452 3037 1525 3067 ore
1550 3027 1778 3067 infantium
1803 3028 1844 3067 et
1871 3024 2118 3065 lactentium
2149 3025 2358 3076 perfecisti
2382 3026 2475 3068 lau-

1453 3094 1564 3142 dem,
1592 3109 1611 3133 v>
1632 3097 1710 3135 etc.

1505 3164 1661 3215 Tertio,
1684 3165 1895 3217 quantum
1909 3165 1961 3205 ad
1984 3164 2274 3206 inventionem
2287 3164 2477 3206 veritatis

1451 3236 1657 3289 quaesitae,
1680 3236 1899 3277 subditur:
1923 3236 1977 3278 Et
1996 3237 2249 3280 invenerant
2267 3236 2478 3279 hominem

1449 3308 1661 3351 sedentem
1687 3319 1713 3349 a
1741 3318 1821 3360 quo
1855 3307 2071 3350 doemonia
2101 3309 2295 3351 exierant
2313 3320 2328 3349 .·
2354 3310 2395 3348 θῖ
2420 3308 2478 3348 ita

1449 3391 1463 3413 ⁹
1483 3391 1510 3422 ll
1532 3391 1623 3431 Req„
1642 3399 1666 3430 1,
1687 3391 1739 3422 20.
1757 3405 1797 3413 —
1814 3390 1842 3412 1⁰
1861 3389 1972 3432 Cant„
1993 3398 2045 3432 111,
2067 3394 2119 3423 11.
2139 3409 2174 3414 -
2196 3391 2223 3413 1¹
2240 3391 2328 3422 Psal.
2346 3397 2425 3431 XLV,
2446 3392 2477 3422 9.

1449 3455 1488 3462 —
1512 3438 1540 3459 ¹2
1555 3437 1633 3477 Job,
1650 3444 1757 3476 xxm,
1779 3438 1808 3469 3.
1830 3454 1871 3460 —
1899 3438 1920 3455 ¹³
1940 3438 2047 3478 Joan„
2070 3446 2117 3479 iv,
2135 3439 2248 3471 28-30.
2271 3454 2307 3460 ——
2331 3437 2355 3458 ¹⁴
2372 3438 2477 3476 Rom„

1450 3494 1481 3526 1,
1508 3487 1560 3527 20.
1587 3502 1628 3509 —
1656 3485 1682 3507 ¹⁵
1709 3485 1805 3526 Sap„
1829 3493 1910 3525 xm,
1940 3488 1970 3517 5.
1987 3502 2026 3510 —
2052 3487 2079 3508 ¹⁶
2105 3485 2227 3522 Ecch‘„
2252 3493 2343 3526 xm,
2367 3486 2419 3517 23.
2439 3501 2474 3507 —

1450 3533 1472 3552 ¹⁷
1488 3532 1609 3573 Eccli„
1628 3540 1734 3573 xnni,
1754 3535 1803 3564 12.
1822 3550 1862 3556 —
1880 3533 1908 3554 ¹⁸
1927 3533 2017 3566 Psal.
2040 3541 2114 3574 vm,
2136 3534 2166 3564 3.
