2634 3853
1114 285 1453 337 EXPOSITIO

460 451 560 521 IN
633 447 1288 521 EVANGELIUM
1358 430 1712 533 SAQNCTI
1781 431 2107 518 LUCAE'

1056 823 1516 873 ARGUMENTUM

1126 938 1196 983 (Em
1214 937 1299 973 edit.
1320 935 1457 982 Vane.)

291 1059 439 1103 Sancti
457 1059 798 1113 Bonaventurae,
822 1057 970 1100 eximii
990 1057 1187 1100 Ecclesiae
1213 1056 1408 1100 Doctoris
1429 1055 1616 1099 eruditio
1635 1055 1871 1112 singularis
1889 1054 2232 1113 admirandaque
2252 1055 2349 1099 doc-

232 1137 362 1191 trina,
384 1151 483 1180 cum
504 1151 554 1179 ex
577 1135 849 1179 Scholasticis
869 1134 1019 1178 multis
1038 1133 1432 1187 lucubrationibus,
1456 1138 1549 1176 tum
1570 1148 1621 1176 ex
1641 1132 1876 1176 luculentis
1892 1132 2234 1190 expositionibus
2255 1146 2352 1191 per-

231 1213 336 1271 spici
360 1212 484 1256 facile
504 1217 668 1271 potest,
692 1226 799 1270 quas
827 1210 1039 1269 plurimas
1068 1210 1114 1253 in
1140 1215 1289 1265 vetus,
1319 1225 1367 1252 ac
1395 1224 1561 1253 novum
1588 1209 1913 1252 Testamentum
1945 1209 2066 1252 docte
2094 1209 2352 1268 egregieque

230 1289 413 1348 scripsit.
437 1289 555 1340 Quos
586 1293 732 1331 autem
762 1287 917 1331 veteris
947 1286 1211 1329 Testamenti
1240 1300 1380 1329 sacros
1414 1286 1548 1329 libros
1574 1286 1848 1341 exposuerit,
1872 1300 1943 1328 eos
1969 1285 2183 1343 superiori
2202 1287 2215 1308 ²
2236 1290 2353 1330 tomo

230 1365 626 1409 demonstravimus
657 1381 665 1407 :
697 1364 778 1407 hoc
805 1368 951 1406 autem
978 1363 1113 1405 altero
1144 1367 1156 1387 ³
1186 1366 1300 1405 tomo
1332 1362 1547 1420 complexi
1580 1376 1732 1404 sumus
1761 1361 2050 1420 expositiones
2080 1361 2127 1404 in
2159 1376 2352 1417 novum,

231 1442 443 1486 nimirum
463 1442 510 1485 in
530 1441 818 1498 Evangelium
839 1440 973 1483 sancti
993 1439 1144 1494 Lucae,
1169 1444 1210 1482 et
1229 1439 1364 1482 sancti
1382 1438 1576 1482 Joannis.
1605 1437 1803 1481 Dicemus
1830 1438 1967 1496 igitur
1989 1438 2081 1496 jam
2110 1438 2162 1482 de
2189 1439 2357 1499 exposi-

233 1519 349 1562 tione
375 1519 421 1562 in
447 1522 643 1561 sanctum
674 1517 861 1570 Lucam,
893 1532 1025 1575 quani
1056 1517 1149 1574 ejus
1178 1530 1266 1559 esse
1298 1531 1385 1559 non
1416 1516 1558 1559 solum
1591 1515 1858 1560 Trithemius
1886 1516 2094 1572 ostendit,
2126 1516 2199 1560 sed
2227 1517 2356 1575 plane

235 1595 498 1639 demonstrat
529 1594 749 1652 exemplar
778 1598 904 1638 vetus
936 1593 1221 1648 Vaticanum,
1252 1594 1445 1651 itemque
1477 1592 1742 1651 exemplaria
1768 1598 1973 1651 quatuor,
2006 1593 2053 1636 in
2078 1593 2229 1650 Belgio
2259 1594 2358 1637 dili—

234 1677 384 1728 genter
403 1676 618 1715 asservata
640 1687 648 1713 :
672 1685 862 1729 quorum
889 1686 1029 1713 unum
1054 1675 1116 1713 est
1146 1670 1430 1713 Gandavense
1447 1705 1457 1724 ,
1485 1670 1672 1712 alterum
1700 1669 2009 1725 Bruxellense,
2044 1670 2220 1714 tertium
2253 1671 2358 1714 Tra-

231 1746 467 1805 jectinum,
490 1752 696 1805 quartum
716 1747 982 1791 Lovaniense
1007 1763 1015 1789 :
1045 1762 1145 1789 cum
1168 1746 1330 1805 quihus
1355 1745 1560 1789 omnibus
1583 1746 1688 1789 olim
1718 1762 1743 1789 a
1767 1746 1817 1789 F.
1847 1746 2031 1790 Matthia
2053 1746 2355 1801 Dordracensi,

233 1823 438 1867 Fratrum
458 1823 679 1867 Minorum
708 1823 950 1867 Germaniae
977 1823 1196 1867 inferioris
1222 1823 1421 1866 Ministro
1442 1822 1700 1881 provinciali
1719 1823 1825 1866 olim
1845 1823 2002 1867 collata
2021 1839 2155 1882 quam
2174 1823 2360 1880 diligen-

234 1900 397 1944 tissime
425 1900 517 1944 haeo
544 1900 753 1959 expositio
768 1936 778 1955 ,
802 1915 916 1944 anno
942 1900 1053 1944 1539
1076 1900 1190 1958 typis
1215 1899 1611 1957 Antuerpiensihus
1636 1900 1846 1942 concinne
1865 1900 2098 1959 impressa,
2121 1901 2260 1944 Paulo
2280 1901 2356 1945 III.

235 1977 363 2021 Pont.
399 1977 513 2020 Max.
545 1977 705 2036 prodiit
734 1977 780 2020 in
811 1978 969 2021 lucem.
1006 1977 1070 2020 Ex
1102 1976 1433 2035 Antuerpiensis
1465 1976 1688 2030 editionis,
1723 1980 1819 2035 apte
1857 1982 2057 2036 recteque
2098 1977 2359 2033 emendatae,

236 2053 472 2112 exemplari
501 2054 766 2113 sumpsimus
804 2054 1053 2112 exemplum
1083 2054 1137 2097 ad
1170 2053 1405 2097 editionem
1442 2053 1696 2096 Vaticanam
1732 2053 1864 2107 hanc,
1897 2068 1995 2112 quae
2027 2053 2181 2098 melior
2213 2054 2364 2098 multis

236 2130 433 2189 partibus
461 2130 628 2174 reddita
652 2136 713 2174 est
740 2131 1062 2190 exemplaribus
1088 2145 1265 2189 quoque
1292 2130 1404 2173 aliis.
1433 2129 1576 2173 Editio
1599 2134 1805 2188 praeterea
1824 2130 1993 2174 Veneta
2013 2136 2043 2186 ¹⁶,
2066 2130 2143 2174 etsi
2163 2135 2366 2190 typogra-

239 2207 428 2265 phorum
447 2207 723 2264 indiligentia
742 2212 984 2251 erratorum
1002 2207 1267 2266 quibusdam
1286 2207 1416 2262 notis,
1439 2212 1481 2250 et
1502 2206 1671 2250 mendis
1688 2221 1860 2265 aspersa
1874 2212 1950 2260 est,
1972 2208 2073 2251 usui
2093 2207 2222 2252 etiam
2242 2208 2368 2252 nobis

240 2282 325 2326 fuit
356 2288 529 2342 propter
561 2284 811 2326 conferendi
846 2284 1060 2327 rationem
1093 2284 1146 2326 ad
1181 2284 1293 2327 hanc
1324 2285 1461 2342 ipsam
1495 2283 1842 2327 emendationem
1882 2284 2169 2340 Vaticanam,
2203 2285 2250 2328 in
2282 2300 2370 2344 qua

243 2358 446 2416 splendor
474 2359 613 2402 elucet
642 2374 731 2402 non
762 2359 972 2402 minimus
1002 2359 1209 2403 doctrinae
1228 2359 1339 2402 tanti
1359 2359 1544 2401 doctoris
1578 2376 1586 2401 :
1612 2360 1682 2402 cui
1704 2359 1748 2401 in
1769 2360 1922 2417 primis
1947 2360 2098 2404 lumen
2124 2361 2368 2404 maximum

244 2433 364 2476 omni
381 2448 434 2476 ex
450 2439 569 2492 parte
588 2434 743 2477 afferre
762 2435 1000 2492 impensius
1020 2435 1188 2478 curavit
1204 2434 1353 2478 Sixtus
1372 2434 1578 2489 Quintus,
1600 2435 1806 2479 Pontifex
1825 2436 2136 2492 sanctissimus,
2159 2436 2366 2495 idemque

245 2509 579 2554 eruditissimus.
601 2509 713 2553 Huic
739 2525 867 2569 porro
889 2511 1170 2569 expositioni,
1194 2511 1355 2555 summi
1378 2511 1461 2553 viri
1481 2516 1522 2554 et
1542 2512 1836 2556 sanctimonia}
1864 2518 1906 2556 et
1930 2512 2134 2556 doctrinae
2164 2513 2369 2572 opinione

245 2591 493 2643 praestantes
512 2591 683 2630 tantum
704 2587 976 2642 tribuerunt,
1003 2593 1048 2630 ut
1068 2603 1167 2631 cum
1187 2587 1355 2646 aliquid
1375 2587 1427 2630 de
1448 2587 1689 2644 Evangelio
1709 2590 1845 2632 sancti
1874 2589 1999 2633 Lucae
2028 2589 2189 2632 dicturi
2209 2594 2366 2644 essent,

247 2677 387 2705 unum
406 2668 596 2706 sanctam
615 2663 969 2706 Bonaventuram
989 2664 1151 2707 caeteris
1170 2664 1290 2707 illius
1304 2663 1533 2720 Evangelii
1552 2664 2186 2724 interpretibusanteponerent
2207 2682 2215 2708 ε
2239 2665 2369 2708 nimi-

246 2752 346 2782 rum
372 2754 471 2782 cum
500 2739 554 2782 ad
583 2739 676 2797 ejus
704 2739 1018 2798 expositionem
1038 2740 1229 2798 optimus
1248 2740 1558 2784 Bonaventura
1576 2741 1813 2800 interpres,
1837 2756 1987 2785 omnes
2004 2741 2230 2786 industriae
2249 2743 2370 2799 inge-

246 2814 396 2873 niique
414 2815 483 2858 sui
502 2830 658 2859 nervos
680 2815 937 2868 intenderit,
970 2822 1115 2859 sancta
1145 2816 1335 2875 quadam
1365 2817 1641 2860 aemulatione
1670 2817 1886 2861 incensus.
1917 2817 2027 2861 Nam
2054 2817 2260 2862 Urbanus
2286 2819 2364 2863 IV.

247 2890 449 2935 Pontifex
479 2897 624 2936 sancto
655 2892 834 2936 Thomae
866 2892 1079 2952 Aquinati
1110 2893 1298 2936 maxime
1331 2898 1480 2936 auctor
1511 2893 1621 2950 fuit,
1656 2899 1704 2937 ut
1738 2909 1791 2937 ex
1820 2894 2024 2938 omnibus
2060 2894 2242 2938 Patrum
2274 2900 2369 2940 tum

249 2966 530 3025 Latinorum,
563 2974 659 3012 tum
691 2969 943 3013 Graecorum
976 2970 1299 3014 commentariis
1330 2970 1376 3012 in
1408 2974 1598 3028 quatuor
1635 2975 1802 3014 sanctos
1839 2970 2140 3027 Evangelistas
2173 2976 2368 3015 catenam

251 3048 494 3088 contexeret
517 3061 525 3087 ε
559 3045 629 3089 cui
657 3046 787 3089 etiam
814 3046 1094 3105 interpretem
1121 3047 1322 3091 Graecum
1342 3045 1409 3104 adj
1419 3047 1565 3102 unxit,
1589 3052 1639 3090 ut
1658 3047 1771 3090 nihil
1801 3047 1854 3090 ad
1875 3048 2073 3106 perfectae
2093 3048 2371 3107 expositionis

252 3120 479 3164 cumulum
499 3121 683 3177 deesset,
707 3122 742 3165 si
761 3137 899 3179 graeca
918 3123 1282 3168 desiderarentur.
1305 3123 1354 3166 Id
1374 3123 1537 3180 negotii
1557 3128 1703 3167 sancto
1722 3124 1901 3168 Thomae
1926 3139 1950 3167 a
1970 3124 2182 3168 Pontifice
2200 3124 2368 3180 datum,

292 3244 299 3261 ¹
321 3244 374 3283 Cf.
398 3244 482 3275 Edit.
506 3245 630 3285 Vatic„
655 3254 710 3277 an.
736 3248 826 3287 1589,
851 3248 931 3279 tom.
955 3249 1003 3288 ll,
1030 3258 1106 3289 pag,
1133 3250 1149 3279 3
1167 3259 1177 3289 3
1198 3248 1276 3280 edit.
1299 3249 1399 3288 Ven„
1422 3257 1476 3279 an.
1504 3250 1596 3287 1754,
1615 3252 1697 3280 tom.
1720 3249 1782 3289 vl,
1803 3251 1888 3289 part.
1916 3250 1952 3289 I,
1980 3258 2058 3290 pag.
2079 3250 2129 3280 73.
2149 3266 2189 3272 —
2209 3249 2220 3267 ²
2243 3247 2376 3280 Scilicet

248 3290 358 3330 primo
383 3291 540 3323 editionis
566 3291 760 3333 Vaticanae‚
790 3296 917 3325 nostrae
948 3296 1061 3326 autem
1091 3295 1207 3336 n'ono,
1238 3298 1270 3327 et
1299 3295 1420 3326 decimi
1442 3295 1542 3336 hujus
1572 3298 1630 3327 206
1660 3295 1778 3335 primis
1800 3296 1944 3335 paginis.
1969 3313 2008 3318 —
2039 3296 2053 3317 3
2073 3295 2204 3327 Scilicet
2226 3295 2375 3326 secundo

249 3337 404 3369 editionis
424 3338 605 3379 Vaticanae,
626 3341 752 3371 nostrae
774 3342 886 3371 autem
906 3341 958 3372 his
977 3351 1053 3383 quae
1073 3345 1256 3383 supersunt
1275 3342 1359 3373 tomi
1379 3342 1502 3373 decimi
1530 3342 1676 3382 paginis,
1702 3345 1735 3374 et
1757 3341 1937 3374 undecimo
1960 3342 2029 3373 fere
2044 3344 2128 3373 toto.
2148 3358 2188 3364 —
2211 3341 2221 3359 ⁴
2241 3341 2376 3373 Scilicet

251 3385 332 3416 anni
355 3386 447 3416 1584.
