2634 3853
238 262 314 302 316

236 349 282 389 in
319 345 492 387 malitiis
521 345 619 385 tuiS.
655 344 790 393 Quam
828 344 881 384 ob
920 353 1011 382 rem
1036 340 1261 393 prohibitae

236 420 336 460 sunt
367 416 487 457 stillae
512 415 769 468 pluviarum,
804 416 845 453 et
873 412 1087 453 serotinus
1124 411 1263 451 imber

236 501 322 530 non
347 487 438 528 fuit.
469 500 488 523 1)
526 485 654 525 Erant
679 485 722 523 in
754 483 996 523 necessitate
1023 481 1261 521 constitutae

235 562 405 613 propter
444 558 650 597 defectum
694 552 902 594 terrestris
939 551 1181 602 alimoniae3
1223 554 1263 592 et

236 631 328 672 ideo
354 629 521 670 additur
552 641 560 666 :
598 625 700 666 Cam
727 625 844 675 sacta
869 626 974 665 esset
1007 623 1140 673 fames
1170 633 1262 665 ma-

235 712 319 755 qna
345 702 393 742 in
425 698 540 741 omni
570 701 697 739 zerra.
735 695 851 736 Sicut
881 693 1058 734 (licitur¹
1084 707 1093 734 ;
1117 707 1137 732 11
1160 693 1260 734 Erat

234 773 366 812 fames
396 768 624 809 vehemens
652 768 697 806 in
733 765 948 815 Samaria,
977 778 996 802 ι)
1031 766 1109 804 etc.
1144 763 1262 805 Unde

235 841 501 883 verificatum
521 840 611 879 erat
630 837 680 878 de
701 837 798 877 filiis
813 836 940 877 Israel
959 835 1061 876 illud
1079 835 1262 876 Psalmo-

234 910 410 964 graphi2
424 924 469 959 ².ss
483 909 657 950 Famem
678 908 891 961 patientur
910 910 958 948 ut
977 917 1115 956 001105,
1135 908 1176 946 et
1189 905 1262 946 cir-

234 982 410 1023 cuibunt
425 980 655 1030 civitatem,
673 994 691 1016 »
705 979 804 1031 quia
818 978 1021 1019 circuibat
1040 989 1117 1018 rex
1136 976 1262 1017 etdis-

233 1054 430 1106 pensator
454 1051 607 1091 domus
629 1061 717 1090 suae
744 1049 796 1089 ad
816 1048 1070 1089 invenienda
1089 1059 1258 1100 pascua.

234 1124 284 1164 Et
298 1123 392 1163 licet
405 1125 541 1162 essent
554 1121 597 1160 in
617 1122 733 1160 tanta
752 1118 1010 1169 necessitate,
1026 1118 1118 1170 subj
1126 1117 1261 1170 ungi-

232 1197 302 1233 tur
326 1193 378 1244 (v.
402 1194 466 1242 ⁶26)
481 1206 489 1231 :
506 1193 565 1233 Ec
582 1190 815 1232 adnullant
834 1190 1009 1231 illarum
1027 1190 1183 1231 missus
1203 1193 1263 1232 est

232 1264 368 1313 Elias,
389 1265 437 1303 ut
456 1274 527 1303 eas
546 1273 622 1314 per
642 1260 898 1302 miraculum
919 1259 1125 1301 relevaret
1145 1273 1170 1301 a
1188 1272 1264 1313 pe-

232 1335 360 1376 nuria
373 1335 510 1384 famis;
532 1337 579 1375 ut
599 1333 658 1373 sic
677 1333 968 1375 verificaretur
982 1332 1026 1372 in
1040 1332 1100 1372 eis
1119 1332 1260 1374 illud³z

240 1423 258 1446 «
277 1407 534 1457 EsurienteS,
563 1408 603 1446 et
634 1405 819 1447 sitientes
842 1418 851 1445 :
882 1403 1024 1444 anima
1042 1415 1191 1444 eorum
1218 1404 1262 1444 in

233 1479 335 1531 ipsis
366 1479 528 1520 defecit.
559 1491 579 1516 ›>
616 1476 698 1518 Sed
734 1478 983 1517 extraneam
1028 1474 1258 1526 relevavit,

234 1550 348 1591 unde
377 1550 546 1590 additur
581 1563 590 1589 z
623 1548 728 1590 Misi
755 1549 803 1590 in
838 1547 1018 1600 Sarepta
1055 1546 1259 1596 Sidonia,

234 1620 523 1663 admitterem
543 1619 744 1668 viduam,
772 1617 1006 1659 secundum
1032 1617 1144 1669 quod
1163 1617 1263 1657 scri-

232 1692 346 1732 bitur
364 1691 377 1712 1
400 1704 409 1731 :
439 1690 642 1730 «Dictum
663 1691 726 1729 est
749 1688 852 1730 Eliae
874 1702 882 1729 ε
915 1687 1073 1739 Surge,
1096 1690 1138 1728 et
1156 1687 1262 1729 vade

232 1763 277 1803 in
306 1762 479 1815 Sarepta
512 1760 808 1810 Sidoniorum,
842 1762 883 1800 et
921 1758 1112 1799 manebis
1151 1758 1209 1797 ibi
1249 1771 1257 1798 :

232 1834 412 1887 praecepi
441 1833 554 1874 enim
581 1833 639 1873 ibi
669 1832 839 1873 mulieri
867 1831 1024 1880 viduae,
1053 1832 1101 1870 ut
1119 1832 1263 1883 pascat

234 1908 274 1945 te
297 1917 306 1945 :
325 1919 344 1942 »
367 1904 500 1944 immo
524 1904 613 1956 ipsa
634 1915 709 1956 per
728 1905 783 1943 te.
799 1901 925 1943 Aliud
945 1901 1190 1953 exemplum
1210 1901 1262 1942 ad

233 1974 600 2016 confirmationem
619 1973 918 2026 praedictorum
948 1972 999 2013 de
1017 1971 1169 2013 Elisaeo
1195 1972 1262 2012 in-

232 2046 483 2095 troducitur,
502 2057 601 2085 cum
616 2045 674 2085 ait
696 2044 751 2097 (v.
767 2045 831 2096 27)
859 2058 868 2085 ε
892 2044 945 2085 Et
964 2043 1091 2086 multi
1106 2043 1263 2096 leprosi

233 2122 355 2160 erant
376 2118 425 2159 in
453 2118 589 2159 Israel
611 2117 686 2158 sub
712 2116 864 2158 Elisoeo
890 2115 1113 2168 propheta.
1143 2115 1261 2157 Unde

235 2189 424 2241 diciturss,
445 2189 556 2242 quod
574 2190 762 2242 tempore
782 2187 924 2229 Elisaei
943 2190 1064 2228 erant
1079 2191 1262 2240 quatuor

232 2259 315 2300 viri
334 2259 486 2311 leprosi
498 2261 623 2311 juxta
641 2259 864 2299 introitum
888 2260 1019 2311 portae
1039 2258 1258 2310 Samariae,

230 2332 271 2370 et
312 2328 436 2369 multi
470 2329 540 2369 alii
579 2329 623 2368 in
662 2329 906 2370 necessitate
944 2329 1166 2370 consimili.
1207 2330 1261 2372 Ec

230 2412 350 2444 nemo
378 2411 519 2443 eorum
550 2400 784 2443 mundatus
815 2403 897 2450 est,
934 2401 1025 2442 nisi
1062 2400 1261 2442 Naaman

231 2476 388 2527 Syrus.
412 2473 610 2524 Diciturss,
637 2473 751 2526 quod
778 2472 968 2513 Naaman
993 2486 1012 2510 c(
1032 2471 1258 2522 descendit,

229 2548 270 2586 ct
289 2545 393 2586 lavit
412 2544 457 2584 in
487 2543 666 2585 Jordane
698 2543 856 2596 septies
874 2544 1002 2595 Juxta
1020 2554 1259 2584 sermonem

229 2617 313 2657 viri
323 2616 409 2667 Dei,
433 2618 473 2656 et
499 2616 695 2657 restituta
710 2618 773 2656 est
792 2627 888 2656 caro
904 2617 1013 2667 eJ’us,
1035 2615 1143 2657 sicut
1163 2628 1259 2658 caro

229 2687 351 2739 pueri
378 2687 566 2739 parvuli,
599 2689 640 2727 et
666 2687 897 2727 mundatus
926 2688 1002 2726 est.
1030 2700 1049 2724 »
1081 2686 1132 2727 Et
1157 2686 1257 2738 hoc,

225 2756 342 2807 justo
363 2755 432 2795 Dei
448 2754 625 2807 Judicio,
649 2755 750 2806 quia
767 2766 853 2794 non
873 2756 992 2794 erant
1006 2754 1141 2806 digni.
1166 2755 1215 2795 Et
1235 2768 1259 2796 a

230 2825 357 2866 simili
376 2825 516 2876 etiam,
535 2824 770 2865 secundum
789 2824 1068 2865 imitationem
1092 2826 1260 2878 praede-

230 2907 460 2944 cessorum,
490 2895 733 2936 ostendebat
758 2906 829 2935 eos
846 2894 1044 2947 indignos
1064 2896 1116 2936 ad
1136 2897 1260 2937 mira-

230 2965 424 3007 culorum
452 2966 777 3019 susceptionem.
816 2965 962 3007 Simile
1000 2967 1180 3009 habetur
1216 2969 1260 3009 in

230 3036 481 3079 Matthoeo⁷:
510 3052 529 3075 <‹
549 3037 693 3090 Itaque
723 3037 964 3079 testimonio
993 3038 1091 3078 estis
1115 3039 1259 3081 vobis-

232 3107 434 3160 metipsiS,
457 3107 557 3160 quia
575 3107 649 3147 filii
669 3108 768 3148 estis
788 3109 961 3158 horum,
989 3109 1063 3162 qui
1083 3110 1261 3162 prophe-

230 3180 292 3218 tas
319 3178 574 3219 occiderunt.
611 3178 661 3219 Et
691 3191 766 3220 vos
804 3180 976 3233 implete
1012 3192 1260 3223 mensuram

229 3251 400 3301 patrum
417 3251 669 3291 vestrorum.
689 3264 707 3288 »
732 3250 782 3292 Et
797 3250 843 3291 in
861 3251 1083 3294 Actibussst
1110 3267 1129 3290 «
1148 3252 1261 3294 Dura

231 3319 407 3371 cervice,
430 3321 472 3360 et
490 3319 770 3361 incircumcisi
790 3322 985 3363 cordibus
1003 3325 1044 3364 et
1065 3323 1257 3375 auribus,

274 3446 284 3468 ¹
308 3448 350 3478 lll
380 3449 472 3489 Κεφ,
495 3456 596 3487 xviii,
626 3451 656 3480 2.
678 3465 717 3471 —
742 3449 755 3469 ²
785 3449 874 3480 Psal.
898 3458 1001 3488 Lvni,
1020 3452 1052 3482 7.
1073 3468 1112 3474 —-
1134 3452 1145 3470 ³
1169 3453 1258 3485 Psal.

231 3501 297 3531 cvi,
324 3497 354 3526 5.
381 3513 420 3518 —
436 3496 510 3528 ¹011}
535 3497 624 3538 Κεφ,
646 3503 730 3536 xvn,
751 3498 843 3527 9.-
870 3498 1148 3539 ⁵1V1³eq.‚v11,
1173 3501 1201 3531 3.
1222 3518 1257 3523 —

232 3540 245 3561 ⁶
266 3540 362 3582 ibid„
383 3545 540 3584 v,14.—
554 3545 564 3564 '¹
588 3543 725 3584 Macth„
743 3551 848 3585 xxui,
868 3545 920 3586 31,
940 3546 991 3577 32.
1007 3563 1048 3570 —
1068 3546 1180 3587 ⁸Act.,
1199 3556 1258 3589 vn,

971 251 1257 295 EVANGELII
1287 250 1471 293 SANCTI
1500 251 1649 293 LUCAE

1338 352 1414 383 vos
1427 352 1594 394 semper
1604 339 1780 393 Spiritui
1797 341 1939 382 sancto
1958 341 2150 382 resistitis
2171 342 2238 394 (a),
2255 341 2364 382 sicut

1335 414 1473 464 patres
1504 412 1653 461 vestri,
1685 414 1727 452 et
1753 423 1843 453 VOS.
1887 412 2022 461 Quem
2056 413 2362 466 prophetarum

1335 494 1421 523 non
1453 486 1552 523 sunt
1577 482 1784 536 persecuti
1806 484 1944 534 patres
1973 484 2131 524 vestri?
2157 498 2176 522 2)
2212 486 2289 525 etc.
2312 485 2363 525 Et

1337 552 1394 592 sic
1414 554 1630 594 manifeste
1649 555 1749 593 sunt
1759 553 1955 604 convicti,
1971 553 2072 606 quia
2089 554 2271 595 defectus
2285 556 2362 595 mi-

1335 623 1577 664 raculorum
1592 636 1677 664 non
1697 626 1786 664 erat
1805 623 2079 676 imputandus
2099 624 2361 676 impotentiae

1337 693 1403 735 vel
1423 693 1700 746 negligentice
1726 693 1892 744 Christi,
1919 694 1991 734 sed
2016 695 2155 746 potius
2174 695 2363 747 ipsorum

1335 764 1507 805 invidiae
1533 766 1574 805 et
1603 761 1885 805 incredulitati
1913 778 1922 804 :
1947 766 1987 804 et
2006 764 2064 804 sic
2083 764 2205 816 digni
2225 767 2362 815 erant,

1335 835 1409 888 qui
1450 835 1664 876 miraculis
1700 835 1972 887 privarentur
1990 866 2000 885 ,
2051 835 2158 876 sicut
2205 836 2363 888 privati

1336 910 1462 950 etiam
1493 910 1660 950 fuerant
1688 914 1828 962 patres
1861 909 2067 962 ipsorum.
2100 909 2151 950 Et
2179 909 2365 950 notahic

1335 980 1625 1033 spiritualiter,
1658 980 1771 1032 quod
1789 980 1858 1020 his
1883 980 2048 1020 duobus
2069 979 2274 1033 exemplis
2295 991 2362 1020 os-

1335 1051 1467 1092 tendit
1482 1050 1779 1101 indignitatem
1790 1050 1811 1091 J
1817 1051 2037 1091 udaeorum
2055 1053 2247 1104 respectu
2263 1063 2366 1103 gen-

1336 1122 1489 1172 tilium,
1523 1123 1732 1174 quantum
1761 1121 1813 1162 ad
1842 1121 2130 1163 universalem
2157 1121 2364 1162 defectum

1337 1193 1598 1247 poenitentiae
1612 1224 1625 1244 ,
1654 1195 1694 1234 et
1719 1193 1959 1234 universale
1991 1193 2240 1245 contagium
2273 1206 2363 1234 nia-

1337 1265 1453 1316 litiae,
1470 1265 1582 1318 quod
1601 1264 1647 1304 in
1661 1264 1682 1305 J
1686 1264 1819 1305 udaeis
1832 1264 2034 1305 remansit
2046 1276 2133 1305 non
2153 1266 2364 1315 curatum,

1338 1337 1410 1378 sed
1430 1338 1473 1378 in
1493 1336 1728 1389 gentilibus
1742 1338 1804 1377 est
1823 1337 2022 1376 sanatum
2045 1347 2119 1389 per
2136 1335 2363 1376 Christum.

1338 1409 1541 1450 Clausura
1560 1410 1674 1450 enim
1697 1408 1791 1450 coeli
1818 1408 2014 1460 designat
2038 1408 2245 1449 defectum
2265 1420 2365 1460 gra-

1338 1480 1408 1521 tiae
1428 1482 1469 1521 et
1488 1481 1705 1522 doctrinae.
1729 1481 1743 1502 ⁹
1767 1494 1786 1518 <‹
1806 1479 1971 1530 Cavete,
1993 1492 2047 1520 ne
2062 1481 2169 1521 forte
2188 1480 2366 1533 decipia-

1338 1555 1409 1594 tur
1428 1566 1499 1594 cor
1517 1556 1722 1605 vestrum,
1739 1556 1781 1594 et
1799 1552 2004 1594 recedatis
2022 1565 2047 1594 a
2061 1553 2252 1594 Domino.
2275 1567 2294 1590 1)
2315 1553 2366 1594 Et

1339 1624 1561 1677 deinceps:
1591 1640 1610 1664 11
1633 1624 1853 1677 Iratusque
1871 1623 2072 1664 Dominus
2092 1624 2260 1664 claudat
2280 1635 2363 1665 010-

1338 1695 1445 1745 111111,
1467 1697 1508 1735 et
1526 1695 1684 1748 pluviae
1702 1707 1789 1735 non
1805 1695 2160 1744 descendant,nec
2177 1696 2283 1735 terra
2298 1695 2368 1735 det

1340 1777 1517 1818 germen
1537 1777 1679 1806 suum.
1701 1780 1721 1804 «
1742 1765 1798 1806 De
1812 1778 1896 1818 qua
1912 1765 2059 1818 pluvia
2075 1764 2119 1805 in
2131 1765 2296 1807 Psalmo
2310 1765 2337 1787 1⁰
2351 1780 2366 1807 .-

1343 1852 1362 1876 (1
1376 1837 1570 1879 Pluviam
1592 1836 1878 1879 voluntariam
1894 1836 2142 1889 segregabit
2158 1836 2266 1877 Deus
2280 1836 2366 1877 hee-

1338 1908 1505 1949 reditati
1528 1911 1628 1958 tuae,
1651 1921 1670 1946 i>
1694 1909 1771 1948 etc.
1789 1907 1840 1948 Et
1861 1920 1913 1948 ex
1932 1908 2012 1948 1100
2030 1908 2078 1947 fit
2099 1907 2230 1947 fames
2247 1910 2287 1947 et
2306 1907 2366 1948 in-

1337 1979 1526 2031 digentia
1559 1979 1697 2020 omnis
1726 1979 1840 2020 boni.
1872 1979 1945 2022 Job
1966 1980 1991 2002 ¹¹
2024 1991 2037 2020 ,·
2075 1994 2094 2017 (1
2112 1978 2366 2019 Attenuetur

1337 2051 1448 2091 same
1464 2050 1597 2092 robur
1613 2052 1720 2103 ejus,
1743 2053 1783 2091 et
1805 2050 1944 2092 inedia
1966 2050 2136 2092 invadat
2150 2052 2284 2090 costas
2311 2049 2362 2089 il-

1336 2122 1433 2162 lius.
1457 2136 1476 2159 ))
1502 2121 1552 2162 Et
1577 2123 1690 2172 nota,
1713 2122 1827 2174 quod
1852 2121 2004 2162 dicitur
2033 2121 2245 2161 subtracta
2275 2132 2365 2161 esse

1336 2191 1481 2244 pluvia
1509 2192 1632 2233 annis
1657 2193 1793 2233 tribus
1820 2195 1860 2232 et
1891 2192 2112 2233 mensibus
2136 2204 2233 2242 sex,
2265 2192 2365 2245 quia

1336 2263 1474 2304 tribus
1498 2264 1622 2304 annis
1661 2265 1702 2304 et
1736 2262 1936 2313 dimidio,
1976 2263 2134 2316 quibus
2161 2263 2365 2304 Dominus

1335 2334 1596 2387 praedicavit,
1618 2346 1704 2375 non
1723 2337 1973 2385 receperunt
1990 2334 2179 2387 pluviam
2216 2334 2364 2386 gratim

1336 2405 1609 2457 exigentibus
1625 2405 1803 2458 peccatis
1819 2404 1907 2445 suis
1924 2419 1932 2446 :
1951 2404 2146 2457 quamvis
2161 2404 2275 2445 enim
2297 2416 2365 2445 su-

1335 2487 1411 2528 per
1430 2487 1473 2516 se
1499 2474 1662 2517 veniret
1691 2475 1842 2524 imber,
1862 2474 1883 2515 J
1888 2474 2009 2516 udaea
2027 2477 2170 2515 tamen
2190 2487 2276 2516 non
2295 2487 2364 2516 re-

1335 2546 1442 2600 cepit
1457 2547 1485 2568 ¹²
1513 2560 1522 2587 ε
1552 2545 1721 2586 «Terra
1748 2557 1860 2599 saepe
1892 2546 2134 2587 venientem
2162 2559 2291 2599 super
2319 2559 2364 2587 se

1334 2617 1484 2658 bibens
1504 2617 1701 2668 imbrem,
1730 2619 1771 2657 et
1812 2617 2060 2668 germinans
2087 2618 2266 2658 herbam
2286 2630 2360 2672 op-

1334 2691 1562 2741 portunam
1573 2687 1655 2727 illis
1672 2699 1696 2727 a
1718 2687 1875 2740 quibus
1889 2687 2053 2739 colitur,
2076 2689 2223 2741 accipit
2241 2690 2364 2731 bene-

1334 2759 1559 2800 dictionem
1583 2770 1608 2798 a
1632 2757 1735 2808 Deo;
1758 2758 1973 2810 proferens
1991 2760 2134 2799 autem
2155 2760 2296 2812 spinas
2315 2773 2362 2800 ac

1334 2829 1526 2880 tribulos,
1538 2829 1718 2882 reproba
1727 2831 1802 2879 est,
1819 2831 1859 2869 et
1877 2829 2097 2870 maledicto
2108 2830 2318 2882 proxima,
2337 2845 2356 2867 »

1334 2905 1412 2943 etc.
1443 2901 1606 2942 Interea
1635 2903 1777 2941 autem
1796 2900 2001 2952 temporis
2027 2901 2209 2941 mittitur
2234 2913 2362 2943 verus

1334 2973 1445 3014 Elias
1465 2971 1713 3025 praedicator
1729 2971 1781 3011 ad
1796 2970 1970 3013 viduam
1986 2971 2031 3011 in
2051 2970 2226 3023 Sarepta
2245 2971 2362 3013 Sido-

1335 3044 1416 3095 nis,
1448 3055 1544 3096 quae
1569 3045 1681 3083 recte
1707 3042 1901 3094 designat
1928 3040 2222 3092 gentilitatem,
2253 3042 2363 3083 sicut

1333 3116 1514 3157 ostendit
1542 3115 1652 3156 Beda
1670 3115 1698 3137 ¹³
1718 3114 1762 3154 in
1791 3113 1946 3154 Glossa.
1972 3111 2141 3154 Salvata
2162 3113 2277 3153 enim
2301 3116 2363 3155 est

1335 3187 1563 3240 gentilitaS,
1595 3185 1751 3240 populo
1781 3184 2026 3226 Judaeorum
2050 3184 2261 3235 derelicto,
2293 3198 2357 3226 se-

1335 3258 1521 3299 cundum
1549 3257 1654 3298 illud
1668 3256 1723 3296 ¹⁶:
1749 3269 1769 3295 11
1796 3254 2004 3304 Quoniam
2034 3255 2233 3308 repellitis
2260 3269 2360 3298 ver-

1334 3330 1438 3371 bum
1461 3328 1548 3380 Dei,
1576 3329 1617 3369 et
1635 3326 1834 3378 indignos
1857 3336 1933 3367 vos
1959 3325 2156 3378 judicatis
2185 3328 2358 3369 aeternae

1334 3456 1384 3486 51.
1412 3470 1447 3475 —
1476 3454 1487 3470 ‘³
1506 3452 1617 3489 Deut„
1641 3458 1690 3490 x1,
1718 3451 1768 3490 16,
1794 3450 1843 3481 17.
1864 3466 1905 3472 —
1936 3450 1961 3472 ¹0
1991 3450 2081 3481 Psal.
2112 3459 2220 3492 vaii,
2252 3453 2301 3483 10.
2323 3469 2363 3475 —

1338 3502 1357 3520 ¹¹
1380 3499 1452 3539 J0b‚
1473 3506 1574 3539 xviii,
1592 3499 1644 3530 22.
1661 3515 1701 3521 —
1717 3496 1744 3516 ¹2
1762 3495 1875 3537 Helm,
1896 3504 1942 3537 vi,
1964 3498 1993 3529 7.
2008 3514 2046 3521 —
2063 3498 2085 3516 ¹³
2102 3498 2199 3539 Ded„
2221 3499 2255 3529 z'n
2272 3499 2361 3537 Luc„

1332 3548 1390 3580 lib.
1416 3547 1501 3579 11.—
1520 3546 1544 3569 ²⁴
1563 3544 1650 3585 Act„
1669 3550 1746 3584 xus,
1771 3544 1861 3576 46.-
1881 3544 1921 3585 (a)
1943 3544 2022 3579 Coee.
2043 3545 2124 3578 edit.
2140 3545 2320 3578 restitistis.

2416 923 2525 947 Sensus

2386 962 2524 997 spiritua.-

2385 1003 2432 1030 115.

2385 1421 2528 1448 clausura

2386 1462 2462 1489 coeli.

2416 2202 2524 2230 Pluviae

2392 2243 2517 2277 privatio

2385 2285 2466 2319 quid.
