2634 3853
981 153 1254 199 EXPOSITIO
1285 154 1338 196 IN
1366 153 1477 195 CAP.
1511 153 1598 195 XIl.

230 254 315 302 105,
335 252 377 292 01
395 248 675 304 profundum,
706 262 726 286 ))
755 249 832 289 010.
863 247 914 288 Ε1
935 246 1137 300 quoniam
1164 245 1256 286 haec

232 321 413 362 charitas
441 322 606 361 ostensa
639 319 716 360 fuit
751 319 796 359 in
826 318 1018 371 passione
1055 316 1254 369 perfecte,

231 392 324 432 ideo
347 391 473 431 dicit:
515 391 645 443 Usque
675 390 777 432 dum
801 389 1070 442 perficiatur,
1101 386 1257 426 scilicet

232 463 275 504 10
295 462 500 503 effusione
525 462 749 514 sanguinis
769 462 780 483 ²
812 473 822 500 :
863 475 882 498 (ι
911 459 1064 500 Dilexit
1087 470 1189 507 nos,
1219 458 1260 497 et

231 534 337 575 lavit
355 545 432 574 005
451 546 475 573 0
493 533 672 586 00000115
684 532 836 573 nostris
846 531 892 571 in
907 530 1114 582 sanguine
1128 540 1217 569 suo.
1234 542 1253 564 ))

234 604 284 645 Et
313 605 492 647 Joannes
514 605 528 626 ²
550 619 557 644 :
587 619 606 643 «
639 603 685 644 In
713 603 794 644 hoc
821 601 1099 654 cognovimus
1124 599 1259 640 chari-

233 677 363 716 tatem
393 675 485 726 Dei,
519 674 721 728 quoniam
747 673 817 714 ille
835 673 1021 714 animam
1044 684 1166 712 suam
1184 682 1261 723 pro

234 747 356 787 nobis
371 746 524 799 posuit.
548 760 567 783 ))
593 745 645 785 Et
667 745 747 785 1100
771 749 860 785 erat
879 743 990 796 quod
1010 742 1199 783 Christus
1218 741 1263 781 in

235 830 358 859 cruce
377 817 543 858 sitiebat
562 817 576 838 ³
603 831 611 857 :
650 831 669 855 α
694 816 836 857 Sciens
853 815 975 856 Jesus
1000 814 1100 867 quia
1119 812 1263 854 omnia

230 890 323 941 jam
351 890 645 929 consummata
664 890 785 937 sunt,
819 889 868 927 ut
893 886 1262 927 consummaretur

236 959 462 1012 scriptura,
499 959 605 1000 dixit
637 971 646 998 :
683 958 806 1008 Sitio,
839 971 858 994 ))
910 961 986 998 etc.
1029 955 1230 1008 Sequitur
1252 969 1261 995 ε

243 1046 262 1068 «
281 1029 386 1070 Cum
405 1041 510 1081 ergo
531 1029 757 1082 accepisset
776 1028 797 1069 J
801 1041 897 1069 esus
920 1031 1111 1077 acetum,
1134 1026 1260 1067 dixit:

237 1101 585 1142 Consummatum
614 1102 688 1140 est.
723 1099 774 1140 Et
803 1098 1000 1139 inclinato
1027 1097 1159 1150 capite
1178 1099 1265 1137 tra-

237 1172 340 1213 didit
363 1172 572 1225 spiritum.
595 1186 614 1210 ))

292 1243 451 1295 Tertio,
487 1245 695 1297 quantum
726 1243 779 1283 ad
814 1242 1168 1283 introductionem
1199 1240 1266 1280 di-

237 1315 363 1356 vortii
382 1316 557 1356 affectus
586 1311 787 1365 carnalis,
812 1313 1033 1365 subiungit
1056 1315 1123 1363 (v.
1156 1315 1199 1352 51
1220 1312 1229 1364 )
1255 1326 1264 1351 ε

239 1387 411 1429 Putatis
429 1388 532 1439 quia
553 1397 694 1439 pacem
712 1387 810 1428 veni
832 1387 990 1427 mittere
1017 1386 1064 1426 in
1083 1388 1266 1434 terram,

239 1470 385 1511 pacem
401 1458 555 1498 scilicet
574 1457 816 1498 terrenam?
837 1455 945 1496 Nam
964 1456 1075 1495 hanc
1096 1468 1181 1496 non
1201 1468 1271 1495 ve-

239 1531 303 1569 nit
321 1529 420 1570 dare
434 1561 444 1579 ,
465 1529 535 1569 sed
550 1529 695 1570 tollere
707 1561 717 1579 ,
739 1528 838 1580 quia
855 1528 948 1568 haec
967 1530 1028 1568 est
1043 1539 1125 1580 pax
1143 1526 1267 1576 01010,

241 1599 292 1639 (10
311 1611 394 1652 qua
413 1600 554 1641 Isaias
572 1599 585 1620 *
610 1613 618 1640 :
657 1614 676 1636 α
697 1598 986 1638 Percussimus
1013 1598 1148 1638 foedus
1172 1610 1270 1638 0001

241 1674 400 1722 morte,
435 1674 476 1711 et
503 1683 600 1712 cum
631 1671 794 1712 inferno
822 1670 1000 1711 fecimus
1030 1673 1213 1722 pactum.
1246 1684 1265 1706 ))

241 1741 360 1782 Hanc
378 1754 524 1795 pacem
544 1742 610 1783 vir
630 1744 773 1795 ι105105
803 1742 999 1794 reprobat
1017 1741 1030 1762 ⁵
1059 1753 1067 1780 :
1095 1757 1114 1780 ((
1133 1741 1272 1781 Zelavi

243 1825 371 1865 super
392 1813 587 1866 iniquos,
609 1825 754 1866 pacem
774 1816 1043 1866 peccatorum
1066 1812 1224 1853 videns.
1247 1826 1266 1849 ))

240 1884 350 1934 Quia
367 1884 462 1925 talis
481 1897 586 1937 pax,
620 1888 681 1926 est
700 1898 785 1938 pax
810 1897 942 1938 prava
961 1889 974 1910 ⁶
1000 1898 1007 1923 :
1041 1899 1060 1922 α
1086 1883 1174 1924 Pax
1194 1883 1273 1924 erit

242 1953 368 2003 mihi,
389 1955 430 1994 et
447 1953 674 1994 ambulabo
696 1954 740 1993 in
759 1953 966 2006 pravitate
985 1953 1119 1993 cordis
1138 1952 1266 1993 mei.»

242 2025 314 2065 Est
340 2038 426 2078 pax
454 2025 558 2065 falsa
587 2025 600 2046 ⁷
633 2039 641 2066 :
680 2041 698 2062 «
738 2025 947 2067 Curabant
979 2024 1273 2066 contritionem

242 2097 341 2137 filiae
359 2096 504 2150 populi
525 2097 608 2137 mei
638 2109 736 2137 cum
764 2097 1024 2148 ignominia,
1058 2097 1241 2137 dicentes
1262 2110 1270 2136 :

244 2167 354 2218 Pax,
376 2178 460 2220 pax
469 2181 479 2217 ;
500 2170 550 2215 et
576 2179 664 2208 non
683 2170 773 2207 erat
793 2179 890 2220 pax.
912 2181 930 2204 ))
967 2167 1039 2208 Est
1070 2179 1152 2220 pax
1182 2179 1272 2207 010-

243 2240 469 2279 mentanea
487 2241 501 2263 ⁸
525 2253 534 2279 :
561 2254 581 2276 «
602 2238 707 2279 Cum
728 2239 843 2279 enim
874 2239 1058 2279 dixerint
1086 2253 1094 2278 ε
1127 2237 1215 2278 Pax
1234 2240 1275 2278 et

244 2310 445 2350 securitas
473 2324 481 2348 :
515 2312 617 2350 tunc
644 2309 890 2361 repentinus
919 2309 978 2348 eis
1006 2309 1275 2361 superveniet

243 2379 452 2421 interitus.
476 2395 495 2417 ))
521 2379 593 2420 Est
621 2392 704 2432 pax
735 2379 971 2432 deceptoria
991 2382 1004 2404 ⁹
1036 2393 1045 2420 ε
1081 2394 1100 2417 <‹
1127 2379 1174 2419 10
1203 2391 1275 2419 ore

245 2463 322 2493 suo
353 2463 501 2503 pacem
533 2463 630 2491 cum
657 2451 793 2491 amico
824 2451 877 2504 (a)
909 2463 985 2492 suo
1010 2451 1212 2503 loquitur,
1235 2452 1274 2490 et

245 2521 405 2564 occulte
435 2522 554 2575 ponit
585 2522 624 2562 ei
645 2522 829 2562 insidias.
865 2537 884 2559 ))
921 2521 993 2562 Est
1021 2534 1105 2574 pax
1135 2521 1275 2561 turba-

245 2594 332 2634 tiva
351 2594 380 2619 ¹⁰
400 2608 409 2633 :
427 2608 446 2631 α
456 2593 560 2634 Εο00
573 2593 618 2634 10
627 2605 726 2646 0000
737 2593 974 2634 amaritudo
989 2605 1083 2634 mea
1098 2594 1277 2634 amaris-

247 2667 400 2707 sima.»
421 2666 450 2689 ¹¹
470 2665 530 2707 «O
545 2678 675 2716 mors,
694 2679 823 2719 quam
836 2678 980 2707 amara
993 2668 1055 2706 est
1072 2666 1275 2706 memoria

247 2739 320 2777 tua
342 2736 531 2787 11001101,
553 2736 746 2778 videlicet
771 2736 909 2788 diviti,
933 2749 1079 2790 pacem
1104 2737 1277 2777 habenti

246 2808 290 2849 in
317 2796 561 2848 substantiis
591 2807 702 2848 suis!
724 2823 744 2845 ))
779 2807 879 2849 Haec
906 2821 990 2861 pax
1018 2810 1081 2848 est
1106 2807 1278 2848 inimica

250 2890 361 2919 verae
373 2878 464 2932 paci
481 2893 490 2918 ε
512 2890 611 2919 0001
625 2877 777 2919 Christi
793 2890 891 2931 pax,
908 2883 971 2918 est
991 2890 1075 2931 pax
1094 2878 1205 2918 bona
1219 2879 1247 2906 ¹2
1265 2893 1273 2918 ε

234 2981 237 2983 .
255 2964 274 2988 <‹
290 2949 339 2990 In
355 2952 469 2990 terra
487 2962 570 3002 pax
592 2949 836 2990 hominibus
855 2949 978 2990 1101100
996 2949 1271 2991 voluntatis.»

250 3019 346 3060 Ideo
363 3020 589 3073 Apostolus
607 3021 635 3042 ¹³
663 3035 672 3061 ε
702 3036 720 3059 «
742 3020 884 3061 Gratia
909 3020 1029 3061 vobis
1060 3022 1101 3061 et
1127 3032 1226 3072 pax.
1253 3034 1271 3057 »

249 3090 324 3132 Est
341 3104 425 3144 pax
447 3105 551 3134 vera
571 3093 598 3115 ¹⁸
621 3108 630 3134 :
656 3108 675 3132 α
697 3092 789 3134 Νο0
808 3095 869 3133 051
886 3103 1072 3144 regnum
1091 3091 1164 3131 Dei
1184 3103 1276 3131 esca

251 3165 292 3204 et
316 3165 464 3216 potus,
491 3165 563 3206 sed
589 3165 774 3218 Justitia,
804 3167 844 3205 et
872 3176 975 3217 pax,
1009 3166 1050 3204 et
1071 3163 1277 3215 gaudium

293 3269 305 3290 ¹
327 3269 441 3310 Apoc,
463 3277 491 3309 1,
516 3273 548 3302 5.
567 3289 607 3294 —
626 3272 639 3292 2
664 3272 801 3308 1J0c1n.¹
823 3278 882 3311 111,
906 3272 953 3302 16.
975 3287 1014 3293 -
1064 3270 1175 3306 Joa72.‚
1203 3277 1277 3309 mx,

252 3317 361 3347 28-30.
382 3334 422 3338 —
443 3316 455 3334 ⁴
478 3317 555 3358 Isa„
582 3326 712 3359 xxvni,
742 3321 791 3350 15.
811 3336 852 3342 —
877 3318 889 3339 5
918 3317 1009 3348 Psal.
1036 3325 1152 3357 Lxxu,
1180 3319 1210 3347 3.
1239 3332 1280 3339 —-

253 3362 266 3383 ⁶
281 3363 392 3404 Dent„
412 3372 509 3404 xxix,
530 3367 576 3396 19.
596 3383 637 3388 —
656 3367 665 3385 ⁷
685 3367 819 3407 Jerem.2
843 3374 886 3406 Vl,
912 3368 960 3397 14.
983 3382 1018 3386 —
1039 3366 1050 3382 ⁵
1076 3365 1083 3394 Ι
1108 3364 1229 3404 Thess„
1245 3371 1278 3404 v,

253 3411 283 3442 3.
309 3427 349 3433 —
375 3411 386 3429 ⁹
414 3411 550 3452 Jerem„
588 3420 642 3452 ix,
673 3414 703 3445 8.
738 3433 778 3439 —
815 3414 840 3435 ¹0
869 3414 945 3453 isa„
980 3419 1133 3452 xxxvffl,
1166 3412 1215 3442 17.
1239 3428 1280 3434 —

255 3457 278 3477 ¹¹
302 3457 423 3497 Eccli„
445 3467 519 3499 XLI,
542 3462 570 3491 1.
592 3477 627 3482 —
657 3460 679 3478 ¹²
702 3461 798 3501 Sup.,
817 3468 856 3501 11,
879 3461 928 3491 14.
948 3476 988 3482 —
1014 3458 1041 3480 ¹³
1067 3459 1170 3497 Rom.,
1199 3465 1224 3498 1,
1248 3459 1278 3488 7.

2284 165 2359 203 573

1332 244 1377 284 in
1397 242 1556 296 Splritu
1577 245 1735 285 sancto.
1759 256 1779 281 n
1805 243 1878 283 Est
1897 255 1982 295 pax
2008 249 2275 297 permansiva
2294 251 2323 276 ¹⁵
2351 266 2361 292 :

1338 314 1529 355 «Pacem
1562 314 1755 367 relinquo
1786 313 1926 365 vobiS,
1956 326 2102 366 pacem
2137 330 2275 359 meam
2311 320 2364 361 do

1330 384 1470 434 vobis3
1493 397 1579 425 non
1611 398 1696 438 quo
1722 385 1846 426 modo
1876 384 2062 425 mundus
2089 386 2179 438 dat,
2210 401 2292 440 ego
2312 390 2365 430 do

1331 455 1466 495 vobis.
1488 470 1506 493 »
1545 455 1616 496 Est
1642 469 1726 509 pax
1758 456 1980 506 directiva,
2002 468 2129 509 supra
2152 458 2179 480 ¹⁶
2204 473 2213 499 :
2243 475 2261 497 α
2288 459 2368 500 Per

1331 526 1492 566 viscera
1522 526 1817 567 misericordiae
1844 527 1917 567 Dei
1947 527 2108 579 nostri,
2130 528 2178 568 in
2212 530 2368 582 quibus

1333 596 1522 637 visitavit
1541 609 1694 647 nos...;
1718 612 1736 635 n
1764 598 1982 650 sequitur:
2009 598 2108 639 «Ad
2124 599 2366 653 dirigendos

1333 673 1458 725 pedes
1475 676 1638 713 nostros
1658 674 1703 713 in
1723 674 1837 715 viam
1858 674 1987 727 00015.
2011 689 2030 712 ι)
2055 675 2129 716 Ε51
2159 688 2243 729 pax
2269 689 2371 718 000-

1334 744 1530 784 solatoria
1550 745 1577 770 ¹⁷
1603 759 1611 785 :
1641 744 1731 786 «Ut
1750 745 1794 785 in
1826 757 1894 785 me
1921 758 2067 798 pacem
2092 747 2293 789 habeatis.
2318 748 2365 789 ln

1334 815 1495 856 mundo
1523 825 1767 868 pressuram
1793 815 2029 868 habebitis,
2048 832 2067 855 ))
2095 821 2171 859 etc.
2192 819 2220 844 1⁸
2246 819 2371 860 «Pax

1336 887 1405 927 Dei
1427 899 1525 940 quae
1545 891 1751 940 exuperat
1772 899 1942 929 omnem
1966 901 2154 941 sensum,
2169 891 2372 932 custodiat

1336 958 1462 998 corda
1500 961 1637 999 vestra
1657 990 1669 1008 ,
1716 961 1756 999 et
1798 959 2098 1011 intelligentias
2135 964 2309 1002 vestras.
2348 976 2367 999 ))

1338 1028 1544 1077 Quoniam
1573 1041 1679 1081 ergo
1710 1029 1802 1070 haec
1823 1042 1905 1082 pax
1938 1043 2014 1083 per
2043 1032 2187 1072 omnia
2213 1036 2375 1074 contra-

1338 1099 1474 1139 riatur
1511 1099 1604 1151 paci
1642 1100 1892 1148 mundanae‚
1927 1103 1967 1141 et
2003 1102 2214 1143 contraria
2248 1103 2375 1144 simul

1340 1182 1428 1210 esse
1452 1182 1537 1210 non
1557 1174 1733 1223 possunt
1747 1186 1757 1221 ;
1781 1171 1873 1212 ideo
1902 1185 1990 1213 non
2014 1176 2149 1226 potest
2167 1174 2375 1215 introduci

1340 1241 1392 1280 ab
1413 1243 1582 1282 auctore
1602 1242 1735 1294 pacis,
1756 1242 1837 1281 nisi
1854 1254 1929 1294 per
1949 1243 2277 1285 dissolutionem
2291 1245 2373 1286 110-

1337 1313 1408 1364 jus
1427 1312 1536 1352 fictae
1558 1313 1693 1364 pacis;
1715 1313 1807 1354 ideo
1822 1313 1987 1355 subdit:
2008 1315 2118 1366 Non,
2133 1315 2228 1358 dico
2243 1317 2374 1368 vobi&

1342 1382 1384 1423 id
1423 1385 1512 1431 est,
1564 1395 1704 1424 assero
1742 1385 1862 1425 vobis
1909 1386 2020 1438 quod
2058 1399 2145 1427 non
2178 1388 2278 1429 veni
2308 1400 2379 1441 pa-

1342 1464 1433 1493 cem
1454 1453 1572 1504 dare,
1603 1455 1674 1494 sed
1704 1456 2033 1508 separationem,
2070 1459 2303 1500 secundum
2322 1460 2378 1500 11-

1342 1523 1414 1564 lud
1429 1524 1480 1564 ¹⁹:
1507 1540 1526 1563 «
1546 1524 1752 1577 Recedite,
1767 1528 1961 1578 recedite,
1982 1529 2093 1569 exite
2107 1529 2217 1581 inde,
2239 1531 2377 1583 00110-

1343 1598 1434 1635 tum
1449 1595 1577 1639 nolite
1596 1600 1789 1648 tangere.
1807 1612 1826 1635 ))
1846 1597 1895 1638 Et
1912 1598 2139 1651 Apostolus
2158 1600 2186 1625 ²⁰
2209 1616 2247 1642 :<‹
2257 1601 2378 1643 Exite

1344 1665 1394 1706 de
1414 1666 1552 1706 medio
1575 1679 1741 1719 eorum,
1763 1671 1802 1708 et
1820 1670 2098 1721 separamini,
2122 1672 2221 1712 dicit
2240 1672 2379 1713 Domi-

1344 1748 1474 1776 nus.»
1497 1736 1547 1777 Ε1
1564 1737 1610 1777 10
1627 1738 1826 1780 Malchoeo
1841 1740 1888 1791 (b)
1905 1740 1932 1764 ‘²¹
1955 1755 1995 1781 t«
2008 1739 2112 1782 Veni
2132 1742 2246 1782 enim
2266 1755 2379 1796 sepa-

1345 1819 1440 1847 rare
1457 1807 1676 1848 hominem
1694 1809 1897 1850 adversus
1911 1814 2074 1863 patrem
2089 1824 2214 1853 suum
2227 1845 2237 1864 ,
2258 1827 2277 1851 ))
2297 1817 2376 1855 010.

1345 1878 1396 1918 Ε1
1433 1878 1540 1919 ratio
1575 1879 1706 1932 hujus
1743 1884 1826 1931 est,
1850 1882 1952 1934 quia
1983 1883 2137 1924 dicitur
2172 1884 2328 1926 ibidem
2366 1900 2375 1927 :

1353 1963 1371 1986 <1
1390 1948 1471 1997 Qui
1500 1952 1613 1990 amat
1644 1954 1808 2003 patrem
1836 1952 2060 2006 plusquam
2091 1967 2181 2006 me,
2211 1968 2298 1997 000
2318 1959 2381 1998 051

1347 2032 1415 2061 100
1429 2020 1600 2072 dignus.
1617 2022 1716 2063 »¹Et
1731 2023 1824 2064 ideo
1841 2024 1950 2065 infra
1967 2026 1994 2047 ‘²²
2017 2038 2026 2066 :
2044 2041 2063 2064 α
2082 2026 2125 2067 Si
2146 2027 2242 2080 quis
2261 2028 2381 2069 venit

1348 2092 1401 2132 ad
1422 2105 1490 2133 010
1506 2124 1515 2141 ,
1541 2096 1582 2133 01
1609 2105 1695 2133 000
1723 2094 1808 2135 odit
1828 2099 1990 2148 patrem
2016 2110 2163 2149 suum,
2189 2101 2264 2139 aut
2287 2111 2378 2140 ma-

1348 2165 1455 2202 trem
1468 2195 1478 2214 ,
1499 2166 1540 2204 01
1559 2176 1737 2205 uxorem
1751 2197 1762 2216 ,
1795 2169 1835 2206 et
1853 2167 1985 2219 filios,
2010 2171 2051 2209 et
2068 2169 2236 2220 fratres,
2259 2173 2299 2211 01
2318 2183 2380 2212 50-

1348 2247 1489 2286 rores,
1513 2237 1650 2278 adhuc
1671 2240 1815 2279 autem
1843 2243 1884 2280 et
1912 2241 2099 2283 animam
2119 2256 2263 2294 50001,
2290 2257 2375 2286 000

1348 2309 1483 2358 potest
1511 2320 1631 2348 01005
1663 2321 1752 2350 0550
1785 2310 2068 2363 discipulus.»
2108 2314 2159 2354 Ε1
2184 2318 2382 2368 proptera

1349 2378 1489 2418 subdit
1509 2381 1577 2429 (v.
1604 2380 1677 2431 52)
1704 2391 1713 2419 ε
1735 2380 1875 2423 Erunt
1897 2383 2011 2424 enim
2031 2394 2084 2425 ex
2097 2384 2172 2427 hoc
2195 2387 2381 2439 quinque

1350 2446 1398 2486 in
1413 2445 1533 2488 domo
1553 2458 1641 2488 una
1662 2447 1818 2499 dirisi,
1836 2449 1968 2501 idest,
1981 2451 2034 2491 ab
2052 2453 2204 2494 affectu
2218 2455 2376 2495 carnali

1350 2519 1543 2570 separati.
1558 2519 1609 2560 Et
1623 2521 1856 2562 secundum
1870 2522 1975 2563 illud
1995 2524 2313 2569 Deuteronomiz·
2325 2528 2354 2550 ²³
2369 2541 2379 2569 z

1355 2606 1374 2628 (ι
1398 2589 1476 2639 Qui
1491 2591 1644 2632 dixerit
1656 2592 1763 2644 patri
1778 2596 1818 2633 et
1837 2594 1963 2634 matri
1982 2607 2070 2636 suae
2092 2610 2100 2636 :
2123 2595 2270 2639 Nescio
2289 2610 2380 2648 VOS,

1350 2663 1391 2701 et
1402 2661 1602 2703 fratribus
1619 2663 1706 2703 suis
1721 2675 1730 2703 :
1744 2663 1898 2715 ignoro
1915 2677 1992 2706 vos
2008 2667 2072 2719 (c),
2086 2670 2127 2708 et
2141 2669 2384 2710 nescierunt

1350 2732 1458 2772 filios
1478 2744 1590 2783 suos,
1621 2734 1667 2774 111
1687 2735 1977 2777 custodierunt
1993 2737 2214 2791 eloquium
2234 2743 2379 2792 tuum,

1351 2805 1392 2843 et
1425 2806 1597 2855 pactum
1627 2806 1753 2846 tuum
1785 2812 2078 2850 servaverunt.
2112 2824 2132 2848 ›>
2163 2810 2215 2851 Et
2245 2812 2385 2853 subdit

1352 2874 1527 2914 modum
1547 2875 1765 2917 divisionis
1787 2891 1795 2917 :
1827 2879 1926 2920 Tres
1947 2880 1994 2920 in
2014 2879 2133 2933 duos,
2158 2886 2198 2925 et
2214 2881 2320 2925 duos
2336 2884 2385 2925 in

1352 2948 1432 2987 tres
1461 2945 1729 2998 dividentur,
1760 2951 1856 3000 etc„
1887 2950 1928 2990 id
1956 2954 2040 3002 est,
2069 2965 2262 3006 personae
2287 2966 2384 3007 quae

1352 3016 1539 3058 maxime
1575 3018 1769 3059 videntur
1805 3032 1881 3072 per
1911 3033 2082 3064 carnem
2119 3026 2209 3077 conj
2218 3028 2381 3076 unctae,

1352 3100 1426 3140 per
1442 3088 1638 3141 spiritum
1653 3090 1869 3132 charitatis
1887 3097 2012 3135 erunt
2025 3107 2049 3135 a
2066 3096 2223 3136 carnali
2239 3108 2384 3137 amore

1353 3159 1569 3210 sejunctae.
1598 3159 1681 3201 Nec
1709 3162 1890 3215 mirum,
1926 3164 1962 3204 si
1995 3165 2076 3206 hoc
2101 3166 2174 3206 fiat
2193 3178 2268 3219 per
2287 3179 2383 3208 ver-

1353 3271 1392 3277 —
1415 3255 1436 3275 ¹³
1460 3255 1560 3294 Rom„
1587 3264 1656 3296 XIV,
1679 3258 1734 3288 17.
1754 3276 1796 3281 —-
1825 3261 1853 3282 ¹⁵
1875 3261 1983 3299 Jocm„
2004 3269 2075 3301 xiv,
2100 3263 2150 3293 27.
2178 3280 2212 3284 —
2243 3263 2266 3281 ¹⁶
2287 3264 2383 3305 Sup.,

1354 3309 1386 3341 Ι,
1407 3302 1465 3341 78,
1487 3303 1537 3334 79.
1558 3320 1599 3326 -—
1618 3303 1646 3325 1⁷
1667 3305 1775 3344 Joan„
1794 3314 1872 3347 XVI,
1894 3310 1944 3339 33.
1968 3326 2004 3330 -
2029 3308 2051 3329 ¹⁸
2070 3308 2208 3349 Philip„
2233 3317 2278 3349 lv,
2300 3312 2329 3343 7.
2345 3328 2385 3334 —··

1356 3350 1379 3367 ¹³³
1399 3350 1478 3390 lsa„
1499 3358 1567 3391 Lis,
1599 3354 1645 3383 11.
1668 3369 1708 3375 —
1727 3352 1752 3371 ²⁰
1771 3354 1798 3384 11
1820 3355 1913 3394 Con,
1931 3363 1984 3395 11,
2007 3357 2058 3387 17.
2077 3374 2118 3379 -
2138 3357 2163 3378 21
2186 3357 2324 3398 Mania„
2350 3367 2384 3398 x,

1355 3398 1406 3434 35,
1427 3398 1479 3428 37.
1500 3415 1539 3420 -
1560 3398 1584 3416 ²2
1605 3398 1701 3440 1010,
1719 3408 1791 3441 xm,
1812 3404 1863 3434 26.
1881 3420 1922 3425 —
1940 3403 1965 3424 ²3
1984 3402 2096 3444 Dent„
2117 3412 2222 3444 XXXV,
2243 3406 2272 3437 9.

1397 3456 1440 3497 (a)
1459 3456 1540 3489 Coet.
1559 3457 1638 3490 edit.
1659 3458 1786 3492 animo.
1802 3477 1842 3483 —
1861 3460 1908 3502 (ὁ)
1932 3462 2121 3498 Matthaeus.
2141 3480 2180 3487 -
2200 3463 2240 3505 (c)
2258 3463 2345 3497 11105.
