2587 3845
2225 242 2270 273 IX

147 320 348 363 Orationis
372 317 630 371 expositione
656 318 743 357 tam
768 316 966 369 frequens
995 325 1081 355 non
1107 314 1183 354 fuit
1213 312 1508 354 Bonaventura
1546 312 1595 355 in
1622 313 1808 356 citandis
1836 314 2055 368 Sallustii,
2091 316 2266 370 Senecce,

144 397 256 439 Juliz'
280 396 473 445 GoesariS,
495 397 532 437 et
566 394 743 437 Catonis
776 392 914 442 libris,
935 394 984 432 ut
1013 391 1169 432 horum
1192 402 1244 431 ne
1270 389 1453 432 verbum
1483 388 1653 442 quidem
1679 389 1838 440 fecerit,
1858 390 2051 443 solosque
2081 393 2270 434 cltaverit

145 472 465 525 Hieronymum,
487 470 793 522 Augustinum,
816 480 953 510 unum
971 478 1145 510 versum
1166 478 1219 507 ex
1239 465 1424 515 Horatio,
1444 465 1685 517 frequenter
1702 468 1845 507 autem
1866 466 2022 509 divinae
2041 467 2270 521 Scripturae

144 550 299 589 textus.

198 625 329 666 Porro
353 636 452 665 cum
481 635 666 676 praesens
687 622 946 676 Opusculum
967 619 1113 661 eodem
1139 620 1359 660 Schemate
1390 619 1603 671 digestum
1631 621 2015 674 concinnatumque
2046 623 2268 674 habeatur,

143 714 191 742 ac
210 702 323 742 aliud
344 701 592 754 inscriptum
611 700 796 742 Parvum
813 698 990 749 Bonum,
1014 698 1101 739 sive
1121 698 1321 750 Reqimen
1343 696 1633 747 Conscientiae,
1652 698 1765 750 quod
1780 702 1817 740 et
1831 699 1945 741 Fons
1970 700 2072 741 Vitce
2092 699 2268 749 dieitur,

143 779 501 833 quemadmodum
532 790 670 818 unum
698 779 792 830 post
819 777 999 817 alterum
1030 774 1256 815 exhibetur
1274 773 1319 813 in
1340 773 1521 814 editione
1549 773 1782 814 Coloniensi
1809 787 1878 814 an.
1903 777 2021 825 1486,
2043 778 2115 815 aut
2146 774 2271 815 ambo

143 858 312 908 propter
330 856 590 907 incomptum
610 857 648 896 et
664 855 909 896 inornatum
923 850 1098 894 dicendi
1118 861 1249 903 qenus
1263 850 1315 890 ad
1334 850 1596 902 supposititia
1615 852 1712 890 sunt
1732 850 1980 902 ableganda,
1999 853 2073 891 aut
2086 854 2269 904 utraque

142 931 251 972 inter
279 934 391 972 certa
422 931 464 972 S.
499 930 810 971 Bonaventurae
842 929 994 982 scripta
1027 930 1126 969 sunt
1157 926 1514 968 connumeranda.
1547 925 1734 967 Profecto
1764 926 1871 966 nihil
1901 925 2270 968 Bonaventuriano

143 1007 250 1061 stylo
269 1007 471 1048 dissimile
490 1007 817 1060 deprehenditur
835 1006 879 1046 in
899 1006 978 1046 hac
998 1004 1208 1058 praedictae
1226 1002 1508 1055 Expositionis
1527 1002 1713 1043 clausula
1734 1004 1744 1025 ¹
1766 1017 1774 1043 :
1804 1018 1823 1041 a
1846 1002 1959 1043 Scire
1980 1005 2122 1044 autem
2145 1003 2268 1044 debe-

142 1097 252 1136 mus,
275 1085 384 1138 apud
403 1084 602 1125 Hebraeos
619 1084 662 1124 in
684 1085 769 1124 fine
788 1083 995 1124 librorum
1015 1094 1152 1123 unum
1173 1093 1195 1121 e
1216 1081 1352 1120 tribus
1372 1079 1506 1120 solere
1527 1080 1731 1128 subnecti,
1753 1082 1800 1120 ut
1819 1081 1892 1120 aut
1912 1081 2049 1121 Amen
2069 1079 2269 1128 scribant,

143 1164 216 1202 aut
238 1161 343 1211 Sela,
365 1164 439 1202 aut
459 1161 597 1203 Salem
615 1162 683 1212 (a),
706 1175 724 1199 n
751 1163 826 1201 etc.
849 1159 992 1212 Neque
1012 1160 1062 1200 ad
1084 1160 1233 1209 Amen,
1260 1158 1367 1206 Sela,
1392 1157 1537 1199 Selom
1560 1156 1612 1208 (ai
1627 1156 1743 1209 apud
1761 1156 1970 1207 Hebroeos,
1988 1155 2176 1196 Editores
2195 1167 2270 1196 no-

144 1239 305 1279 vissimi
324 1250 471 1279 rursus
490 1240 710 1290 reponant,
733 1239 1076 1280 Bonaventuram
1094 1247 1242 1278 vocum
1262 1235 1554 1276 hebraicarum
1571 1245 1622 1275 ne
1646 1234 1773 1276 levem
1790 1234 1959 1286 quidem
1973 1234 2175 1286 peritiam
2196 1232 2272 1275 ha-

144 1314 305 1365 buisse‚·
324 1326 424 1354 nam
444 1316 555 1354 certo
577 1315 736 1353 constat
755 1312 1099 1353 Bonaventuram
1117 1313 1159 1352 id
1179 1312 1231 1352 ab
1257 1311 1515 1362 Hieronymo
1534 1312 1547 1332 ²
1576 1310 1781 1351 didicisse.
1805 1310 1952 1351 Merito
1973 1310 2108 1362 igitur
2128 1309 2271 1362 Expo-

142 1391 237 1431 sitio
266 1390 511 1442 hujusmodi
544 1388 773 1442 Seraphico
805 1392 950 1430 nostro
982 1388 1148 1429 Doctori
1180 1387 1431 1428 adscribitur
1462 1386 1620 1426 nedum
1651 1399 1675 1426 a
1709 1386 1959 1436 Trithemio,
1989 1385 2061 1425 sed
2088 1386 2215 1425 etiam
2247 1397 2272 1425 a

140 1468 360 1510 Francisco
393 1469 610 1518 Samsone,
634 1468 823 1509 Mariano
855 1465 1111 1515 Florentino,
1135 1463 1347 1504 Ludovico
1379 1462 1579 1513 Pruteno,
1608 1462 1868 1503 Bernardino
1900 1462 1949 1503 de
1980 1461 2135 1512 Bustis,
2158 1462 2271 1503 Ano-

141 1557 270 1598 nymo
303 1545 559 1595 Pistoriensi,
582 1557 630 1585 ac
659 1545 840 1586 Jeremia
872 1542 1047 1592 Buchio,
1071 1543 1290 1592 exstatque
1317 1551 1414 1580 cum
1441 1539 1533 1579 aliis
1553 1540 1744 1592 ejusdem
1778 1538 1920 1580 Sancti
1946 1538 2167 1591 Opusculis
2188 1539 2268 1579 im-

140 1633 283 1673 pressa
299 1634 369 1662 an.
393 1624 511 1671 1484,
538 1624 657 1673 1486,
685 1624 788 1662 1489
805 1623 845 1662 et
865 1632 968 1673 seq.,
991 1620 1039 1659 ut
1057 1617 1163 1658 nihil
1192 1617 1328 1657 dicam
1357 1616 1408 1657 de
1427 1615 1608 1657 editione
1627 1617 1733 1657 facta
1754 1617 1843 1657 sine
1863 1629 1990 1667 anno,
2016 1616 2108 1658 loco
2133 1620 2173 1658 et
2194 1628 2271 1657 no-

140 1698 254 1738 mine
274 1699 547 1752 typographi.

193 1774 398 1817 Caeterum
413 1778 588 1830 praefata
612 1777 832 1818 Editorum
847 1788 1024 1817 censura
1040 1774 1266 1827 nequidem
1282 1773 1409 1814 officit
1421 1775 1460 1814 E
1462 1772 1704 1826 oepositz'om’
1717 1772 1765 1813 in
1780 1771 2058 1823 Evanqelz‘um
2072 1771 2112 1812 S.
2129 1772 2266 1822 Lucre,

138 1852 276 1905 primo
295 1853 396 1906 quia
420 1856 563 1895 noster
583 1853 895 1902 Bonaventura,
927 1864 1070 1893 coaevo
1096 1854 1198 1892 teste
1229 1850 1486 1898 Salimbeno‚
1512 1851 1610 1889 ante
1632 1847 1789 1888 Urbani
1811 1847 1863 1888 lV
1883 1850 2087 1900 tempora,
2115 1859 2268 1899 nempe

139 1939 207 1968 an.
227 1931 331 1969 1248
351 1929 466 1970 illam
481 1931 632 1982 edidit;
655 1930 839 1971 secundo
858 1930 958 1982 quia
970 1929 1225 1970 Ptolomaeus
1246 1926 1444 1967 Lucensis
1463 1938 1550 1965 non
1567 1925 1663 1966 dicit
1676 1937 1729 1968 ex
1747 1925 1912 1965 duobus
1931 1925 2012 1964 illis
2030 1924 2270 1976 Evangeliis

140 2015 274 2044 unum
300 2004 427 2046 fuisse
456 2006 558 2047 illud
585 2006 626 2047 S.
651 2006 775 2047 Lucae
808 2020 817 2047 ε
849 2007 957 2047 inter
977 2006 1108 2047 editos
1137 2007 1279 2045 autem
1307 2002 1393 2044 divi
1419 2004 1727 2042 Bonaventurae
1755 2000 2086 2042 Commentarios
2108 2000 2266 2040 deside-

138 2084 289 2122 rantur
308 2081 597 2135 Expositiones
615 2083 659 2123 in
678 2083 899 2135 integrum
919 2082 1203 2133 Evangelium
1227 2079 1427 2128 Matthaei,
1448 2083 1488 2119 et
1505 2078 1549 2117 in
1563 2077 1846 2129 Evangelium
1865 2076 2008 2117 Marci.
2027 2076 2147 2117 Addo
2166 2088 2271 2129 prae-

135 2158 233 2198 faitae
253 2158 534 2211 Expositionis
553 2159 596 2200 in
617 2159 898 2212 Evangelium
919 2159 963 2200 S.
983 2159 1108 2199 Lucae
1130 2160 1345 2198 auctorem
1366 2156 1643 2208 frequentem,
1667 2155 1753 2194 imo
1770 2154 2161 2206 frequentissimum
2180 2165 2270 2194 esse

140 2233 507 2277 Bonaventuriano
535 2249 654 2278 more
674 2237 718 2277 in
747 2237 922 2277 citandis
943 2237 1100 2278 divinae
1127 2235 1356 2287 Scripturas
1382 2233 1582 2282 textibus,
1606 2245 1653 2273 ac
1676 2232 1893 2273 uberrima
1913 2231 2220 2284 deprompsisse
2247 2242 2269 2270 e

142 2323 252 2362 penu
290 2312 526 2363 Ambrosii,
567 2312 842 2366 Hieronymi,
880 2312 1135 2365 Augustini,
1166 2310 1448 2363 Chrysostomi
1465 2342 1475 2360 ,
1516 2309 1734 2360 Gregorii,
1775 2306 1920 2357 Bedae,
1952 2306 2176 2356 Bernardi,
2216 2318 2268 2346 ex

139 2384 298 2438 Glossa,
320 2389 415 2437 etc.;
434 2387 640 2439 allegasse
668 2401 838 2442 quoque
866 2388 1184 2429 translationem
1212 2386 1488 2438 Septuaginta
1509 2385 1792 2437 Interpretum
1814 2387 1843 2435 ³,
1870 2384 2130 2437 Dionysium,
2152 2382 2270 2424 ι1050-

140 2461 291 2513 phum,
328 2462 589 2515 Cassianum,
630 2464 856 2505 Historiam
898 2464 1168 2517 tripartitam,
1209 2463 1431 2512 Isidorum,
1471 2462 1790 2512 Damascenum,
1826 2460 2062 2510 Rabanum,
2096 2459 2267 2500 Petrum

143 2536 476 2591 Ravennensem,
494 2539 739 2592 Hugonem,
763 2540 1042 2589 Richardum;
1065 2550 1242 2591 parcum
1260 2549 1361 2578 vero
1382 2537 1510 2577 fuisse
1530 2538 1575 2577 in
1595 2538 1770 2578 citandis
1793 2537 2029 2586 Aristotele,
2053 2537 2265 2586 Cicerone,

142 2610 331 2664 Virgilio,
351 2614 522 2665 Seneca,
544 2618 621 2656 etc.
639 2616 784 2669 Neque
801 2617 1003 2657 dicendus
1015 2617 1212 2668 frequens
1231 2615 1280 2656 in
1303 2613 1493 2656 citandis
1517 2614 1728 2664 Sallustii,
1744 2615 1930 2664 Senecoe,
1948 2614 2056 2656 Juliz·
2072 2613 2267 2663 Caesarine,

145 2687 316 2730 Catonis
334 2690 470 2732 libris.
492 2691 692 2733 Nominat
717 2693 829 2733 enim
850 2692 1009 2734 Julium
1040 2692 1247 2733 Caesarem
1275 2690 1491 2732 occasione
1510 2690 1622 2731 illius
1649 2693 1789 2732 textus
1812 2690 1826 2712 ¹⁹
1851 2689 2089 2742 exponendi
2111 2703 2120 2730 :
2143 2689 2271 2732 Exiic

142 2761 323 2806 edictum
356 2776 383 2807 a
421 2766 581 2809 Goesare
614 2768 828 2821 Auqusto,
859 2772 906 2811 ut
939 2768 1242 2811 describeretur
1280 2768 1505 2809 universus
1539 2767 1672 2818 orbis,
1703 2768 1806 2809 dum
1836 2768 1896 2808 ait
1935 2781 1944 2808 :
1982 2782 2001 2805 «
2030 2767 2165 2808 Caesar
2193 2766 2270 2806 iste

130 2838 364 2892 Augustus
383 2843 552 2895 proprio
568 2845 740 2886 nomine
756 2846 838 2886 fuit
857 2845 1124 2896 OctavianUS,
1142 2845 1212 2885 sed
1230 2857 1254 2885 a
1269 2844 1288 2885 J
1296 2844 1378 2885 ulio
1400 2844 1575 2894 Caesare,
1590 2842 1663 2895 qui
1683 2844 1806 2883 antea
1823 2841 2119 2894 imperaverat,
2135 2840 2271 2880 Caesar

142 2917 204 2956 est
225 2919 565 2972 cognominatus,
589 2934 613 2962 a
631 2934 716 2974 quo
737 2934 884 2964 omnes
905 2923 1181 2975 imperatores
1200 2921 1366 2962 romani
1387 2923 1532 2973 postea
1551 2919 1734 2960 Caesares
1751 2918 1848 2958 dicti
1863 2920 1976 2958 sunt.
1992 2931 2011 2955 »
2034 2917 2088 2957 At
2108 2916 2204 2957 Cato
2225 2916 2270 2956 in

141 2991 356 3037 Paroenesi
372 2995 531 3048 legitur
551 2998 701 3039 citatus
721 2999 772 3039 ab
785 2999 1025 3040 Editoribus
1043 2999 1088 3038 in
1108 2998 1305 3049 margine
1325 2997 1352 3037 ⁵.
1377 2996 1491 3037 Idem
1512 2995 1692 3037 dixerim
1709 2994 1760 3035 de
1779 2992 1976 3034 Sallustio
1989 2992 2018 3033 ⁶.
2035 2991 2154 3042 Quod
2168 3003 2268 3034 vero

142 3067 344 3111 Senecam
363 3075 532 3125 spectat,
550 3074 691 3127 ipsum
712 3075 868 3127 allegat
884 3075 1056 3128 quidem
1077 3074 1121 3114 in
1145 3085 1332 3127 corpore,
1347 3073 1417 3114 sed
1436 3085 1519 3114 non
1540 3084 1588 3113 ea
1607 3070 1856 3123 frequentia,
1874 3082 1898 3110 a
1915 3081 2002 3122 qua
2020 3067 2270 3121 Seraphicus

131 3143 291 3188 ‘Doctor
308 3160 397 3190 sese
415 3151 630 3192 continere
652 3152 857 3193 debuerit.

183 3256 294 3308 ¹·Vid.
314 3259 384 3300 huj.
403 3264 486 3293 tom.
508 3272 585 3303 pag.
606 3265 679 3304 210,
700 3264 764 3296 col.
785 3266 815 3295 2.
833 3281 872 3287 ——
894 3264 904 3282 ²
930 3263 1035 3304 Epist.
1057 3271 1224 3303 cxxxviii,
1245 3267 1328 3294 tom.
1352 3264 1413 3302 ΙΙΙ,
1435 3265 1504 3294 vet.
1526 3261 1605 3293 edit.
1623 3279 1662 3285 —-
1683 3261 1694 3282 ³
1715 3261 1777 3293 Ubi
1801 3262 1897 3301 (Istc,
1915 3269 1976 3301 vii,
1999 3261 2050 3301 9),
2071 3261 2104 3291 in
2126 3261 2267 3302 Vulgata

143 3300 262 3342 legitur
277 3315 286 3336 ε
304 3306 343 3336 Si
359 3316 421 3338 non
441 3308 661 3349 credideritis,
682 3320 743 3341 non
761 3309 1012 3351 permanebitis,
1028 3311 1152 3341 Auctor
1164 3311 1280 3340 noster
1297 3310 1330 3340 iu
1345 3309 1516 3340 Prooemio
1530 3309 1632 3339 babet
1647 3318 1654 3339 z
1667 3319 1683 3337 «
1700 3308 1798 3339 isaias
1812 3308 1997 3339 secundum
2012 3308 2108 3338 aliam
2129 3307 2269 3338 transla-

144 3346 277 3434 ἓᾶθέθῐέι
295 3351 440 3430 (ἒθίἰξξεῑ
458 3354 560 3396 Lxx>
587 3365 594 3388 :
617 3357 694 3387 Nisi
713 3356 934 3396 credideritis,
955 3366 1018 3387 non
1042 3355 1254 3397 intelli'qetis.
1275 3367 1292 3386 »
1313 3373 1354 3379 —
1376 3356 1387 3374 ⁴
1408 3356 1445 3386 lu
1465 3364 1538 3395 cap.
1561 3363 1604 3395 11,
1626 3362 1656 3386 v.
1678 3356 1753 3385 2.-
1776 3355 1786 3372 ⁵
1806 3355 1842 3385 ln
1862 3363 1935 3394 cap.
1957 3362 2008 3393 vi,
2023 3363 2056 3384 v.
2078 3355 2177 3384 41.—
2200 3354 2210 3371 ⁶
2231 3355 2266 3384 in

210 3416 219 3425 .
281 3419 291 3436 ‚
334 3421 341 3427 .
409 3420 418 3431 ,

188 3457 231 3498 (α)
252 3460 370 3493 Prodr.
393 3463 501 3495 Selom
510 3489 517 3496 .
