2634 3853
72 1061 207 1096 Quinque

66 1104 134 1128 sunt
153 1111 204 1136 pe-

77 1143 198 1170 titiones‘

83 1191 187 1210 secun-

65 1224 135 1250 dum
152 1226 206 1250 Lu-

65 1275 138 1294 Gam-

105 1557 203 1584 Oratio

63 1598 196 1625 Domini-

63 1647 97 1666 ca
134 1639 203 1674 quid

87 1681 180 1707 conti-

85 1724 162 1749 neat.

997 196 1270 239 EXPOSITIO
1300 196 1353 236 IN
1385 195 1499 236 CAP.
1532 195 1600 236 XI.

233 295 272 333 et
289 293 480 344 respectu
498 291 715 331 bonitatis:
738 292 779 330 et
797 289 856 329 sic
869 287 941 328 illa
954 285 1099 339 petitio
1119 284 1257 337 prima

232 361 436 403 divisione
458 361 715 412 geminatur,
732 361 803 401 sed
823 357 1106 400 subdivisione
1125 355 1257 407 tripli-

230 434 361 472 catur.
396 431 441 472 Si
480 443 581 472 vero
617 433 774 484 petitur
809 431 969 470 bonum
1001 426 1253 478 temporale,

229 504 303 542 aut
317 501 477 542 ratione
494 503 662 553 mentis,
685 504 759 542 aut
778 500 937 541 ratione
955 509 1023 538 cor
1031 497 1159 549 poris:
1184 495 1255 536 sed

229 573 328 626 quia
347 573 562 625 corporale
587 573 750 613 bonum
778 583 866 612 non
889 569 1011 610 debet
1029 566 1256 608 desiderari

228 643 308 683 nisi
328 645 498 696 propter
523 642 759 695 spirituale,
784 641 877 681 ideo
903 642 989 679 tam
1021 637 1255 677 secundum

227 714 405 764 Lucam,
440 725 569 766 quam
599 712 833 753 secundum
869 708 1136 757 Matthaeum,
1169 719 1256 747 una

228 784 275 823 fit
293 783 437 835 petitio
456 783 506 824 de
522 785 716 836 utroque.
734 781 784 822 Et
803 780 860 821 sic
876 781 988 832 patet
1004 777 1256 818 sufficientia

228 854 486 895 divisionum
506 866 580 907 per
600 854 794 893 membra
812 850 1016 903 opposita,
1039 850 1079 888 et
1100 848 1254 888 imme-

227 923 361 963 diata:
386 925 426 963 et
444 926 556 976 patet
571 922 793 964 concordia
817 922 926 961 inter
942 917 1250 970 Evangelistas,

227 995 268 1033 et
287 994 400 1045 patet
418 993 670 1033 diversitatis
692 991 952 1043 congruitas.

280 1063 388 1104 Sunt
415 1064 547 1115 igitur
571 1063 759 1115 quinque
778 1062 997 1115 petitiones
1018 1059 1253 1100 secundum

224 1133 396 1184 Lucam,
419 1134 622 1174 ordinatae
641 1133 874 1173 secundum
901 1133 1106 1184 majorem
1131 1131 1250 1170 nobi-

224 1204 399 1256 litatem,
421 1207 462 1245 et
489 1205 713 1244 minorem.
743 1203 790 1243 In
817 1203 954 1255 prima
978 1201 1134 1254 petitur
1153 1213 1255 1253 per-·

223 1275 328 1316 fecta
353 1275 521 1324 notitia,
537 1274 627 1314 sive
656 1273 862 1326 sapientia
885 1273 930 1312 in
950 1272 1161 1312 intellectu
1175 1286 1184 1321 ;
1208 1272 1254 1311 in

223 1346 422 1396 secunda,
454 1346 636 1397 perfecta
667 1344 903 1385 reverentia
929 1343 974 1382 in
1001 1342 1173 1391 affectu3
1208 1342 1252 1381 in

223 1417 360 1468 tertia,
374 1416 624 1457 sufficientia
642 1417 687 1456 in
705 1415 842 1464 victu3
865 1415 910 1454 in
929 1417 1095 1466 quarta,
1116 1411 1254 1452 indul-

223 1487 367 1539 gentia
384 1487 430 1527 in
454 1490 594 1537 reatu;
624 1487 668 1527 in
696 1486 857 1539 quinta,
879 1484 1055 1525 victoria
1079 1483 1124 1522 in
1152 1494 1251 1522 con-

223 1559 356 1600 flictu.
378 1559 428 1600 Et
445 1559 491 1599 in
505 1560 572 1599 his
592 1558 780 1610 quinque
800 1556 1074 1609 implicantur
1091 1556 1251 1606 septem

223 1629 458 1682 petitiones,
480 1642 527 1670 ac
555 1641 631 1682 per
649 1629 727 1668 1100
749 1630 908 1679 septem
938 1626 1133 1674 virtutes,
1155 1636 1249 1676 sep-

224 1703 307 1741 tem
327 1700 451 1750 dona,
464 1702 624 1752 septem
642 1697 935 1745 beatitudines,
954 1699 995 1736 et
1014 1707 1159 1736 omnes
1179 1707 1250 1747 pe-

224 1771 405 1811 titiones.
426 1770 542 1811 Unde
572 1769 715 1810 Glossa
745 1767 843 1808 dicit
865 1778 992 1818 super
1010 1766 1111 1806 illud
1137 1781 1145 1806 :
1177 1766 1251 1806 Lz'-

225 1842 324 1884 bera
345 1852 421 1884 nos
441 1853 468 1883 a
487 1841 597 1883 malo
618 1854 633 1880 :
663 1855 681 1879 «
692 1839 804 1881 Nihil
833 1839 946 1879 deest
970 1838 1083 1890 quod
1114 1838 1157 1876 in
1184 1837 1252 1876 his

223 1915 382 1965 septem
413 1911 687 1965 petitionibus
723 1923 809 1951 non
847 1909 1127 1957 contineatur,
1162 1908 1251 1948 sive

222 1982 275 2023 ad
291 1985 557 2036 praesentem,
579 1982 667 2023 sive
688 1981 740 2022 ad
758 1981 945 2021 futuram
964 1979 1171 2032 pertineat
1190 1978 1252 2019 vi-

222 2055 323 2093 tam.
356 2067 375 2091 1)

275 2123 418 2164 Primo
443 2123 591 2175 igitur,
614 2125 823 2175 quantum
852 2121 904 2162 ad
931 2120 1138 2170 notitiam,
1160 2119 1250 2161 sive

221 2194 471 2247 sapientiam
490 2195 535 2234 in
554 2193 782 2243 intellectu,
799 2192 897 2234 dicit
918 2206 925 2231 :
951 2192 1250 2242 Sanctificetur

222 2276 373 2308 nomen
418 2269 538 2308 tuum
553 2296 565 2315 ,
613 2266 805 2304 sanctum
853 2265 1051 2315 appareat
1093 2274 1251 2302 nomen

221 2338 360 2385 tuum,
383 2335 464 2375 hoc
479 2337 542 2375 est
558 2336 630 2374 tua
644 2334 806 2374 notitia.
828 2332 945 2373 Unde
964 2334 1009 2372 in
1030 2331 1196 2373 Psalmo
1212 2332 1222 2353 ¹
1239 2346 1247 2371 :

229 2406 398 2447 «Notus
425 2405 471 2445 in
491 2405 639 2446 Judaea
666 2405 790 2453 Deus,
822 2405 867 2443 in
888 2403 1014 2443 Israel
1040 2415 1250 2454 magnum

223 2488 378 2517 nomen
399 2477 434 2528 ej
443 2488 506 2516 us.
528 2490 546 2513 n
571 2475 621 2516 Et
640 2475 732 2516 haec
754 2474 900 2515 notitia
919 2474 1064 2526 incipit
1085 2475 1129 2513 in
1151 2486 1251 2526 gra-

223 2550 294 2596 t1a‚
314 2546 387 2587 sed
404 2549 727 2587 consummatur
744 2546 788 2585 in
816 2544 965 2596 gloria.
990 2544 1045 2585 De
1074 2557 1158 2597 quo
1185 2545 1250 2585 di-

224 2616 333 2656 citur
349 2617 363 2637 ²
386 2628 395 2654 :
424 2616 526 2657 «Ab
555 2618 651 2656 ortu
671 2615 770 2655 solis
794 2625 930 2667 usque
958 2614 1010 2654 ad
1039 2626 1249 2665 occasum,

223 2698 434 2738 magnum
461 2688 522 2726 est
547 2698 703 2726 nomen
728 2697 872 2725 meum
892 2685 937 2724 in
965 2685 1185 2736 gentibus;
1208 2686 1251 2725 in

223 2757 340 2797 omni
371 2756 461 2797 loco
491 2756 767 2806 sacrificatur,
802 2758 843 2796 et
876 2756 1052 2796 offertur
1089 2756 1252 2796 nomini

224 2839 318 2868 meo
355 2827 509 2868 oblatio
540 2828 714 2869 munda.
743 2842 761 2865 n
806 2828 893 2869 Hoc
926 2830 1068 2868 autem
1106 2827 1255 2868 verifi-

224 2897 389 2939 cabitur
416 2898 462 2939 in
493 2898 653 2950 gloria,
684 2899 909 2951 quoniam,
945 2899 1179 2939 secundum
1208 2898 1254 2938 il-

224 2968 297 3008 lud
328 2968 342 2990 ⁸
369 2983 379 3008 :
409 2983 429 3007 «
454 2968 548 3010 Non
573 2969 736 3010 docebit
767 2969 878 3009 ultra
909 2969 974 3009 vir
1008 2970 1253 3021 proximum

225 3050 367 3089 suum,
386 3041 428 3079 et
439 3039 506 3079 vir
524 3040 699 3080 fratrem
718 3051 860 3090 suum,
881 3039 1047 3080 dicens:
1071 3039 1254 3091 Cognos-

227 3108 306 3148 cite
325 3107 575 3160 Dominum,
596 3122 742 3150 omnes
761 3110 875 3151 enim
894 3113 1148 3162 cognoscent
1168 3123 1250 3159 me⁷

226 3190 252 3218 a
281 3178 460 3219 minimo
493 3191 642 3220 eorum
673 3193 811 3234 usque
840 3181 893 3221 ad
922 3181 1176 3230 maximum,
1198 3180 1255 3220 ait

89 3257 209 3292 Triplici
229 3248 444 3290 Dominus
474 3263 493 3287 ›)
536 3251 588 3292 Et
624 3254 737 3303 nota,
770 3252 883 3304 quod
919 3251 1072 3304 triplici
1108 3251 1256 3291 notitia

87 3298 189 3325 notitia

74 3339 203 3366 sanctifi-

228 3320 511 3361 sanctificatur
528 3333 684 3362 nomen
704 3322 777 3363 Dei
801 3323 845 3362 in
870 3322 1008 3373 nobis,
1030 3333 1129 3362 cum
1148 3321 1191 3361 in
1212 3333 1256 3362 se

273 3427 284 3447 ¹
307 3425 398 3457 Psal.
425 3434 528 3467 LXXV,
553 3429 582 3457 1.
607 3444 648 3449 -
673 3428 684 3446 ²
711 3429 848 3467 Malae„
880 3437 907 3469 1,
938 3432 987 3460 11.
1018 3447 1054 3451 -
1081 3429 1094 3450 3
1121 3430 1253 3466 Jerem„

231 3468 332 3512 x‘ixl,
353 3475 402 3505 34.
427 3491 462 3496 —
490 3474 504 3495 ⁴
527 3473 636 3514 Helm,
662 3482 720 3514 xi,
741 3477 773 3508 5.
796 3494 832 3498 -
862 3477 872 3495 ⁵
897 3477 906 3507 ι
929 3477 1020 3516 σωκ,
1042 3484 1124 3515 1111,
1149 3478 1195 3507 12.
1217 3493 1256 3499 --

2279 203 2355 240 517

1331 296 1496 337 semper
1515 284 1569 324 sit
1598 287 1804 325 sanctum.
1826 283 1970 324 Prima
1999 288 2060 325 est
2087 286 2246 337 notitia,
2270 299 2356 340 qua
2376 299 2517 344 caturn03

1330 354 1603 406 cognoscitur
1630 366 1705 407 per
1734 355 1876 405 fidem,
1900 354 2132 395 secundum
2166 355 2270 396 illud
2297 357 2311 378 ¹·
2341 370 2352 398 z
2375 341 2516 407 ἷξθζοξῑξῖ

1335 425 1542 465 «Credere
1559 427 1720 477 oportet
1737 425 2000 465 accedentem
2020 425 2072 465 ad
2093 425 2240 476 Deum,
2259 427 2358 478 quia

1330 498 1405 535 est.
1431 511 1449 532 »
1488 494 1693 544 Secunda,
1724 508 1807 548 qua
1834 495 2105 547 cognoscitur
2136 495 2238 548 quid
2270 508 2358 536 non

1329 568 1405 616 est,
1430 566 1480 605 de
1500 578 1582 618 qua
1602 566 1871 617 Augustinus
1894 580 1902 606 ε
1932 581 1952 604 «
1971 565 2151 606 Multum
2171 578 2357 618 compre-

1328 635 1491 685 hendis,
1508 636 1541 675 si
1559 636 1880 688 comprehendis
1894 637 1992 689 quid
2014 648 2101 677 non
2121 636 2173 676 sit
2192 636 2315 678 Deus.
2331 650 2351 674 D

1328 705 1466 746 Tertia
1486 708 1548 745 est
1567 718 1652 758 qua
1672 707 1944 757 cognoscitur
1962 707 2087 747 sicuti
2104 708 2180 757 est,
2197 707 2248 748 de
2270 720 2356 760 qua

1328 776 1552 828 Apostolus
1571 776 1584 797 ⁵
1603 788 1611 814 ε
1635 791 1654 814 «
1669 775 1789 816 Nunc
1809 788 2015 828 cognosco
2035 789 2088 818 ex
2102 779 2235 829 parte,
2255 780 2356 818 tunc

1328 850 1471 887 autem
1502 858 1754 898 cognoscam
1775 846 1881 887 sicut
1910 849 1950 887 et
1978 848 2174 898 cognitus
2194 859 2303 888 sum.
2329 863 2348 886 »

1330 917 1472 957 Prima
1491 917 1798 958 notitialiberat
1817 918 2137 970 abinsipientia,
2150 918 2200 959 de
2215 924 2323 972 qua*3
2341 934 2350 961 :

1335 988 1475 1028 «Dixit
1488 987 1691 1040 insipiens
1705 988 1748 1027 in
1763 987 1884 1028 corde
1900 999 1976 1028 suo
1993 1002 2002 1028 t
2019 988 2110 1028 Non
2122 991 2183 1029 est
2195 988 2347 1030 Deus.»

1329 1058 1534 1107 Secunda,
1549 1059 1600 1098 ab
1620 1058 1867 1108 idololatria,
1882 1070 1966 1110 qua
1981 1058 2133 1099 colitur
2146 1060 2259 1110 quod
2270 1072 2356 1101 non

1328 1132 1390 1168 est
1409 1129 1531 1178 Deus,
1545 1129 1596 1169 de
1613 1141 1698 1181 qua
1711 1128 1934 1181 Apostolus
1947 1128 1960 1149 ⁷
1978 1144 1985 1168 :
2011 1144 2029 1167 α
2044 1129 2099 1169 De
2119 1130 2238 1179 escis,
2257 1143 2354 1183 quae

1326 1199 1446 1239 idolis
1459 1199 1748 1249 immolantur,
1767 1199 1922 1239 scimus
1942 1199 2042 1252 quia
2062 1200 2168 1240 nihil
2186 1203 2249 1241 est
2268 1201 2357 1242 ido·
2417 1221 2422 1224 <

1325 1269 1417 1309 lum
1448 1269 1491 1308 in
1526 1269 1700 1319 mundo,
1729 1272 1768 1310 et
1800 1269 1912 1321 quod
1942 1270 2086 1310 nullus
2116 1270 2240 1322 Deus,
2274 1271 2357 1312 nisi

1326 1352 1450 1380 unus.
1478 1339 1585 1380 Nam
1603 1340 1679 1380 etsi
1701 1340 1785 1379 sint
1805 1339 1879 1391 qui
1899 1339 2091 1380 dicantur
2111 1341 2184 1390 dii,
2202 1342 2290 1383 sive
2310 1342 2355 1383 in

1327 1409 1445 1459 coelo,
1469 1410 1558 1449 sive
1577 1410 1621 1449 in
1640 1412 1767 1459 terra,
1790 1409 1997 1461 siquidem
2017 1414 2118 1451 sunt
2144 1412 2201 1451 dii
2231 1413 2355 1453 multi

1326 1484 1366 1521 et
1397 1480 1558 1521 domini
1591 1479 1732 1529 multi,
1770 1480 1890 1519 nobis
1920 1483 2061 1520 tamen
2099 1494 2211 1522 unus
2245 1482 2354 1523 Deus

1326 1551 1462 1602 Pater,
1484 1564 1537 1592 ex
1556 1564 1640 1604 quo
1661 1551 1818 1599 omnia,
1834 1566 1852 1588 n
1879 1556 1955 1592 etc.
1980 1552 2118 1593 Tertia
2135 1553 2284 1594 liberat
2300 1555 2353 1595 ab

1325 1623 1441 1663 omni
1460 1623 1630 1663 miseria
1653 1637 1661 1661 :
1685 1625 1724 1662 et
1746 1623 1827 1662 hoc
1848 1621 1926 1662 erit
1945 1622 1991 1662 in
2017 1623 2164 1674 patria,
2184 1625 2353 1676 quando

1326 1694 1602 1746 complebitur
1627 1693 1786 1733 donum
1814 1692 2031 1745 sapientiae
2060 1697 2100 1734 et
2128 1695 2254 1746 pacis,
2278 1708 2353 1747 per

1325 1776 1454 1816 quam
1473 1776 1676 1805 vocamur
1699 1763 1774 1803 filii
1799 1763 1886 1804 Dei.
1911 1762 1960 1803 Et
1985 1766 2086 1804 tunc
2105 1776 2262 1805 nomen
2279 1765 2352 1807 Dei

1324 1838 1514 1875 sanctum
1534 1834 1611 1874 erit
1630 1835 1676 1874 in
1697 1834 1833 1874 nobis.
1852 1833 1968 1875 Unde
1987 1834 2190 1875 diciturss:
2219 1851 2238 1873 «
2253 1836 2354 1876 Cha-

1323 1906 1493 1956 rissimi,
1511 1918 1624 1945 nunc
1642 1905 1716 1945 filii
1737 1905 1808 1945 Dei
1829 1917 1992 1956 511111115,
2015 1908 2055 1946 et
2073 1907 2263 1947 nondum
2278 1920 2351 1960 ap-

1324 1978 1461 2029 paruit
1492 1977 1595 2029 quid
1625 1977 1799 2017 erimus.
1823 1976 1988 2017 Scimus
2018 1978 2222 2029 quoniam
2253 1991 2353 2019 cum

1324 2048 1580 2100 apparuerit,
1603 2048 1762 2087 similes
1787 2048 1826 2088 ei
1854 2048 2029 2097 erimus,
2054 2048 2255 2100 quoniam
2282 2050 2352 2090 vi-

1324 2119 1517 2160 debimus
1537 2131 1637 2159 eum
1659 2119 1780 2159 sicuti
1799 2121 1874 2159 est.
1894 2133 1912 2156 >>
1935 2118 2120 2159 Perfecta
2133 2119 2267 2170 igitur
2281 2120 2352 2160 Dei

1323 2190 1474 2231 notitia
1500 2191 1596 2230 facit
1616 2202 1693 2230 nos
1712 2189 1888 2240 similes3
1922 2192 1962 2229 et
1994 2189 2174 2241 perfecta
2203 2189 2352 2230 simili-

1324 2261 1425 2301 tudo
1445 2261 1577 2310 filios;
1611 2264 1650 2301 et
1678 2261 1858 2312 perfecta
1885 2260 2030 2299 filiatio
2050 2260 2145 2300 facit
2164 2261 2352 2300 sanctifi-

1325 2331 1485 2371 catione
1517 2330 1650 2370 divini
1676 2329 1860 2370 nominis
1886 2330 2053 2381 dignos.
2080 2330 2196 2370 Unde
2226 2331 2353 2384 Chry-

1324 2404 1532 2441 sostomus
1554 2401 1567 2421 ⁹
1588 2413 1597 2440 :
1632 2415 1651 2438 «
1670 2400 1964 2440 Sanctificatur
1992 2401 2035 2439 in
2055 2401 2176 2440 nobis
2194 2413 2352 2442 nomen

1323 2471 1410 2522 Dei,
1433 2471 1637 2524 quoniam
1667 2471 1844 2511 scientes
1865 2483 1963 2511 eum
1995 2474 2203 2522 sanctum,
2226 2471 2350 2512 time-

1323 2555 1435 2593 111115,
1465 2545 1504 2583 et
1535 2542 1706 2582 sollicite
1733 2541 1965 2593 vigilamus
2000 2554 2054 2581 ne
2083 2542 2189 2582 forte
2225 2542 2353 2583 viole—

1324 2626 1422 2654 mus
1459 2613 1722 2654 sanctitatem
1754 2612 1940 2653 nominis
1970 2613 2063 2664 ejus
2094 2612 2138 2652 in
2168 2613 2302 2654 nobis.
2331 2628 2350 2651 ›)

1324 2683 1411 2725 Hoc
1432 2686 1573 2725 autem
1601 2684 1693 2734 erit,
1723 2684 1893 2736 quando
1912 2683 2092 2723 totaliter
2123 2684 2161 2723 ei
2189 2684 2353 2724 vacabi-

1324 2766 1436 2805 mUS,
1452 2758 1492 2795 et
1511 2767 1585 2807 per
1605 2754 1766 2795 nullam
1786 2754 2097 2794 distractionem
2112 2754 2354 2795 inficientur

1326 2830 1486 2867 mentes
1515 2828 1669 2866 nostrae
1682 2838 1694 2877 ;
1730 2826 1843 2878 quod
1869 2825 1947 2865 erit
1964 2825 2008 2864 in
2031 2825 2181 2877 gloria,
2202 2838 2350 2867 secun-

1327 2898 1431 2938 dum
1458 2897 1561 2938 illud
1589 2897 1754 2939 Psalmi
1775 2901 1803 2922 ¹⁰
1826 2911 1866 2937 z«
1886 2896 1934 2936 111
1955 2899 2180 2949 conspectu
2206 2897 2351 2949 Ange-

1325 2971 1466 3009 lorum
1496 2968 1672 3021 psallam
1703 2968 1777 3007 tibi
1794 2982 1803 3017 ;
1844 2968 2028 3009 adorabo
2064 2968 2116 3008 ad
2147 2968 2353 3021 templum

1326 3041 1518 3079 sanctum
1550 3042 1694 3088 tuum,
1731 3041 1772 3078 et
1809 3039 2037 3080 confitebor
2074 3039 2234 3079 nomini
2262 3041 2349 3078 tuo.

1327 3110 1463 3162 Super
1484 3108 1771 3149 misericordia
1789 3111 1874 3160 tua,
1892 3112 1933 3149 et
1951 3109 2128 3150 veritate
2147 3112 2234 3158 tua,
2253 3120 2354 3161 quo-

1327 3181 1442 3220 niam
1461 3180 1741 3231 magnificasti
1767 3190 1894 3232 super
1914 3191 2040 3221 omne
2058 3191 2215 3220 nomen
2233 3190 2354 3219 sanc-

1326 3253 1418 3292 tum
1438 3254 1577 3291 tuum.
1601 3266 1619 3289 n

1331 3381 1342 3399 ⁶
1363 3380 1450 3412 Psal.
1473 3388 1549 3421 xm,
1572 3383 1600 3412 1.
1623 3399 1658 3403 —
1683 3381 1696 3402 ⁷
1717 3382 1728 3412 1
1749 3381 1838 3421 Con,
1861 3389 1933 3420 vni,
1956 3383 2021 3411 4-6.
2042 3398 2082 3402 -
2102 3380 2115 3400 3
2137 3380 2143 3409 Ι
2165 3380 2272 3418 doun„
2299 3388 2351 3419 111,

1329 3430 1360 3459 2.
1380 3444 1421 3450 -
1445 3428 1456 3446 ⁹
1482 3429 1553 3460 lmo
1580 3432 1697 3460 auctor
1729 3430 1828 3469 Oper.
1861 3428 1994 3467 imperf.
2020 3428 2052 3458 in
2081 3426 2219 3466 Matth„
2248 3436 2276 3457 c.
2305 3434 2351 3466 vr,

1331 3476 1424 3507 hom.
1446 3483 1516 3507 Χιν.
1535 3494 1576 3499 -
1592 3477 1618 3498 1⁹
1636 3476 1724 3507 Psal.
1746 3483 1897 3514 cxxxvii,
1919 3483 1944 3514 1,
1964 3477 1993 3506 2.
