2634 3853
952 189 1224 233 EXPOSITIO
1255 193 1307 233 IN
1336 194 1450 236 CAP.
1480 196 1529 236 X.

181 278 381 331 competit
411 277 523 317 veris
552 278 729 328 5000115,
766 278 1000 318 secundum
1023 278 1129 319 illud
1154 279 1166 301 ¹
1192 291 1202 320 τ

186 363 205 387 c«
222 348 317 389 Noli
328 348 377 388 de
397 351 567 388 mortuo
580 349 751 389 inimico
763 351 838 389 tuo
849 349 1049 400 gaudere.
1064 362 1083 385 >³
1101 350 1114 370 2
1130 349 1203 389 «Si

179 418 350 470 gavisus
372 430 467 458 sum
500 419 552 458 ad
583 419 750 459 ruinam
773 420 888 471 ers,
916 419 991 470 qui
1023 430 1091 458 me
1111 419 1205 460 ode-

177 489 257 528 rat.
289 487 429 529 Nolite
454 489 581 529 etiam
608 489 814 541 madere,
851 488 951 540 quia
982 488 1063 528 tale
1095 501 1203 540 gau-

177 557 295 597 dium
327 559 391 597 est
424 558 670 609 ruinosum,
705 558 938 598 secundum
971 557 1075 598 illud
1108 559 1205 600 Pro-

176 626 414 669 verbiorum
435 632 448 654 ³
471 641 481 669 :
510 644 529 667 «
548 629 746 670 Extrema
765 629 914 681 gaudii
933 629 1071 669 luctus
1086 641 1204 670 occu-

174 700 260 749 pat.
290 711 310 735 »
339 696 438 739 Tale
471 702 532 739 est
559 699 765 751 gaudium
791 699 841 740 de
868 699 979 739 bono
1005 699 1202 739 transito-

174 767 259 818 rio,
283 769 516 809 secundum
536 769 642 809 illud
671 769 745 811 Job
764 769 777 790 a
811 784 819 810 :
853 784 872 806 «
895 769 1101 810 Gaudium
1127 770 1203 822 hy-

175 839 348 890 pocritae
386 839 436 879 ad
469 839 602 879 instar
630 839 794 891 puncti.
827 853 846 876 ›>
887 839 937 880 Et
967 852 1118 880 rursus
1142 840 1154 862 ⁵
1189 857 1197 882 :

179 909 416 950 «Gaudent
451 910 503 949 ad
536 909 724 950 sonitum
755 910 930 961 organi,
963 910 1121 951 ducunt
1158 911 1203 952 in

174 980 294 1021 bonis
314 980 402 1021 dies
421 992 544 1031 5005,
566 982 608 1022 01
632 981 676 1020 in
700 985 856 1033 puncto
884 981 936 1021 ad
953 982 1115 1023 inferna
1135 983 1204 1023 de-

174 1051 393 1093 scendunt.
412 1066 432 1090 ))
452 1050 569 1092 Unde
581 1064 667 1092 non
687 1051 855 1092 volebat
869 1052 1071 1093 Dominus
1090 1055 1202 1106 quod

174 1122 366 1175 discipuli
386 1122 621 1174 gauderent
643 1123 688 1162 in
705 1122 941 1173 miraculis,
955 1123 1037 1165 sed
1063 1125 1202 1176 potius

175 1194 220 1234 in
237 1194 462 1234 tormentis
481 1196 522 1234 et
540 1193 754 1243 conviciis,
780 1194 1011 1234 secundum
1033 1195 1138 1236 illud
1152 1196 1165 1217 ⁶
1189 1208 1198 1233 :

179 1280 198 1303 (1
217 1264 332 1306 Beati
353 1265 470 1315 estis,
492 1277 592 1305 cum
612 1265 908 1320 maledixerint
926 1265 1046 1306 vobis
1065 1266 1202 1307 homi-

172 1347 272 1386 neS,
292 1339 332 1376 et
349 1336 556 1389 persecuti
573 1348 649 1376 vos
663 1336 821 1377 fuerint
836 1369 844 1385 ,
862 1351 880 1373 n
907 1339 982 1377 etc.
1007 1336 1058 1377 Et
1081 1340 1196 1389 post:

178 1404 426 1457 «Gaudete,
473 1409 514 1446 et
555 1406 762 1451 exultate,
800 1407 1002 1458 quoniam
1040 1419 1200 1448 merces

171 1478 313 1518 vestra
333 1477 500 1529 copiosa
517 1480 579 1517 est
597 1477 643 1517 111
664 1477 793 1517 coelis.
817 1491 836 1514 »
856 1477 925 1517 Sic
940 1479 1066 1518 etiam
1081 1490 1201 1530 apos-

171 1544 246 1585 toli
281 1545 508 1593 faciebant,
548 1545 784 1586 secundum
817 1544 922 1586 illud
946 1544 959 1565 ⁷
989 1558 998 1584 :
1033 1560 1051 1583 «
1080 1546 1201 1586 Ibant

173 1616 347 1669 apostoli
367 1616 603 1669 gaudentes
620 1629 645 1657 a
660 1620 885 1670 conspectu
904 1617 1082 1668 concilii,
1099 1618 1200 1670 quia

173 1686 294 1739 digni
322 1687 455 1728 hahiti
484 1691 583 1728 sunt
610 1699 687 1739 pro
717 1687 890 1727 1101111110
918 1687 1016 1728 Jesu
1048 1690 1199 1728 contu-

173 1756 344 1798 meliam
367 1758 468 1810 pati.
485 1771 504 1795 »
529 1757 666 1800 Nolite
694 1769 800 1808 ergo
829 1759 878 1799 in
896 1758 968 1799 hoc
998 1758 1197 1810 qaudere,

173 1829 376 1880 quoniam
411 1828 594 1880 spiritus
638 1827 926 1880 subjiciuntur
969 1828 1108 1880 vobis,
1148 1829 1198 1869 li-

173 1901 237 1939 cet
273 1898 327 1938 sit
366 1898 572 1940 divinitus
616 1910 887 1950 concessum,
931 1912 984 1940 ne
1030 1900 1082 1940 sit
1126 1913 1200 1941 oc-

173 1970 284 2011 casio
311 1970 544 2023 superbiae,
576 1972 618 2011 et
647 1982 723 2022 per
758 1981 1019 2022 consequens
1046 1971 1196 2012 ruinae.

173 2038 348 2093 Propter
374 2040 494 2093 'quod
524 2039 624 2080 dicit
659 2040 924 2091 Augustinus
954 2043 991 2089 ⁸,
1034 2056 1053 2079 «
1086 2041 1199 2094 quod

173 2110 377 2152 Dominus
405 2111 570 2152 dicebat
601 2110 816 2163 discipulis
847 2110 936 2151 suis
966 2125 975 2149 :
1016 2111 1199 2152 «Discite

172 2194 198 2222 a
215 2193 284 2223 me
303 2213 314 2233 ,
336 2195 356 2221 1)
382 2194 470 2224 non
495 2185 685 2223 mortuos
712 2181 914 2222 suscitare
935 2194 944 2232 ;
967 2194 1053 2223 non
1072 2194 1199 2236 super

173 2263 304 2306 aquas
328 2252 446 2294 siccis
474 2252 649 2305 pedibus
674 2252 914 2302 ambulare,
945 2252 1017 2293 sed
1048 2268 1067 2292 (ι
1099 2253 1200 2305 quia

172 2322 286 2363 mitis
308 2334 404 2364 sum
426 2324 468 2363 et
491 2322 667 2363 humilis
692 2322 816 2363 corde
843 2336 852 2362 :
876 2336 894 2360 ›>
921 2323 1021 2375 quia
1047 2323 1091 2362 in
1115 2324 1196 2363 mi-

173 2393 329 2434 raculis
358 2405 444 2434 non
470 2392 678 2434 debebant
706 2393 914 2445 gaudere,
945 2394 1015 2434 sed
1045 2394 1090 2435 in
1115 2394 1195 2435 hu-

173 2463 361 2504 militate.
606 2495 609 2496 ν

225 2536 292 2575 20.
337 2532 520 2577 Gaudete
553 2538 696 2577 autem
728 2533 841 2586 quod
877 2536 1074 2585 nomina,
1117 2539 1195 2577 etc.

173 2603 402 2657 Postquam
439 2603 632 2645 Salvator
666 2604 863 2656 repressit
905 2604 949 2644 in
985 2605 1198 2658 discipulis

174 2675 382 2727 gaudium
417 2685 598 2725 vanum,
632 2673 702 2714 hic
727 2674 912 2716 secundo
940 2674 1092 2717 invitat
1127 2689 1197 2717 eos

171 2746 223 2787 ad
241 2745 449 2798 gaudium
464 2756 631 2787 verum.
648 2743 699 2785 Et
708 2745 788 2786 hoc
803 2745 975 2798 quidem
987 2747 1087 2787 facit
1104 2759 1199 2800 pro-

170 2817 364 2869 ponendo
386 2815 705 2870 quadruplicem
725 2828 895 2875 causam
909 2847 919 2866 ‚
941 2817 1032 2858 sive
1061 2821 1194 2858 mate-

170 2887 280 2928 riam
320 2887 482 2940 gaudii.
526 2886 733 2927 Gaudium
769 2899 956 2940 namque
985 2888 1198 2941 discipulis

171 2957 260 2998 fore
278 2958 460 2999 ostendit
477 2958 528 2998 de
547 2957 619 2998 Dei
644 2958 906 3009 praescientia
923 2957 1144 3010 infallibili,
1157 2963 1199 3001 et

171 3027 434 3079 providentia
455 3027 836 3081 irreprehensibili,
859 3027 909 3068 de
927 3029 1115 3081 potentia
1130 3030 1198 3070 in-

173 3097 555 3148 comprehensibili,
584 3098 635 3139 de
666 3098 890 3151 praesentia
917 3099 1193 3140 desiderabili.

171 3165 224 3207 Et
246 3167 290 3207 in
317 3167 371 3208 iis
395 3171 577 3221 quatuor
600 3168 812 3210 habebant
845 3169 966 3210 valde
993 3182 1196 3223 magnam

172 3238 393 3279 materiam
411 3239 642 3281 exultandi.

214 3367 226 3389 ²
245 3366 365 3406 Ecclz'.‚
386 3374 462 3407 v111,
484 3368 515 3398 8.
537 3383 578 3390 —
597 3367 609 3386 ²
627 3367 704 3407 Job‚
724 3376 820 3409 xxxi,
841 3371 892 3401 29.
909 3387 950 3393 —
968 3369 982 3391 ³
995 3371 1107 3410 Prov„
1123 3378 1196 3412 xlv,

173 3415 224 3445 13.
243 3431 280 3436 -—
299 3413 313 3435 ⁴
328 3412 400 3453 Job,
423 3420 482 3452 xx,
501 3415 532 3445 5.
553 3431 592 3437 —
613 3414 624 3432 '³
646 3414 742 3454 ibid„
763 3423 836 3456 xxi,
856 3418 907 3448 12.
922 3434 963 3440 —
978 3418 991 3436 ⁶
1008 3417 1141 3455 Matth„
1163 3425 1196 3458 v,

173 3462 226 3492 11.
251 3477 292 3484 -—
319 3461 330 3480 ⁷
355 3462 442 3499 Act.‚
473 3468 504 3500 V,
525 3461 577 3492 41.
596 3477 637 3484 ·-
662 3460 677 3482 ⁸
695 3463 795 3503 Aug„
818 3464 867 3495 De
884 3466 988 3496 sanct.
1023 3465 1196 3505 Virqz'nit„

2225 208 2308 246 499·

1331 282 1471 324 Primo
1491 284 1697 336 gaudium
1724 289 1812 326 erat
1837 287 1888 327 de
1913 286 2056 327 divina
2080 292 2302 340 praescien-

1278 353 1334 392 tia
1352 353 1574 395 infallibili.
1598 354 1813 403 Quantum
1832 356 1883 396 ad
1903 356 2013 396 hanc
2032 358 2131 398 dicit
2154 374 2162 398 :
2190 360 2302 402 Gau-

1278 421 1368 464 dete
1407 429 1572 475 euclem,
1613 426 1725 477 quod
1759 428 1936 469 nomina,
1971 431 2110 469 vestra
2143 431 2305 481 scripta

1275 499 1375 535 sunt
1401 495 1449 535 τη
1487 495 1628 546 coelz's,
1666 496 1710 536 in
1746 497 1853 538 libro
1881 498 1981 540 vitae
2013 498 2191 549 scilicet⁷
2231 501 2304 552 qui

1275 563 1380 604 liber
1408 565 1507 605 vitae
1536 565 1703 615 dicitur,
1733 568 1832 619 quia
1862 568 1906 608 in
1939 568 2029 620 ipso
2057 569 2211 622 scripta
2238 570 2302 611 vi-

1275 636 1406 683 vunt,
1446 636 1677 676 secundum
1707 637 1812 678 illud
1846 638 1859 658 ⁹
1901 653 1909 678 :
1957 654 1975 675 «
2002 638 2119 687 Quod
2148 640 2305 680 factum

1275 707 1337 744 est
1363 704 1408 745 111
1435 705 1525 758 ipso
1555 707 1642 747 vita
1669 711 1772 748 erat.
1795 723 1812 746 ›)
1844 708 1919 749 Vel
1948 709 2048 761 quia
2071 711 2305 751 secundum

1276 776 1367 826 ejus
1410 777 1661 830 scripturam
1703 781 1764 818 est
1809 779 1936 819 110010
1982 781 2305 832 praedestinatus

1275 846 1326 886 ad
1347 846 1492 887 vitam.
1519 847 1635 889 Unde
1657 849 1891 889 secundum
1920 849 2061 901 ipsum
2081 851 2153 890 fiet
2178 852 2305 892 finale

1270 917 1503 968 Judicium‚
1532 918 1640 959 sicut
1676 919 1828 959 dicitur
1862 920 1891 944 ¹⁰
1928 934 1937 959 t
1982 920 2135 960 «Libri
2173 923 2305 975 aperti

1275 990 1388 1038 sunt,
1403 991 1442 1029 et
1458 988 1564 1029 alius
1577 989 1686 1030 liber
1705 993 1874 1042 apertus
1891 993 1967 1041 051,
1982 991 2055 1043 qui
2074 994 2137 1031 est
2150 992 2263 1033 vitae.
2280 1008 2299 1031 »

1275 1057 1322 1097 In
1351 1070 1437 1111 quo
1469 1060 1641 1112 quidem
1662 1059 1770 1100 libro
1799 1060 1898 1100 mali
1920 1072 2007 1100 non
2033 1061 2304 1103 invenientur

1272 1129 1454 1169 finaliter
1482 1130 1650 1182 scripti,
1672 1131 1904 1171 secundum
1924 1131 2036 1184 quod
2067 1132 2220 1174 dicitur
2241 1135 2265 1156 ¹¹
2290 1149 2298 1175 :

1280 1214 1298 1237 (ι
1316 1200 1540 1241 Deleantur
1558 1202 1608 1241 de
1638 1202 1746 1242 libro
1766 1202 2020 1253 viventium,
2044 1206 2083 1243 et
2103 1216 2200 1244 cuni
2218 1206 2305 1256 jus-

1273 1270 1328 1310 tis
1349 1283 1434 1312 non
1453 1272 1705 1314 scribantur.
1731 1288 1749 1311 ›)

1327 1340 1446 1388 Quod
1474 1342 1646 1394 quidem
1666 1343 1833 1394 dicitur,
1861 1356 1948 1385 non
1966 1345 2081 1406 ¹quia
2110 1345 2178 1385 ille
2197 1345 2305 1386 liber

1273 1414 1487 1462 mutetur,
1528 1413 1599 1453 sed
1637 1414 1737 1465 quia
1770 1414 1891 1454 multi
1927 1414 2128 1455 videntur
2158 1416 2304 1468 scripti

1273 1483 1506 1522 secundum
1533 1487 1786 1535 praesentem
1809 1486 2047 1537 justitiam,
2080 1487 2154 1539 qui
2180 1500 2304 1540 appa-

1272 1553 1426 1593 rebunt
1453 1567 1538 1595 non
1561 1555 1702 1607 scripti
1723 1557 1955 1597 secundum
1981 1558 2171 1598 divinam
2192 1571 2303 1611 prae-

1273 1623 1504 1665 scientiam.
1545 1625 1752 1675 Quoniam
1790 1640 1893 1679 ergo
1930 1627 2011 1668 hoc
2039 1631 2206 1668 tantum
2241 1632 2304 1670 est

1273 1694 1483 1735 bonorum
1498 1696 1678 1737 finaliter
1698 1700 1736 1737 et
1751 1697 2068 1748 salvandorum,
2093 1702 2133 1740 et
2153 1703 2215 1739 est
2235 1700 2303 1740 bo-

1273 1776 1380 1804 num
1399 1765 1711 1807 interminabile
1729 1771 1769 1808 et
1787 1768 2017 1819 infassibile,
2039 1769 2132 1809 ideo
2151 1770 2302 1811 merito

1273 1835 1324 1876 de
1344 1836 1424 1876 1100
1457 1840 1519 1877 051
1555 1849 1706 1878 verum
1737 1839 1965 1890 gaudium,
2001 1852 2086 1880 non
2113 1840 2164 1880 de
2192 1841 2301 1881 (10110

1274 1907 1598 1957 miraculorum,
1628 1909 1741 1960 quod
1769 1912 1830 1949 est
1861 1909 2070 1950 bonorum
2100 1913 2140 1950 et
2169 1911 2300 1951 malo-

1272 1989 1387 2018 rum.
1427 1977 1545 2020 Unde
1582 1981 1683 2020 mali
1718 1992 1805 2021 non
1839 1984 1939 2022 sunt
1974 1982 2115 2034 scripti
2151 1982 2196 2022 in
2225 1995 2303 2024 coe-

1272 2046 1345 2097 lis,
1375 2048 1445 2088 sed
1476 2049 1618 2100 potius
1645 2049 1689 2089 in
1713 2052 1840 2102 terra,
1870 2051 2103 2092 secundum
2122 2051 2226 2092 illud
2244 2053 2299 2092 ¹²:

1280 2132 1298 2155 «
1318 2116 1572 2160 Recedentes
1591 2131 1616 2159 a
1641 2122 1681 2160 te
1713 2120 1756 2159 in
1781 2123 1893 2161 terra
1922 2121 2172 2162 scribentur.
2203 2137 2222 2159 »
2256 2122 2304 2162 In

1273 2189 1394 2240 cujus
1421 2189 1480 2229 rei
1511 2190 1684 2242 signum
1710 2191 1915 2233 Dominus
1935 2192 2155 2234 confutans
2177 2194 2304 2246 perfi-

1273 2258 1387 2299 diam
1407 2259 1748 2311 Pharisaeorum,
1779 2263 1851 2314 qui
1881 2266 2000 2303 erant
2031 2263 2158 2304 alieni
2188 2277 2212 2304 a
2231 2277 2301 2306 re·

1275 2341 1361 2381 gno
1381 2330 1602 2383 coelorum,
1632 2347 1651 2370 (‹
1670 2332 1842 2384 digito¹³
1855 2331 2062 2374 scribebat
2081 2334 2297 2376 interra.»

1272 2399 1324 2440 Et
1343 2405 1465 2451 nota,
1489 2403 1602 2454 quod
1622 2403 1765 2444 divina
1784 2404 1976 2456 cognitio
1995 2405 2148 2446 dicitur
2172 2407 2298 2458 liber;

1272 2471 1344 2511 sed
1373 2473 1561 2524 cognitio
1585 2473 1790 2527 simplicis
1822 2475 1982 2517 notitiae
2014 2476 2165 2518 dicitur
2194 2478 2301 2520 liber

1273 2541 1537 2594 simpliciter,
1564 2546 1604 2583 et
1636 2544 1681 2584 in
1705 2544 1785 2585 hoc
1819 2547 1963 2587 omnia
1989 2547 2234 2590 scribuntur
2260 2552 2302 2590 et

1272 2624 1438 2664 0111005,
1457 2615 1585 2666 juxta
1602 2614 1707 2655 illud
1730 2616 1757 2637 ¹⁶
1778 2630 1816 2656 z«
1837 2616 2132 2670 Imperfectum
2153 2631 2300 2660 meum

1271 2683 1470 2725 viderunt
1504 2685 1614 2725 oculi
1640 2686 1726 2736 tui,
1768 2690 1809 2727 et
1843 2687 1888 2727 in
1918 2687 2026 2729 libro
2054 2691 2129 2730 tuo
2154 2702 2301 2732 omnes

1273 2755 1526 2796 scribentur.
1550 2770 1569 2793 ))
1589 2755 1641 2796 Ε1
1663 2760 1725 2797 051
1751 2758 1938 2809 cognitio
1964 2761 2298 2814 approbationis,

1272 2827 1312 2865 et
1330 2825 1423 2866 haec
1442 2826 1595 2866 dicitur
1614 2827 1721 2867 liber
1736 2828 1835 2869 vitae
1849 2860 1859 2879 ,
1881 2831 1923 2869 01
1942 2829 1986 2868 10
2006 2829 2086 2870 1100
2104 2843 2190 2872 1100
2203 2833 2302 2873 scri-

1271 2895 1434 2936 buntur
1469 2897 1704 2937 secundum
1741 2898 1963 2939 veritatem
2000 2900 2081 2940 nisi
2117 2902 2300 2943 finaliter

1271 2965 1367 3005 boni
1404 2977 1412 3003 :
1439 2968 1480 3006 et
1508 2966 1559 3007 de
1593 2967 1674 3007 hoc
1703 2967 1856 3008 dicitur
1885 2973 1913 2993 ¹5
1937 2983 1946 3010 :
1981 2984 2000 3007 (‹
2026 2970 2113 3011 Aut
2138 2971 2300 3013 dimitte

1271 3035 1331 3076 eis
1354 3035 1464 3077 hanc
1496 3049 1654 3077 noxam
1667 3052 1677 3087 ;
1700 3041 1774 3078 aut
1802 3039 1838 3078 si
1863 3051 1949 3080 non
1977 3040 2099 3092 facis,
2121 3042 2212 3082 dele
2231 3055 2299 3083 mc

1272 3105 1323 3146 de
1342 3106 1452 3148 libro
1471 3110 1570 3157 tuo,
1603 3120 1731 3161 quem
1759 3109 1975 3162 scripsisti.
2000 3125 2019 3148 »
2051 3111 2188 3165 Super
2212 3125 2298 3165 quo

1272 3176 1371 3217 dicit
1390 3177 1534 3218 Glossa
1553 3178 1566 3200 ⁶
1587 3179 1701 3231 quod
1721 3191 1899 3221 securus
1914 3181 1994 3222 hoc
2012 3182 2124 3232 dicit,
2146 3183 2295 3233 sciens,

1272 3247 1382 3299 quod
1412 3247 1540 3288 deleri
1575 3261 1661 3290 non
1698 3250 1829 3302 possit
1856 3262 1866 3291 :
1900 3251 2085 3304 loquitur
2108 3252 2222 3293 enim
2247 3254 2299 3294 de

1271 3337 1301 3362 c.
1323 3337 1428 3361 xxxv,
1456 3347 1496 3353 —
1526 3333 1538 3350 ⁹
1567 3332 1672 3367 Joan„
1696 3339 1728 3371 1,
1756 3333 1786 3371 3,
1813 3333 1844 3363 4.
1870 3350 1909 3355 —
1929 3334 1956 3356 1⁰
1973 3334 2087 3374 Apoc„
2105 3342 2169 3374 xx,
2189 3337 2240 3366 12.
2258 3352 2299 3359 —

1273 3376 1297 3397 ¹¹
1319 3375 1408 3408 Psal.
1432 3385 1555 3418 vani,
1579 3380 1631 3410 29.
1650 3396 1691 3402 —
1710 3379 1736 3400 1²
1753 3380 1887 3417 Aerem.²
1907 3382 1991 3420 xvii,
2013 3381 2061 3412 13.
2086 3398 2125 3404 —
2148 3381 2172 3403 ¹3
2189 3383 2297 3424 Joan.,

1271 3428 1353 3461 vm,
1379 3424 1409 3454 6.
1429 3440 1469 3447 —
1492 3423 1521 3445 ¹⁸
1542 3425 1632 3457 Psal.
1665 3433 1843 3466 cxxxvnr,
1870 3429 1917 3458 16.
1943 3444 1983 3450 —
2005 3428 2028 3450 ¹5
2046 3428 2167 3468 Eaeod.,
2186 3437 2297 3470 xxxn,

1273 3468 1324 3500 33.
1339 3485 1380 3492 —
1399 3470 1426 3491 1⁶
1444 3470 1553 3504 Gloss.
1573 3471 1736 3512 interlin„
1753 3472 1788 3504 10
1806 3472 1897 3505 hunc
1913 3473 1980 3505 loe.

2355 585 2439 613 Liber

2324 626 2402 655 vitae.
