2634 3853
1015 181 1288 226 EXPOSITlO
1318 184 1371 227 IN
1399 185 1514 228 CAP.
1543 186 1594 228 V.

247 279 415 331 culpam
449 273 722 326 originalem,
758 273 866 314 sicut
895 271 1012 325 lepra
1043 272 1266 313 actualem.

110 354 226 389 Paraly·
246 348 360 391 Unde
389 344 593 398 paralysis
625 344 761 384 aufert
791 354 964 384 sensum
1000 345 1041 383 et
1076 344 1265 393 motum;

89 395 139 423 sis.

244 418 302 458 sic
327 414 536 467 originale
564 414 700 455 aufert
726 425 896 455 sensum
917 411 1172 464 cognitionis
1192 423 1266 464 per

242 485 559 539 ignorantiam.1
597 499 616 523 α
643 484 772 534 Quale
804 483 1009 536 gaudium
1037 482 1140 522 mihi
1171 483 1263 533 erit,

243 557 318 610 qui
352 556 398 596 in
428 555 613 596 tenebris
645 554 790 605 sedeo,
822 555 862 594 et
891 553 1038 593 lumen
1063 552 1155 592 coeli
1178 564 1266 592 non

241 627 366 668 video
383 628 391 666 1
413 641 432 664 »
457 625 604 666 Aufert
623 625 749 665 etiam
769 626 933 664 motum
951 624 1116 663 rectum
1135 623 1262 663 affec—

240 698 366 739 tionis
382 709 457 750 per
475 695 877 749 concupiscentiam,
901 705 998 746 quae
1023 693 1160 734 reddit
1179 696 1264 734 tre-

239 768 428 818 mulum;
452 768 510 808 sic
528 767 784 820 paralysis²t
813 764 955 805 «Nam
976 763 1083 805 velle
1104 765 1265 816 adjacet

238 840 370 889 mihi;
409 840 610 892 perficere
646 840 789 878 autem
821 837 983 877 bonum
1021 847 1106 876 non
1142 836 1264 876 inve-

238 911 328 952 nio.
350 926 369 949 »
406 910 523 952 Unde
550 912 592 950 et
622 908 815 949 subditur
836 911 876 948 ³:
921 922 939 945 α
957 906 1086 948 Video
1119 908 1263 947 autem

237 981 364 1022 aliam
386 981 527 1032 legem
552 981 598 1020 in
629 978 832 1019 membris
857 978 982 1028 meiS,
1012 988 1260 1030 repugnan-

236 1055 322 1093 tem
350 1051 438 1103 legi
466 1051 619 1091 mentis
649 1062 777 1099 meae,
800 1063 818 1087 n
856 1052 933 1089 etc.
965 1048 1081 1090 Unde
1100 1048 1226 1100 Hugo
1249 1062 1257 1087 :

242 1137 262 1160 (t
293 1121 452 1163 Vitium
484 1122 684 1162 humanae
725 1119 1005 1172 corruptionis
1044 1118 1263 1170 dupliciter

235 1195 432 1233 naturam
451 1192 592 1233 infecit
611 1192 844 1232 humanam
866 1190 1048 1231 :scilicet
1062 1190 1263 1241 ignoran-

234 1263 312 1313 tia,
337 1265 549 1312 mentem;
578 1265 618 1303 et
647 1261 1002 1314 concupiscentia,
1027 1273 1212 1301 carnem.
1236 1275 1255 1298 ›>

234 1333 291 1374 De
309 1334 360 1373 iis
379 1334 544 1374 duobus
562 1333 607 1373 in
627 1332 790 1374 Psalmo
809 1332 859 1384 (a)
883 1336 896 1357 1
916 1346 924 1372 :
945 1331 1173 1383 Dereliquit
1193 1343 1261 1372 me

231 1404 368 1446 virtus
385 1416 494 1455 mea,
513 1406 555 1444 et
574 1403 719 1444 lumen
736 1403 958 1443 oculorum
978 1413 1171 1442 meorum
1183 1433 1194 1451 ,
1219 1404 1260 1442 et

230 1475 375 1527 ipsum
406 1486 494 1515 non
527 1476 590 1515 est
621 1486 802 1515 mecum.
829 1487 848 1510 ›>
885 1473 935 1513 Et
963 1473 1007 1513 in
1039 1473 1191 1515 Ea'odo
1212 1474 1259 1513 ⁵:

236 1562 255 1586 (ι
276 1546 411 1587 Factae
446 1548 544 1586 sunt
582 1547 768 1586 tenebrae
804 1545 1027 1586 horribiles
1076 1546 1119 1585 in
1158 1545 1256 1586 uni-

230 1627 353 1658 versa
369 1618 482 1656 terra
506 1615 681 1668 AEgypti
703 1616 838 1656 tribus
857 1616 1018 1656 diebus.
1040 1616 1172 1656 Nemo
1193 1616 1257 1656 vi-

231 1686 292 1726 dit
322 1686 494 1727 fratrem
526 1697 673 1737 suum,
706 1697 784 1726 nec
816 1686 949 1727 movit
982 1686 1032 1726 de
1066 1686 1177 1737 loco,
1213 1686 1258 1726 in

101 1773 211 1798 Domus
230 1769 316 1810 quo
334 1759 437 1798 erat.
459 1770 478 1793 »
504 1756 680 1806 Domus,
715 1757 760 1796 in
788 1768 872 1809 qua
899 1757 947 1796 fit
976 1757 1159 1807 curatio,
1195 1760 1258 1797 est

71 1813 99 1838 in
111 1820 166 1846 qua
182 1813 200 1838 fi

80 1853 201 1888 curatio,

71 1897 115 1921 est
155 1897 208 1922 Ec-

70 1935 168 1962 clesia.

76 2899 195 2927 Curand

66 2941 180 2969 modus.

202 1814 213 1839 ᾗ
232 1829 424 1880 Ecclesia,
445 1829 496 1870 de
513 1841 597 1882 qua
612 1828 765 1869 dicitur
785 1832 798 1854 ⁶
821 1842 830 1868 :
851 1843 870 1866 α
890 1827 1103 1881 Sapientia
1122 1829 1258 1870 aedifi-

230 1900 340 1942 cavit
371 1899 450 1940 sibi
485 1900 682 1950 domum,
719 1899 872 1940 excidit
909 1899 1126 1941 columnas
1160 1913 1256 1953 sep-

228 1973 371 2012 tem.»
404 1970 479 2011 11ae
505 1970 715 2011 columnae
746 1973 930 2022 septem,
966 1973 1065 2011 sunt
1095 1973 1255 2024 septem

227 2043 502 2082 sacramenta.
525 2040 660 2093 HuJus
675 2040 828 2080 domus
854 2041 986 2092 J‘anua
1022 2043 1083 2081 est
1113 2054 1255 2082 sacer-

226 2112 374 2153 dotalis
392 2114 594 2165 potestas,
631 2112 753 2163 cujus
783 2111 998 2163 potestatis
1028 2113 1254 2153 auctoritas

225 2184 381 2225 residet
399 2195 528 2237 penes
549 2183 739 2224 Petrum.
777 2181 946 2223 Unde⁷:
983 2197 1002 2221 «
1022 2182 1115 2223 Tibi
1146 2183 1253 2225 dabo

226 2250 364 2293 claves
402 2251 526 2303 regni
574 2250 793 2291 coelorum.
824 2264 843 2288 n
881 2250 981 2291 Haec
1017 2251 1169 2303 Janua,
1218 2252 1254 2291 si

226 2322 396 2375 quando
415 2321 616 2374 impletur
635 2321 772 2361 turbis
799 2323 1065 2361 terrenarum
1098 2322 1252 2362 sollici-

225 2393 440 2443 tudinum,
455 2394 557 2433 tune
572 2404 658 2432 non
677 2392 837 2444 praebet
851 2392 1011 2432 aditum
1026 2393 1077 2433 ad
1090 2393 1249 2444 Jesum,

226 2464 326 2515 quia
356 2474 442 2503 non
477 2465 628 2503 curant
662 2463 799 2502 turbae
831 2462 914 2503 111ae
949 2463 999 2503 de
1030 2464 1252 2505 animabus

225 2545 322 2586 quae
340 2536 438 2574 sunt
459 2532 626 2583 Christi,
651 2533 721 2573 sed
741 2533 791 2573 de
813 2534 1076 2585 promotione
1093 2535 1251 2588 proprii

225 2602 492 2644 commodi⁸:
531 2617 549 2641 α
570 2602 723 2644 Omnes
756 2616 853 2656 quae
886 2616 962 2644 sua
994 2607 1105 2653 sunt,
1132 2617 1251 2657 quae-

224 2677 350 2724 runt,
373 2686 459 2715 non
494 2686 590 2727 quae
620 2678 717 2716 sunt
747 2675 844 2716 Jesu
875 2675 1080 2716 Christi.»
1105 2677 1251 2719 Modus

225 2745 400 2785 curandi
419 2747 480 2785 est
496 2757 571 2797 per
590 2745 776 2786 alienum
802 2747 1081 2798 suffragium,
1117 2751 1157 2789 et
1182 2749 1251 2789 do-

225 2815 432 2856 minicum
464 2816 715 2868 imperium;
748 2818 885 2869 quoad
909 2819 1168 2860 curationem
1198 2821 1249 2860 ab

196 2886 438 2938 ioriginali,
470 2887 684 2927 concurrit
715 2887 851 2928 virtus
883 2889 1033 2930 alienae
1064 2891 1174 2941 fidei,
1209 2893 1250 2931 et

225 2956 362 2997 virtus
380 2956 579 2997 dominici
599 2958 865 2998 sacramenti.
883 2958 998 2999 Unde
1017 2962 1249 3012 portatores

225 3026 448 3077 designant
467 3030 742 3078 susceptores,
764 3029 836 3081 qui
851 3029 1049 3070 afferunt.
1066 3030 1205 3073 Isaias
1216 3035 1247 3072 ⁹:

230 3111 250 3134 c(
266 3097 454 3138 Afferent
471 3099 580 3139 filios
597 3101 693 3140 tuos
712 3100 756 3140 in
775 3100 887 3140 ulnis
901 3133 910 3151 ,
947 3104 988 3141 et
1013 3102 1120 3142 filias
1154 3105 1247 3144 tuas

225 3179 350 3219 super
369 3168 570 3210 humeros
589 3171 835 3222 portabunt.
857 3185 876 3208 »
911 3171 1101 3212 Christus
1128 3185 1243 3225 vero,

223 3237 400 3290 imperio
436 3250 610 3292 sanans,
651 3240 847 3291 designat
875 3243 1125 3283 sacramenti
1158 3243 1246 3283 offi-

266 3321 277 3341 1
302 3319 390 3359 Tob„
410 3327 441 3359 V,
470 3323 519 3352 12.
539 3337 579 3345 —-
603 3323 617 3343 ²
633 3323 737 3363 Rom,
762 3332 822 3365 Vll,
844 3327 895 3356 18.
917 3343 952 3347 -
975 3325 1107 3365 ³1bid.,
1133 3327 1184 3357 23.
1204 3344 1245 3350 —

223 3367 234 3386 ⁴
255 3366 346 3399 Psal.
363 3374 495 3407 xxxvn,
517 3370 566 3400 10.
584 3386 625 3392 —
643 3371 655 3392 5
669 3371 789 3410 Exod„
810 3379 842 3411 X,
860 3375 910 3405 22.
930 3390 970 3395 —
989 3373 1001 3394 ὅ
1015 3374 1130 3413 Proin,
1149 3381 1243 3413 xxxv,

224 3415 254 3446 3.
277 3430 317 3436 —
341 3414 351 3433 ⁷
370 3413 505 3451 matth„
524 3421 597 3454 XVI,
616 3418 665 3448 18.
684 3434 725 3440 —
745 3420 756 3437 ⁸
774 3418 914 3458 Philip„
935 3427 979 3459 ιι,
1003 3422 1054 3450 21.
1074 3437 1113 3443 -
1133 3420 1146 3441 9
1166 3420 1243 3460 isa„

222 3468 324 3501 XLIX,
350 3462 400 3493 22.
424 3477 465 3484 -
494 3461 518 3482 ¹⁰
541 3462 628 3501 Act„
654 3471 698 3503 11,
725 3466 775 3496 38.
803 3481 844 3488 —-
872 3467 897 3488 1¹
928 3466 1026 3506 thid„
1055 3474 1123 3507 xii,
1153 3468 1182 3499 7.
1204 3483 1244 3490 -—

2284 192 2361 231 345

1339 274 1470 327 cium,
1492 287 1567 328 per
1597 275 1710 328 quod
1742 275 1790 315 fit
1834 274 2025 315 remissio
2063 275 2224 327 culpae,
2264 289 2362 317 cum

1338 346 1491 387 dicitur
1546 360 1555 386 ε
1598 346 1882 388 Remittuntar
1932 345 2013 387 tibi
2060 350 2229 397 peccata
2271 349 2358 388 tua.

1340 417 1368 438 ¹⁹
1393 432 1412 455 «
1431 416 1670 470 Baptizetur
1692 415 1988 469 unusquisque
2004 418 2195 457 vestrum
2215 416 2259 456 in
2283 428 2360 456 no-

1337 487 1450 528 mine
1468 488 1566 528 Jesu
1592 488 1744 529 Christi
1773 488 1819 527 in
1849 486 2140 527 remissionem
2168 489 2358 538 peccato-

1336 568 1448 597 rum.
1471 571 1490 595 ))
1517 557 1633 598 Unde
1653 558 1843 610 sequitur
1862 557 2043 610 perfecta
2060 556 2220 596 curatio
2234 587 2246 606 ,
2269 556 2327 596 ibi
2349 571 2358 597 ι

1338 627 1467 680 Surae
1485 631 1524 670 et
1545 627 1637 669 tolle
1660 628 1810 670 lectum
1829 633 1961 678 taum,
1985 629 2063 667 etc.
2085 627 2277 678 Angelus
2296 626 2362 667 di-

1335 697 1398 737 xit
1429 698 1481 738 ad
1509 698 1682 738 Petrum
1703 700 1915 750 Jacentem
1934 697 1978 737 in
2008 697 2280 750 compedibus
2299 698 2325 719 ¹¹
2349 711 2359 738 ε

1341 767 1511 820 «Surge
1525 768 1736 809 velociter.
1753 768 1801 808 Et
1816 768 2032 808 confestim
2044 768 2285 809 ceciderunt
2296 780 2361 808 ca-

1334 841 1444 880 tenae
1456 840 1507 881 de
1519 840 1716 880 manibus
1733 841 1862 892 eJus.»
1878 840 2022 892 Sarae,
2041 839 2084 880 id
2098 842 2173 889 est,
2192 851 2361 880 sursum

1334 914 1375 951 te
1394 910 1512 963 erige
1525 911 1579 951 ad
1591 910 1821 954 videndum
1836 910 1996 960 lumen,
2010 912 2153 950 contra
2164 910 2362 961 ignoran-

1333 981 1436 1021 tiam
1452 982 1480 1006 12
1495 981 1686 1032 :«Surge
1697 980 1770 1033 qui
1787 979 1957 1030 dormis,
1975 981 2014 1019 et
2029 991 2190 1030 exurge
2210 992 2234 1019 a
2254 992 2363 1020 mor-

1334 1051 1743 1102 tuis,etilluminabit
1754 1053 1793 1091 te
1803 1050 2030 1091 Christus»
2038 1050 2179 1092 Isaias
2190 1050 2258 1092 ¹³.·(‹
2272 1049 2365 1091 Sur-

1336 1135 1405 1174 ge,
1420 1123 1677 1172 illuminare,
1690 1121 1967 1172 Hierusalem,
1981 1121 2080 1173 quia
2090 1121 2206 1161 venit
2216 1121 2363 1161 lumen

1332 1196 1510 1234 tuum.»
1541 1193 1650 1235 Tolle
1669 1192 1825 1234 lectam
1845 1194 1964 1233 tuum
1980 1223 1991 1242 ,
2014 1193 2157 1231 contra
2181 1191 2363 1230 infirmi-

1332 1265 1528 1304 tatemst:
1556 1278 1574 1301 α
1593 1263 1740 1305 Venite
1761 1263 1813 1303 ad
1834 1274 1901 1302 me
1922 1273 2083 1312 omneS,
2106 1261 2179 1314 qui
2196 1262 2360 1302 labora-

1333 1333 1405 1383 tis,
1427 1348 1446 1371 »
1484 1336 1562 1373 etc.
1595 1334 1650 1375 Ec
1677 1333 1870 1382 ambula,
1903 1335 2046 1372 contra
2070 1331 2275 1372 malitiam
2295 1333 2323 1357 ¹⁵
2348 1345 2360 1372 :

1339 1419 1358 1442 c<
1378 1404 1562 1444 Ambula
1579 1415 1720 1443 coram
1742 1415 1824 1452 me,
1846 1405 1887 1442 et
1905 1405 1992 1442 esto
2015 1402 2235 1454 perfectus.
2257 1416 2276 1439 »
2300 1402 2363 1442 Ad

1331 1474 1532 1526 Ephesios
1553 1474 1580 1497 ¹⁶
1595 1488 1610 1515 .·
1636 1487 1654 1511 α
1673 1472 1897 1514 Ambulate
1921 1472 1967 1512 in
1987 1472 2207 1512 dilectione
2222 1503 2232 1520 ,
2258 1472 2365 1512 sicut

1331 1547 1372 1584 et
1391 1543 1578 1585 Christus
1597 1544 1743 1584 dilexit
1762 1555 1878 1593 nos,»
1901 1545 1977 1583 etc.
2002 1542 2119 1584 Vade
2137 1543 2185 1584 in
2196 1542 2365 1584 domum

1331 1618 1466 1665 taam,
1490 1617 1634 1655 contra
1653 1613 2012 1667 concupiscentias
2028 1613 2081 1652 1⁷:
2106 1627 2125 1651 α
2145 1612 2364 1653 Praecurre

1330 1688 1473 1725 autem
1494 1685 1609 1737 prior
1628 1684 1673 1724 in
1692 1685 1866 1725 domum
1893 1687 2033 1734 tuam,
2068 1685 2109 1724 et
2141 1683 2226 1724 illic
2257 1695 2361 1724 avo·

1331 1768 1438 1805 care,
1460 1759 1501 1796 et
1518 1755 1601 1795 illic
1619 1755 1717 1796 lude
1731 1788 1741 1806 ,
1765 1757 1806 1796 et
1822 1767 1905 1806 age
1923 1755 2213 1807 conceptiones
2243 1757 2358 1804 tuas,

1330 1829 1370 1867 et
1390 1838 1476 1866 non
1495 1826 1538 1865 in
1555 1825 1714 1866 delictis
1732 1827 1772 1866 et
1793 1825 1922 1867 verbo
1943 1825 2138 1878 superbo.
2161 1841 2179 1863 »
2207 1825 2253 1865 ln
2286 1826 2359 1866 do-

1329 1909 1450 1937 mum
1483 1908 1603 1937 suam
1624 1896 1759 1947 vadit,
1784 1896 1857 1948 qui
1878 1899 1992 1936 amat
2012 1896 2122 1936 bona
2141 1895 2358 1937 interiora.

1331 1967 1556 2019 Sapientia
1583 1967 1610 1989 ¹⁸
1643 1981 1651 2008 :
1678 1966 1876 2007 «Intrans
1908 1966 1951 2006 in
1983 1966 2160 2006 domum
2196 1979 2358 2018 meam,

1329 2039 1624 2091 conquiescam
1657 2049 1755 2078 cum
1786 2037 1881 2087 illa,
1918 2051 1937 2074 n
1973 2040 2051 2077 etc.
2094 2036 2138 2076 In
2185 2037 2360 2079 domum

1328 2110 1523 2161 alienam,
1546 2109 1620 2162 qui
1639 2108 1895 2161 concupiscit
1923 2108 2165 2158 mundana,
2201 2109 2245 2148 in
2276 2109 2360 2150 Ec-

1328 2182 1562 2224 clesiastico
1587 2181 1643 2222 ¹⁹:
1668 2196 1687 2219 «
1711 2179 1804 2221 Vita
1829 2191 2015 2232 nequam
2047 2179 2285 2233 hospitandi
2310 2180 2361 2221 de

1326 2253 1452 2294 domo
1471 2253 1516 2293 in
1533 2254 1724 2301 domum,
1747 2253 1824 2291 etc.
1847 2265 1866 2288 n

1381 2327 1446 2364 027.
1483 2324 1542 2365 Et
1572 2327 1667 2375 post
1697 2322 1781 2364 lzoec
1815 2322 1950 2372 exiit,
1988 2323 2065 2362 etc.
2101 2320 2240 2373 Supra
2270 2321 2360 2372 egIt

1326 2394 1598 2446 Evangelista
1625 2394 1675 2434 de
1705 2393 1926 2434 vocatione
1968 2391 2274 2444 discipulorum
2308 2392 2359 2432 de

1326 2468 1439 2506 statu
1457 2465 1585 2515 licito,
1608 2465 1697 2507 sive
1715 2464 1914 2516 justitiae3
1941 2463 2010 2503 hic
2039 2464 2131 2514 agit
2159 2463 2208 2503 de
2231 2475 2358 2505 voca-

1325 2536 1438 2576 tione
1457 2536 1647 2588 ipsorum
1673 2535 1724 2575 de
1745 2537 1855 2574 statu
1884 2533 2143 2586 periculoso,
2174 2533 2262 2575 sive
2295 2534 2358 2574 in-

1320 2605 1517 2657 Justitiae,
1560 2605 1635 2645 ubi
1682 2604 1885 2653 ostendit,
1932 2603 2147 2655 quomodo
2191 2604 2357 2645 vocavit
2396 2619 2515 2646 vocatio

2378 2660 2507 2686 Matthaei

1325 2676 1572 2717 Matthaeum
1610 2676 1823 2717 sedentem
1865 2675 1918 2715 ad
1956 2675 2178 2715 telonium.
2224 2674 2356 2716 Habet

1305 2759 1308 2760 ⁷
1324 2750 1466 2788 autem
1487 2759 1583 2800 pars
1603 2747 1684 2787 ista
1702 2747 1823 2796 duas,
1843 2746 1887 2785 in
1909 2757 2092 2798 quarum
2109 2744 2246 2797 prima
2265 2746 2356 2796 agit

1324 2819 1374 2859 de
1398 2818 1631 2860 vocationis
1650 2816 1928 2869 perfectione;
1962 2816 2006 2855 in
2037 2816 2219 2856 secunda
2252 2828 2353 2857 vero

1324 2890 1375 2930 de
1393 2892 1642 2931 vocatorum
1660 2887 1941 2928 defensione20
1958 2901 1966 2926 :
1993 2887 2168 2929 Factum
2189 2890 2250 2929 est
2273 2898 2350 2928 aa-

1323 2965 1405 3003 ·Cem
1426 2960 1474 3001 in
1493 2958 1686 3008 sabbato,
1709 2960 1785 2997 etc.
1811 2956 1926 2997 Circa
1945 2957 2177 2998 vocationis
2193 2958 2349 3010 perfec-

1322 3031 1494 3081 tionem,
1518 3029 1849 3070 introducuntur
1870 3027 1950 3067 tria
1967 3039 1977 3067 ε
1997 3028 2184 3080 primum
2204 3030 2266 3068 est
2279 3040 2351 3068 vo-

1323 3102 1432 3143 catio
1441 3103 1724 3154 peccatorum;
1738 3098 1972 3139 secundum
1980 3100 2041 3139 est
2050 3098 2276 3139 confutatio
2283 3109 2350 3138 su-

1321 3172 1566 3225 perborum,
1583 3171 1638 3210 ibi
1657 3170 1710 3222 (v.
1734 3169 1796 3221 30)
1817 3182 1825 3210 :
1842 3170 1900 3211 Et
1914 3169 2231 3211 murmurabant
2246 3167 2350 3208 Pha-

1322 3270 1346 3290 ¹²
1364 3268 1497 3310 Ephesu,
1521 3275 1554 3308 V,
1580 3269 1628 3299 14.
1649 3284 1689 3289 —
1719 3266 1746 3287 ¹³
1774 3266 1851 3303 Im„
1881 3274 1942 3303 Lx,
1972 3269 2000 3298 1.
2028 3283 2063 3288 —-
2094 3266 2117 3286 ¹⁴
2142 3263 2275 3303 Mami„
2298 3271 2345 3303 xl,

1321 3318 1372 3348 28.
1392 3332 1432 3338 -—
1452 3316 1476 3337 1⁵
1498 3315 1592 3354 Gen„
1614 3320 1698 3350 xvir,
1722 3315 1749 3343 1.
1766 3330 1806 3334 ——
1829 3314 1852 3331 ¹⁶
1873 3312 2004 3352 Ephes„
2023 3320 2057 3349 v,
2075 3314 2105 3342 2.
2121 3327 2160 3332 —
2181 3309 2208 3332 17
2224 3309 2345 3348 Esscli„

1319 3371 1436 3403 xxxn,
1459 3365 1508 3394 15.
1531 3379 1565 3384 -—
1589 3361 1610 3379 ¹²⁵
1631 3360 1724 3400 Sap„
1746 3366 1827 3399 vni,
1853 3362 1902 3392 16.
1923 3377 1963 3383 —
1983 3360 2008 3381 1⁹
2028 3358 2146 3397 Ereti„
2167 3364 2269 3395 xxix,
2292 3358 2342 3398 31.

1319 3428 1358 3436 -
1377 3410 1403 3432 ²⁰
1422 3409 1524 3448 Infra,
1544 3414 1590 3447 VJ,
1613 3410 1641 3439 1.

1363 3467 1403 3506 (a)
1427 3465 1507 3497 Caet.
1527 3463 1607 3495 edit.
1630 3461 1814 3494 psalmista,
