2634 3853
977 165 1249 208 EXPOSITIO
1278 166 1331 207 IN
1362 167 1476 208 CAP.
1507 169 1554 209 V.

213 263 435 305 civitatem.
470 258 576 300 Nam
615 258 770 299 dicitur
796 258 807 279 ¹
842 257 892 297 de
922 255 1002 296 hoc
1038 255 1229 307 leproso,

213 333 324 386 quod
354 329 517 370 curavit
553 340 651 368 eum
687 328 733 367 in
762 327 964 368 descensu
995 326 1045 366 de
1074 327 1230 365 monte.

215 401 329 443 Unde
346 401 481 452 potest
499 398 568 438 hic
593 398 744 450 accipi,
768 397 874 437 sicut
901 396 1011 436 infra
1029 397 1043 417 ²
1065 409 1073 436 :
1104 410 1123 433 ((
1142 395 1234 436 Νο11

213 470 323 523 capit
341 469 589 521 prophetam
614 468 753 520 perire
779 469 899 507 extra
922 465 1155 506 Jerusalem
1180 480 1188 506 :
1212 481 1231 503 »

213 540 326 593 quia,
361 539 468 579 sicut
487 539 637 579 dicitur
662 538 713 578 ad
732 537 926 579 Hebroeos
947 539 961 561 ³
975 568 985 586 ,
1012 551 1030 574 ((
1047 536 1234 577 Christus

212 614 332 652 extra
344 613 508 663 portam
522 620 669 662 passus
680 610 754 650 est.
768 623 787 646 »
805 607 904 649 Erat
917 607 1045 647 etiam
1059 607 1235 647 morbus

211 684 467 735 perpetuus;
488 681 602 722 unde
621 682 661 721 et
679 679 822 721 subdit
843 693 852 719 ε
875 679 977 719 Ecce
998 678 1067 719 vir
1083 676 1236 729 plenus

212 753 329 805 lepra
346 783 355 801 ‚
379 764 474 805 quae
495 754 557 792 est
575 750 798 791 infirmitas
816 748 1060 790 incurabilis
1075 780 1085 799 ‚
1105 748 1237 789 maxi-

212 836 281 864 me
311 835 409 864 cum
432 826 494 864 est
513 823 712 864 radicata.
744 821 862 862 Unde
891 822 1054 873 poterat
1080 819 1118 860 ei
1139 831 1237 860 con-

212 893 359 933 venire
378 893 482 934 illud
500 894 626 935 Isaioe
643 893 658 918 ⁸
679 906 687 932 :
715 906 734 930 «
751 891 788 932 A
807 891 949 944 planta
963 889 1082 942 pedis
1101 901 1236 942 usque

212 963 265 1004 ad
283 963 482 1005 verticem
511 975 598 1004 non
626 965 688 1003 est
706 962 750 1002 in
770 973 819 1002 eo
839 961 1010 1001 sanitas.
1032 975 1052 998 »
1078 959 1237 1000 Similis

213 1034 339 1074 etiam
370 1035 459 1074 erat
488 1033 592 1084 Job,
622 1033 672 1074 de
702 1045 786 1086 quo
815 1032 968 1073 dicitur
994 1034 1007 1056 ¹⁵
1030 1045 1039 1071 t
1070 1029 1238 1070 «Satan

213 1105 418 1158 percussit
436 1104 456 1146 J
460 1104 512 1144 ob
533 1104 673 1145 ulcere
693 1103 895 1156 pessimo,
920 1114 945 1142 a
963 1102 1106 1154 planta
1121 1099 1238 1152 pedis

215 1188 352 1228 usque
371 1175 574 1216 verticem
599 1175 718 1226 ejus,
750 1173 825 1226 qui
850 1175 957 1213 testa
986 1171 1148 1212 saniem
1168 1182 1236 1210 ra-

214 1246 350 1286 debat.
371 1259 390 1283 11
490 1288 493 1291 ¹

268 1315 459 1356 Secundo
488 1328 589 1357 vero
620 1316 861 1356 insinuatur
892 1311 1239 1354 commendabilis

213 1385 380 1426 devotio
415 1385 565 1437 leprosi
593 1417 603 1436 ‚
639 1398 736 1426 cum
770 1385 923 1426 dicitur
953 1398 962 1424 z
994 1384 1050 1425 Ec
1087 1382 1240 1424 videns

213 1456 356 1498 Jesum
371 1487 384 1506 ,
409 1456 508 1508 quia
527 1455 709 1497 videndo
742 1454 931 1496 adoravit
957 1456 997 1494 et
1026 1453 1240 1494 collauda-

214 1526 288 1567 vit.
316 1526 518 1567 Adoravit
536 1526 659 1578 signo
673 1558 685 1576 ‚
709 1538 807 1567 cum
833 1525 891 1566 ait
912 1537 923 1565 z
945 1525 999 1566 Ec
1014 1523 1241 1576 procidens

215 1598 264 1638 in
291 1597 443 1647 faciem
465 1606 613 1647 suam,
642 1596 755 1648 quod
785 1599 848 1636 est
875 1595 1163 1644 adorantium,
1191 1596 1241 1635 ut

216 1667 259 1707 in
280 1667 445 1709 Psalmo
479 1667 492 1689 ⁶
516 1681 524 1707 ε
554 1666 759 1716 «Venite,
782 1666 1006 1707 adoremus
1036 1668 1077 1705 et
1103 1665 1242 1717 proci-

216 1738 380 1787 damus,
406 1752 424 1775 »
447 1739 524 1778 etc.
545 1736 595 1777 Et
613 1736 692 1777 hoc
711 1736 952 1789 requirebat
980 1735 1172 1776 diabolus
1191 1739 1204 1760 ⁷
1228 1748 1236 1774 :

221 1824 241 1847 «
267 1808 366 1849 Haec
384 1808 527 1849 omnia
556 1808 632 1848 tibi
660 1807 791 1857 dabo,
820 1807 856 1847 si
876 1806 1026 1847 cadens
1046 1806 1244 1847 adorave-

216 1879 275 1919 ris
294 1891 377 1919 me.
397 1888 417 1918 11
442 1878 558 1919 Unde
587 1878 668 1919 hoc
698 1878 822 1929 signo
852 1877 1064 1929 professus
1092 1878 1155 1917 est
1177 1876 1239 1929 ip-

217 1963 313 1991 sum
327 1963 414 1992 esse
433 1950 588 1991 Filium
608 1948 679 1990 Dei
692 1981 702 1998 ‚
724 1948 832 1989 sicut
851 1947 921 1988 ille
940 1959 1076 1987 caecus
1093 1947 1143 1987 de
1158 1958 1242 1999 quo

217 2021 259 2061 in
268 2023 430 2063 Joanne
441 2021 491 2074 (al
503 2020 516 2042 ⁸
534 2035 572 2062 ;((
585 2019 649 2061 Tu
663 2020 795 2060 credis
806 2020 850 2059 in
860 2018 1015 2058 Filium
1029 2017 1128 2058 Dei?
1144 2017 1244 2066 Quis

218 2094 300 2141 est,
323 2105 342 2129 11
367 2094 446 2132 θῖο.
480 2091 530 2131 Et
563 2093 656 2143 post
686 2090 905 2142 sequitur:
937 2104 956 2127 ((
988 2088 1139 2138 Credo,
1161 2088 1241 2128 Do-

217 2162 345 2202 mine.
366 2161 418 2203 Et
434 2161 653 2214 procidens
672 2161 861 2202 adoravit
880 2172 993 2201 eum.
1015 2173 1034 2197 11
1061 2158 1110 2200 Εῖ
1129 2161 1242 2208 nota,

217 2233 330 2285 quod
350 2233 502 2273 dicitur
520 2232 746 2285 procidisse
770 2231 815 2271 in
833 2230 982 2271 faciem
999 2261 1010 2280 ,
1037 2228 1152 2281 quod
1182 2231 1245 2268 θεῖ

217 2304 380 2344 bonum
399 2303 574 2355 signum
589 2334 599 2354 ‚
621 2303 729 2343 sicut
756 2301 909 2342 dicitur
927 2304 941 2326 ⁹
964 2300 1014 2341 de
1045 2301 1187 2352 Moyse
1205 2301 1245 2339 et

219 2374 358 2414 Aaron
379 2373 493 2426 quod
519 2387 538 2411 <‹
557 2372 810 2413 corruerunt
826 2370 948 2423 proni
968 2370 1012 2409 in
1030 2372 1203 2409 terram.
1218 2382 1237 2405 11

219 2444 311 2485 Νο11
331 2443 439 2483 sicut
464 2442 578 2494 Heli,
601 2443 675 2495 qui
698 2443 727 2468 ¹⁰
755 2440 939 2481 «cecidit
970 2440 1021 2480 de
1049 2439 1150 2480 sella
1172 2451 1244 2480 re-

220 2516 404 2554 trorsum
425 2544 435 2564 ,
457 2527 476 2551 11
493 2515 570 2553 etc.
590 2511 849 2554 Collaudavit
874 2510 1001 2551 etiam
1035 2509 1123 2550 sive
1144 2521 1243 2561 pro-

220 2583 351 2623 fessus
381 2584 442 2623 est
475 2582 624 2634 verbo,
661 2582 774 2634 quod
800 2583 986 2630 notatur,
1020 2591 1118 2620 cum
1152 2579 1245 2619 sub-

219 2653 331 2693 ditur
353 2666 363 2693 :
384 2654 586 2703 Domine,
607 2653 646 2694 si
666 2653 758 2703 vis,
784 2655 902 2704 potes
931 2661 993 2692 me
1020 2649 1241 2691 mundare.

220 2724 268 2765 111
305 2724 412 2776 1100,
443 2724 555 2776 quod
586 2725 739 2775 rogat,
773 2722 960 2764 insinuat
985 2720 1242 2773 largitatem.

218 2795 291 2838 Job
312 2795 339 2817 ¹¹
358 2809 367 2836 :
396 2809 416 2834 «
435 2794 623 2847 Rogabis
641 2806 740 2835 eum
756 2824 766 2843 ‚
787 2795 828 2834 et
853 2792 1050 2834 exaudiet
1077 2794 1131 2832 te.
1154 2805 1173 2829 11
1199 2791 1246 2832 111

218 2866 299 2907 hoc
327 2866 440 2919 quod
466 2865 564 2906 dicit
586 2877 596 2906 ε
616 2865 818 2914 Domine,
847 2863 1034 2904 insinuat
1055 2862 1246 2914 dignita-

219 2938 320 2977 tem.
359 2936 512 2979 Esther
531 2937 560 2961 ¹²
589 2950 598 2978 :
639 2934 878 2985 «Domine,
912 2933 957 2973 in
985 2932 1144 2973 ditione
1171 2934 1247 2973 tua

221 3009 372 3047 cuncta
402 3009 502 3048 sunt
529 3006 679 3059 posita.
710 3020 729 3044 11
763 3005 811 3046 111
829 3005 932 3056 hoe,
956 3003 1069 3056 quod
1098 3002 1242 3043 addit:

221 3076 343 3118 Potes
361 3088 422 3118 me
441 3077 647 3120 mundare
662 3108 674 3128 ,
697 3075 886 3116 insinuat
916 3073 1116 3127 potentiae
1145 3073 1244 3112 faci--

221 3145 382 3187 litatem
395 3148 422 3170 ¹³
441 3162 451 3189 ι
468 3163 488 3188 ((
507 3148 660 3189 Subest
677 3147 791 3188 enim
809 3145 898 3196 tibi,
922 3157 1021 3185 cum
1040 3143 1243 3194 volueris,

269 3247 277 3268 ¹
304 3246 439 3286 Matth„
460 3255 534 3287 vm,
560 3252 589 3289 1,
616 3249 647 3279 2.
668 3265 708 3271 —
727 3248 738 3266 ²
770 3246 845 3287 lnf„
866 3253 943 3283 x111,
968 3245 1020 3276 33.
1038 3260 1079 3267 —
1103 3244 1114 3262 ³
1133 3243 1247 3282 Helm,

224 3302 301 3332 xm,
324 3295 373 3325 12.
396 3311 431 3315 —-
460 3295 473 3316 ⁸
498 3296 576 3332 Isa.,
605 3303 629 3333 1,
650 3296 680 3326 6.
700 3312 741 3317 -—
760 3294 773 3316 ⁵
794 3293 868 3330 Job,
888 3300 927 3331 11,
954 3293 985 3331 7,
1009 3293 1038 3322 8.
1062 3307 1102 3313 -
1125 3290 1136 3308 ⁶
1157 3290 1246 3320 Psal.

224 3348 316 3379 xcw,
339 3342 370 3372 6.
392 3357 429 3363 -
448 3341 461 3362 '¹
481 3341 615 3382 Matth„
637 3349 683 3382 iv,
703 3343 734 3373 9.
760 3357 800 3363 —
826 3340 837 3358 ⁸
861 3340 967 3375 Jozm„
993 3345 1051 3378 ix,
1074 3338 1182 3369 35-38.
1208 3353 1245 3361 -—

223 3387 366 3426 ⁹Num.,
386 3394 445 3429 xx,
466 3389 497 3419 6.
512 3404 550 3412 —
563 3388 591 3412 10
608 3388 621 3419 l
640 3389 730 3429 Re9.,
753 3394 800 3428 iv,
816 3387 869 3419 18.
889 3403 926 3410 —
953 3386 976 3404 ¹¹
995 3384 1067 3424 Job,
1083 3392 1171 3425 xxn,
1192 3384 1247 3417 27.

225 3453 264 3462 —
279 3436 305 3458 ¹²
324 3434 433 3475 Esth„
453 3442 530 3475 xm,
555 3436 586 3467 9.
604 3435 688 3459 -13
702 3436 795 3476 Sap„
818 3442 882 3474 xil,
904 3435 953 3465 18.
974 3449 1015 3456 —
1034 3432 1057 3454 ¹¹·
1078 3431 1152 3471 Job,
1172 3439 1241 3470 xlv,

2253 178 2328 217 335

1310 267 1444 308 posse.
1473 269 1493 294 »
1518 256 1568 297 Et
1593 257 1672 298 hoc
1703 261 1788 310 est,
1811 259 1923 312 quod
1955 260 2116 300 dicebat
2145 262 2222 302 Job
2250 262 2329 303 Do-

1310 327 1425 366 mino
1455 326 1484 349 ¹⁴
1515 341 1524 368 z
1553 327 1689 377 «Quis
1715 333 1848 382 potest
1876 330 2010 371 facere
2044 331 2251 372 mundum
2282 333 2333 373 de

1309 396 1531 439 immundo
1550 403 1798 452 conceptum
1824 401 1984 441 semine
1997 401 2016 440 ἱ)
2037 413 2177 442 11011110
2195 404 2241 442 tu
2261 403 2335 454 qui

1310 468 1426 509 solus
1455 471 1529 510 es?
1548 485 1566 508 11
1593 471 1643 512 Εῖ
1665 473 1757 514 ideo
1789 475 1952 525 poterat
1972 473 2108 513 dicere
2131 474 2159 498 ¹5
2180 487 2188 513 ε
2219 487 2237 510 ((
2258 473 2336 513 As-

1310 551 1463 590 perges
1493 553 1584 591 me,
1615 542 1788 583 Domine
1809 575 1818 594 ,
1842 544 2026 596 hyssopo
2045 575 2057 594 ,
2089 546 2129 584 et
2154 544 2334 584 munda—

1311 609 1411 658 bor,
1436 624 1455 647 »
1481 613 1558 651 etc.

1363 678 1502 720 Tertio
1526 681 1721 723 subditur
1746 684 2004 724 admirabilis
2031 683 2218 736 operatio
2246 696 2336 724 me-

1311 749 1413 799 dici,
1435 762 1534 791 cum
1553 751 1705 793 dicitur
1727 767 1735 794 :
1760 755 2007 797 Eoecendens
2027 766 2221 805 manum,
2245 756 2340 797 teti-

1311 820 1377 871 qii
1395 831 1501 872 eum,
1523 821 1687 875 dicens,
1715 827 1814 865 etc.:
1844 837 1941 877 quae
1969 826 2142 877 quidem
2168 826 2248 866 fuit
2273 825 2341 866 ad-

1312 891 1538 943 mirabilis,
1589 897 1682 935 tum
1730 895 1893 935 ratione
1942 895 2175 936 clementiae
2191 928 2202 946 ,
2248 899 2339 936 tum

1312 962 1474 1004 ratione
1509 965 1729 1017 potentiae,
1769 968 1862 1005 tum
1897 965 2059 1005 ratione
2090 965 2338 1005 efficientiae.

1314 1032 1488 1086 Propter
1508 1035 1773 1075 clementiam
1798 1036 1896 1076 dicit
1918 1049 1926 1075 :
1966 1035 2115 1087 Tetiqii
2140 1046 2264 1085 cunm
2292 1034 2343 1074 li-

1313 1105 1377 1144 cet
1407 1105 1520 1145 enim
1550 1108 1690 1158 posset
1721 1118 1870 1147 curare
1896 1105 1984 1146 solo
2013 1105 2165 1156 verbo,
2195 1104 2343 1145 maluit

1313 1176 1512 1226 tangere,
1535 1179 1582 1217 ut
1601 1177 1836 1218 ostenderet
1861 1188 1982 1217 suam
2016 1176 2340 1228 benignitatem.

1314 1246 1432 1287 Unde
1452 1247 1494 1287 in
1515 1248 1752 1290 Proverbiis
1772 1248 1801 1270 ¹⁶
1822 1262 1831 1289 ι
1857 1263 1876 1287 ((
1896 1247 2069 1288 Manum
2100 1260 2222 1287 suam
2243 1259 2341 1300 ape·-

1315 1319 1386 1356 rut
1404 1318 1537 1369 inopi.
1561 1332 1579 1355 11
1606 1317 1722 1358 Unde
1734 1319 1826 1370 jam
1846 1329 1931 1358 non
1950 1319 2113 1369 poterat
2129 1317 2196 1357 hic
2224 1329 2342 1357 mur-

1315 1398 1488 1427 murare
1516 1387 1567 1427 de
1599 1387 1785 1438 Christo,
1820 1387 1929 1427 sicut
1962 1386 2151 1428 Naaman
2182 1387 2233 1427 de
2262 1387 2345 1427 Eli-

1316 1469 1401 1497 saeo
1442 1456 1468 1478 ¹⁷
1504 1471 1513 1497 ε
1543 1457 1802 1508 «Putabam,
1838 1457 1952 1510 quod
1986 1457 2262 1509 egrederetur
2294 1457 2346 1496 ad

1316 1539 1410 1577 me;
1433 1542 1451 1565 11
1486 1531 1527 1568 et
1555 1531 1726 1580 postea:
1761 1527 1852 1569 «Et
1878 1531 2076 1579 tangeret
2109 1539 2240 1567 manu
2271 1539 2347 1567 sua

1316 1597 1458 1638 locum
1476 1598 1621 1651 leprae,
1643 1602 1684 1639 et
1700 1600 1866 1639 curaret
1879 1610 1962 1639 me.
1985 1613 2004 1637 »
2031 1598 2111 1639 Sed
2131 1600 2240 1638 certe
2261 1609 2346 1637 non

1317 1672 1378 1710 est
1404 1670 1691 1722 repugnantia
1719 1670 1941 1722 Prophetae
1968 1672 2009 1709 et
2034 1669 2225 1719 Domini,
2247 1669 2346 1721 quia

1317 1739 1525 1792 Propheta
1543 1741 1757 1792 subJectus
1779 1742 1867 1780 erat
1891 1739 2003 1792 legi,
2025 1742 2066 1779 et
2090 1739 2183 1779 ideo
2212 1739 2347 1779 noluit

1316 1814 1510 1862 tangere,
1533 1823 1586 1851 ne
1606 1811 1838 1851 secundum
1858 1810 1999 1862 legem
2020 1811 2138 1851 fieret
2157 1810 2344 1850 immun-

1317 1881 1417 1930 dus;
1441 1881 1634 1922 Salvator
1653 1893 1755 1922 vero
1776 1892 1906 1933 supra
1924 1880 2067 1932 legem
2080 1883 2183 1930 erat,
2201 1883 2240 1920 et
2253 1880 2346 1920 ideo

1319 1952 1555 1992 secundum
1574 1951 1715 2002 legem
1736 1950 2053 1991 immunditiam
2071 1963 2159 1990 non
2180 1953 2344 1991 contra-

1318 2022 1468 2072 hebat,
1504 2024 1545 2061 et
1571 2022 1714 2073 legem
1746 2033 1952 2062 evacuare
1977 2023 2165 2073 poterat3
2194 2023 2234 2060 et
2254 2020 2347 2060 ideo

1318 2092 1533 2143 tangebat.
1557 2091 1620 2132 Ad
1652 2091 1958 2131 insinuandum
1987 2103 2088 2132 vero
2116 2090 2345 2143 potentiam

1319 2161 1517 2202 additur:
1553 2162 1711 2203 Dicens
1728 2173 1742 2202 .·
1780 2161 1908 2211 Vol03
1945 2160 2169 2202 mundare.
2197 2160 2244 2200 In
2264 2173 2348 2213 quo

1319 2244 1362 2272 se
1387 2232 1536 2273 asserit
1558 2232 1688 2281 velle,
1718 2234 1758 2272 et
1791 2231 2004 2284 praecipit,
2026 2234 2073 2272 ut
2101 2231 2346 2280 mundetur,

1319 2303 1420 2355 quia
1438 2305 1566 2344 tantae
1582 2307 1645 2344 est
1662 2302 1878 2355 potentiae,
1900 2304 1948 2342 ut
1967 2302 2075 2343 velle
2094 2302 2147 2342 sit
2167 2302 2204 2342 ei
2226 2313 2348 2354 posse

1318 2374 1508 2414 facere.¹⁸
1535 2389 1554 2412 «
1574 2374 1802 2414 Consilium
1823 2386 1968 2414 meum
1990 2373 2129 2423 stabit,
2152 2375 2192 2412 et
2211 2372 2348 2423 omnis

1317 2443 1518 2486 voluntas
1554 2456 1669 2485 meas
1704 2445 1790 2484 fiet.
1823 2458 1842 2481 11
1884 2443 2057 2485 Volebat
2085 2445 2227 2483 autem
2255 2444 2348 2495 ejus

1319 2515 1572 2555 munditiam
1593 2527 1678 2555 non
1699 2517 1786 2555 tam
1806 2514 2084 2567 corporalem,
2107 2526 2237 2567 quam
2258 2513 2346 2566 spi-

1318 2586 1530 2626 ritualem.
1562 2585 1679 2627 Unde
1700 2586 1727 2611 ¹⁹
1751 2600 1759 2626 :
1788 2600 1807 2624 ((
1826 2585 1927 2626 Haec
1954 2588 2017 2626 est
2035 2585 2234 2626 voluntas
2252 2584 2344 2634 Dei,

1320 2656 1595 2697 sanctificatio
1612 2658 1767 2697 vestra.
1788 2669 1808 2693 11
1838 2655 1903 2696 Ad
1923 2655 2225 2696 insinuandum
2245 2667 2348 2696 vero

1319 2727 1549 2768 efficaciam
1579 2726 1751 2768 subdit:
1785 2726 1840 2768 Et
1863 2726 2085 2777 confestim
2110 2726 2225 2778 lepra
2253 2726 2348 2767 dis-

1319 2798 1446 2840 cessit
1464 2797 1515 2840 ab
1541 2798 1637 2848 illo,
1667 2799 1716 2838 ut
1745 2796 1852 2837 nihil
1883 2799 1989 2837 esset
2019 2797 2210 2837 medium
2239 2797 2349 2836 inter

1319 2868 1481 2908 dictum
1500 2871 1540 2908 et
1562 2869 1719 2908 iactum
1750 2867 1779 2888 ²⁰
1801 2880 1810 2907 :
1836 2881 1856 2905 «
1875 2866 1988 2907 Dixit
2006 2866 2141 2918 enim,
2171 2868 2212 2907 et
2241 2866 2347 2907 facta

1320 2941 1433 2979 sunt.
1455 2952 1474 2976 11
1500 2938 1636 2980 Verbo
1655 2937 1791 2989 igitur
1809 2939 1850 2977 et
1868 2938 1981 2977 tactu
2001 2937 2188 2988 curavit,
2211 2939 2258 2977 ut
2276 2949 2346 2978 os-

1319 3008 1508 3049 tenderet
1526 3020 1571 3048 se
1588 3006 1777 3049 Verbum
1800 3017 1972 3046 carnem
1997 3006 2156 3047 factum
2175 3019 2185 3047 z
2218 3008 2347 3048 verbo

1321 3078 1448 3118 etiam
1465 3080 1506 3119 θῖ
1524 3080 1639 3118 tactu
1666 3076 1850 3127 curavit⁷
1882 3079 1932 3116 ut
1955 3079 2122 3117 curaret
2150 3077 2342 3128 interius,

1321 3150 1361 3189 et
1380 3148 1579 3189 exterius.
1602 3147 1718 3188 Unde
1733 3148 1763 3171 2²
1785 3161 1794 3187 :
1826 3161 1844 3185 α
1864 3146 2016 3187 Totum
2039 3146 2257 3188 hominem
2276 3159 2345 3187 sa-

1321 3274 1352 3304 4.
1373 3290 1413 3296 —
1434 3273 1456 3293 ¹⁵
1475 3271 1566 3303 Psal.
1584 3279 1617 3311 L,
1636 3273 1667 3302 9.
1681 3288 1721 3293 ——
1738 3271 1764 3291 1⁶
1777 3271 1887 3308 Prov„
1901 3279 1998 3314 xxxi,
2013 3274 2065 3304 20.
2086 3289 2122 3295 —-
2143 3272 2170 3295 1⁷
2190 3273 2233 3306 IV
2253 3273 2343 3314 Κεφ,

1322 3327 1354 3358 v,
1388 3321 1440 3351 11.
1471 3335 1511 3343 -
1541 3318 1568 3341 1⁸
1593 3319 1674 3359 Isa„
1697 3326 1790 3359 XLw,
1821 3320 1871 3352 20.
1894 3337 1930 3343 —
1950 3320 1977 3343 1⁹
2002 3320 2014 3350 l
2036 3319 2156 3361 leess.,
2180 3327 2227 3361 1v,
2249 3322 2278 3354 3.
2300 3338 2339 3344 —

1319 3366 1349 3389 ²⁰
1366 3365 1458 3398 Psaz.
1478 3373 1593 3408 xxxn,
1612 3367 1642 3398 9.
1665 3383 1706 3390 —
1724 3367 1751 3388 ²¹
1769 3366 1877 3407 Joan„
1893 3374 1956 3407 vn,
1975 3367 2027 3398 23.

1364 3432 1407 3473 (α)
1428 3431 1482 3463 Αἱ.
1502 3433 1662 3464 Joannes.
