2634 3853
996 150 1268 193 EXPOSITIO
1299 151 1351 192 IN
1381 153 1492 194 CAP.
1524 154 1629 196 XlV.

310 237 465 287 Quinta
482 239 544 277 est
562 237 694 277 turris
712 238 898 287 consilii,
924 239 975 279 de
995 251 1079 292 qua
1100 240 1145 279 in
1168 240 1278 280 Can-

257 309 354 349 ticis
371 309 382 329 ¹
406 321 445 348 :a
464 307 599 348 Nasus
619 311 718 349 tuus
732 309 838 348 sicut
857 309 986 349 turris
999 309 1159 360 Libani,
1183 322 1279 362 quae

255 377 424 429 respicit
461 380 606 419 contra
641 379 912 429 Damascum,
944 394 963 416 ›>
1006 379 1107 431 quia
1138 379 1279 420 consi-

255 446 362 488 lium
381 449 443 488 est
462 449 609 489 contra
629 448 801 489 insidias
820 448 994 490 inimici.

309 515 437 557 Sexta
473 519 602 558 turris
638 520 699 559 est
729 517 963 558 intellectus
977 548 989 567 ,
1027 517 1077 557 de
1114 530 1197 570 qua
1216 518 1230 539 ²
1267 532 1275 558 :

266 600 284 624 α
300 585 462 627 Collum
489 590 614 629 tuum
638 588 746 628 sicut
767 588 895 628 turris
920 587 1107 628 eburnea
1136 601 1145 627 ε
1170 587 1280 628 oculi

257 656 320 696 tui
334 657 440 697 sicut
452 658 623 710 piscinae
642 658 686 698 in
706 657 898 698 Hesebon
920 670 930 698 :
953 672 971 695 n
992 657 1067 698 ubi
1085 657 1208 697 datur
1221 657 1282 697 in-

256 726 389 779 telligi
408 728 617 768 munditia
636 728 794 779 cordis,
824 731 864 769 et
883 728 1111 780 limpiditas
1131 727 1281 768 intelli-

259 798 415 849 gentiae
434 798 677 851 spiritualis.

309 868 494 921 Septima
515 872 578 910 est
596 870 724 909 turris
744 869 983 921 sapientiae³
1005 884 1013 909 ε
1044 884 1062 907 (‹
1081 869 1173 921 Ego
1189 881 1281 909 mu-

228 976 231 979 ,
256 952 343 989 ruS,
366 942 406 980 et
430 940 562 980 ubera
581 952 674 980 mea
694 940 799 980 sicut
818 942 960 981 turris.
991 955 1008 978 >³
1047 940 1165 990 Quod
1185 940 1281 980 dici-

255 1013 328 1051 tur
345 1013 513 1063 propter
527 1011 849 1051 consolationem
864 1042 876 1061 ,
893 1023 990 1062 quae
1009 1013 1070 1051 est
1091 1012 1133 1051 in
1150 1012 1281 1063 gustu

255 1080 371 1121 lactis
400 1081 762 1135 uberumdivinse
787 1081 1015 1133 sapientiae.
1042 1081 1280 1133 Antequam

256 1154 397 1192 autem
425 1152 554 1205 hujUs
576 1152 741 1193 aedificii
767 1152 943 1192 altitudo
964 1152 1180 1203 erigatur,
1202 1164 1281 1192 ne-

256 1223 435 1263 cessaria
453 1226 522 1281 θεῖ4
533 1223 753 1263 aedificatio
781 1222 945 1262 aedificii
967 1226 1124 1274 septem
1141 1222 1281 1262 virtu-

255 1297 375 1344 tum,
401 1294 452 1335 de
484 1306 567 1347 qua
594 1295 638 1334 in
666 1293 907 1336 Proverbiis
930 1294 943 1314 ¹⁴
977 1307 985 1333 :
1031 1308 1049 1331 c(
1071 1292 1282 1345 Sapientia

256 1364 475 1405 aedificavit
517 1365 594 1404 sibi
632 1365 806 1404 domum
824 1396 834 1413 ,
874 1363 1026 1403 excidit
1063 1364 1280 1404 columnas

256 1436 464 1486 septem.»
491 1434 628 1486 Hujus
645 1433 811 1474 aedifieii
832 1432 1021 1472 Christus
1047 1436 1110 1473 est
1128 1434 1279 1474 funda-

256 1508 341 1556 tor,
370 1508 412 1546 et
439 1506 785 1555 fundamentum,
821 1507 860 1544 et
891 1504 1246 1556 complementum
1269 1520 1277 1544 z

257 1575 355 1615 huic
374 1578 516 1616 tamen
537 1575 801 1615 aedificationi
830 1575 896 1614 vir
918 1575 1146 1626 spiritualis
1166 1588 1280 1615 com-

257 1647 444 1697 paratur.
467 1644 585 1686 Unde
606 1645 759 1685 dicitur
779 1646 791 1666 ⁵⁵
816 1658 824 1682 :
853 1661 871 1683 «
898 1644 968 1684 Dei
989 1657 1138 1684 sumus
1161 1645 1280 1696 ade-

257 1718 390 1766 tores,
414 1715 487 1756 Dei
516 1716 780 1767 agricultura
810 1716 933 1765 estis,
962 1715 1035 1755 Dei
1064 1715 1282 1755 aedificatio

257 1785 368 1826 estis.
381 1800 400 1823 n
421 1785 566 1827 Omnis
586 1786 659 1838 qui
679 1786 874 1838 proponit
891 1786 943 1825 ad
958 1785 1125 1825 culmen
1145 1785 1282 1825 virtu—

258 1855 310 1896 tis
328 1856 573 1907 ascendere,
595 1856 664 1896 hic
684 1857 775 1898 vult
794 1857 950 1898 turrim
969 1857 1192 1897 aedificare.

312 1926 526 1978 Secundo,
547 1930 756 1980 quantum
785 1928 837 1968 ad
856 1927 1140 1980 provisionem
1163 1927 1282 1966 suffi-

259 1996 404 2038 cientis
423 1998 645 2050 stipendii,
668 1998 809 2039 subdit
832 2012 841 2038 ι
865 1998 957 2039 Non
985 1999 1106 2049 prius
1138 1998 1283 2039 sedens

258 2071 470 2120 computat
500 2071 693 2120 sumptus
728 2069 803 2119 qui
836 2069 1066 2109 necessarii
1094 2073 1213 2118 sunt,
1245 2069 1285 2109 si

259 2138 410 2181 habeat
438 2139 496 2181 acb
521 2138 853 2192 persiciendwn?
885 2137 1037 2178 Sedere
1066 2138 1196 2188 illud,
1226 2141 1286 2178 est

259 2210 522 2251 considerare
565 2211 676 2251 intra
726 2222 769 2250 sc
818 2211 974 2250 secreta
1021 2210 1284 2250 conscientiae

259 2293 349 2322 suae
374 2282 387 2303 ⁶
419 2293 428 2321 :
466 2297 485 2319 α
521 2280 688 2322 Sedebit
720 2280 955 2327 solitariuS,
997 2282 1037 2320 et
1075 2281 1279 2321 tacebit.»

261 2350 525 2404 Computare,
539 2354 601 2392 est
619 2351 851 2404 praevidere
866 2362 940 2403 per
955 2350 1174 2391 sollicitam
1192 2363 1287 2391 con-

261 2423 572 2464 siderationem.
596 2422 714 2464 Unde
734 2423 878 2463 Glossa
894 2424 907 2444 ⁷
931 2437 940 2463 :
976 2438 995 2461 ε(
1016 2422 1147 2464 Omne
1174 2424 1286 2476 quod

261 2494 431 2546 agimus
448 2526 458 2545 ,
480 2494 717 2546 praevenire
736 2505 811 2546 per
840 2493 1028 2533 studium
1049 2493 1286 2534 considera-

260 2563 387 2605 tionis
406 2564 623 2604 dehemus.
645 2578 663 2601 »
687 2563 737 2604 Et
756 2564 835 2603 hoc
856 2564 918 2602 est
937 2562 1050 2615 quod
1070 2563 1221 2603 dicitur
1237 2567 1250 2587 ⁸
1273 2575 1283 2603 ε

268 2650 286 2674 c(
306 2634 425 2675 Oculi
445 2634 507 2674 tui
538 2637 650 2675 recta
678 2633 873 2680 videant,
903 2636 943 2674 et
969 2633 1180 2686 palpebrae
1202 2636 1286 2674 tuae

261 2704 500 2757 praecedant
532 2716 704 2756 gressus
731 2707 842 2744 tuos.
867 2718 886 2741 ))
917 2703 1122 2756 Sumptus
1145 2706 1286 2744 autem

261 2776 487 2817 necessarii
514 2778 612 2816 sunt
631 2775 887 2816 sufficientes
909 2777 1082 2815 conatus
1106 2775 1258 2815 mentis
1274 2807 1284 2826 ‚

214 2867 216 2870 ·
262 2846 416 2898 quibus
436 2845 531 2899 quis
551 2848 798 2898 cooperatur
826 2846 975 2898 gratia}
999 2860 1007 2886 :
1032 2849 1070 2886 1.
1093 2846 1284 2896 viriliter,

263 2916 497 2957 secundum
517 2916 621 2957 illud
642 2917 802 2958 Psalmi
817 2920 831 2940 ⁹
855 2930 863 2956 :
889 2931 908 2954 c<
924 2915 1109 2957 Viriliter
1130 2928 1225 2968 age,
1248 2919 1289 2956 et

263 2986 518 3026 confortetur
534 2998 605 3027 cor
624 2989 760 3037 tuum,
778 2989 819 3027 et
833 2987 993 3027 sustine
1005 2986 1249 3027 Dominum.
1263 3001 1281 3024 ›>

263 3059 303 3096 2.
326 3055 490 3097 Utiliter
510 3057 538 3078 ¹⁰
561 3071 569 3096 :
605 3071 623 3095 «
643 3056 685 3097 Si
705 3056 798 3109 quis
818 3058 960 3096 autem
981 3056 1288 3108 superaedificat

264 3138 391 3180 super
421 3126 747 3167 fundamentum
785 3126 891 3176 hoc,
923 3138 1102 3177 aurum,
1137 3139 1288 3179 argen-

306 3236 315 3256 ¹
338 3235 449 3275 Cant„
471 3243 537 3275 vn,
565 3237 593 3268 4.
621 3253 661 3259 —
683 3236 692 3254 ²
715 3235 797 3266 ibid.
823 3251 862 3256 -
886 3235 899 3255 3
927 3234 1035 3273 Cant„
1065 3241 1146 3272 vni,
1175 3237 1223 3265 10,
1249 3252 1288 3258 —

265 3281 275 3299 ⁴
297 3282 409 3319 Prov„
431 3290 481 3322 1x‚
504 3285 532 3313 1.
553 3299 591 3305 —
611 3284 623 3304 5
646 3283 653 3313 l
679 3283 839 3321 Cor.,111,
860 3283 891 3312 9.
911 3298 951 3304 -
969 3282 980 3299 c.
999 3280 1129 3319 Tho-en„
1150 3288 1212 3320 111,
1236 3283 1288 3313 28.

265 3345 306 3350 —
339 3329 348 3346 ⁷
378 3329 501 3370 Gloss„
532 3338 573 3360 ex
607 3329 703 3370 Bed.‚
736 3330 771 3359 in
798 3329 884 3367 Luc„
923 3327 981 3358 lib.
1015 3328 1070 3366 IV,
1098 3337 1128 3358 c.
1157 3335 1227 3358 Lxl.
1249 3346 1290 3351 -

267 3374 278 3392 ⁸
296 3375 405 3413 Prov.,
431 3382 476 3414 lv,
505 3377 555 3407 15.
579 3393 619 3398 —
646 3376 657 3394 ⁹
676 3375 764 3407 Psal.
784 3382 879 3414 XXVI,
905 3376 955 3405 14.
974 3390 1014 3396 —
1040 3374 1094 3404 ¹01
1120 3373 1209 3413 Cor„
1233 3382 1287 3415 111,

267 3422 318 3451 12.
344 3437 381 3444 -
404 3421 428 3442 ¹¹
455 3420 565 3460 Helm,
594 3429 662 3460 xii,
688 3425 737 3453 15.
761 3439 801 3445 -
832 3421 857 3444 ²²
891 3421 931 3452 ΙΙΙ
962 3421 1049 3460 Βεφ,
1078 3428 1145 3460 vu,
1171 3422 1221 3453 51.
1248 3438 1288 3443 —

2297 164 2374 202 623

1354 244 1461 291 tum,
1475 246 1515 283 et
1536 243 1693 295 lapides
1713 244 1931 295 pretiosos,
1947 258 1965 281 n
1983 248 2060 286 etc.
2076 251 2112 287 3.
2129 247 2372 299 Efficaciter,

1355 312 1454 363 quia
1474 313 1498 334 ¹¹
1525 327 1533 353 z
1553 327 1572 351 α
1596 313 1932 365 Contemplahtes
1953 326 2006 354 ne
2038 317 2132 368 quis
2152 317 2257 358 desit
2275 330 2374 369 gra-

1355 381 1424 421 tiae
1444 381 1530 422 Dei.
1561 397 1579 420 »
1606 385 1644 422 4,
1669 382 2005 434 Perseveranter,
2028 386 2128 437 quia
2146 387 2175 408 ¹2
2197 401 2206 426 ε
2235 402 2253 425 <1
2275 387 2375 428 Per—

1354 451 1450 491 fecit
1479 464 1603 493 omne
1635 465 1740 505 opus
1765 454 1877 506 quod
1908 455 2082 496 faciebat
2108 456 2306 497 Salomon
2333 457 2376 498 in

1355 523 1479 564 domo
1509 524 1689 565 Domini.
1718 539 1737 563 >³
1767 525 1852 565 Hac
1877 526 2149 568 aedificatione
2176 530 2374 580 perfecta,

1355 592 1555 634 Dominus
1584 597 1756 647 apparet
1783 597 1836 636 ad
1855 597 2155 648 habitandum
2183 598 2294 639 unde
2315 599 2342 620 ¹⁸
2366 612 2375 638 :

1363 677 1381 700 ‹<
1400 662 1574 703 Factum
1596 666 1677 715 est,
1700 677 1797 705 cum
1815 666 2053 718 perfecisset
2072 667 2271 708 Salomon
2283 667 2380 708 aedi—

1355 732 1498 772 ficium
1521 733 1673 774 domus
1692 734 1857 775 Domini
1874 767 1884 786 ,
1907 738 2003 786 etc„
2024 737 2218 789 apparuit
2237 737 2276 778 ei
2295 737 2374 777 Do-

1356 803 1511 843 minus.
1534 818 1552 840 »
1592 803 1643 844 Ili
1681 816 1784 856 ergo
1822 809 2014 859 sumptus
2045 807 2297 848 sufficientes
2326 807 2380 847 ad

1355 874 1654 925 perficiendum
1678 877 1910 917 consistunt
1928 878 1970 917 in
1990 879 2201 931 proposito
2221 880 2376 920 volun-

1356 944 1450 983 tatis
1470 945 1636 995 agentis
1668 946 1859 997 viriliter,
1893 948 2063 998 utiliter,
2086 950 2306 990 efficaciter
2339 954 2380 991 et

1356 1019 1688 1066 perseveranter.
1711 1017 1790 1058 Sed
1822 1019 1856 1058 si
1886 1019 1988 1071 quid
2012 1021 2145 1071 deest,
2178 1021 2379 1062 Dominus

1355 1085 1519 1137 supplet
1528 1101 1538 1135 ;
1556 1087 1666 1126 unde
1687 1087 1839 1128 dicitur
1859 1090 1886 1114 ¹⁴
1902 1104 1940 1129 z«
1951 1090 2058 1131 Deus
2067 1094 2128 1131 est
2139 1091 2212 1143 qui
2226 1104 2378 1144 opera-

1356 1155 1485 1195 turin
1514 1156 1634 1196 nobis
1663 1160 1703 1197 et
1730 1158 1837 1199 velle
1867 1161 1908 1199 et
1942 1161 2140 1212 perficere
2175 1173 2251 1213 pro
2270 1161 2380 1201 bona

1357 1225 1587 1267 voluntate.
1609 1241 1628 1264 ›>
1655 1227 1735 1276 Qui
1754 1229 1849 1269 vult
1868 1241 1973 1281 ergo
1993 1242 2099 1283 opus
2119 1230 2251 1270 altum
2271 1231 2379 1271 inci-

1356 1307 1455 1347 pere
1471 1327 1480 1345 ,
1503 1297 1625 1337 debet
1653 1299 1909 1350 praevidere,
1938 1301 1972 1340 si
2004 1301 2104 1342 velit
2130 1313 2375 1353 persevare,

1356 1366 1479 1418 quia,
1503 1367 1609 1407 sicut
1626 1368 1777 1408 dicitur
1793 1382 1920 1422 supra
1940 1370 1967 1392 ¹⁵
1989 1385 1998 1410 ε
2026 1371 2191 1412 «Nemo
2212 1372 2380 1413 mittens

1357 1449 1531 1477 manum
1552 1439 1603 1479 ad
1624 1441 1834 1490 aratrum,
1860 1454 1878 1478 n
1905 1443 1982 1481 etc.

1409 1506 1567 1557 Tertio,
1594 1512 1802 1560 quantum
1832 1510 1882 1550 ad
1900 1510 2221 1552 declinationem
2238 1512 2381 1553 immi-

1357 1578 1493 1617 nentis
1513 1579 1746 1630 opprobrii,
1774 1580 1996 1632 subjungit
2013 1581 2066 1633 (v.
2091 1583 2154 1634 29)
2182 1582 2266 1624 :Ne
2282 1593 2377 1634 pos-

1358 1651 1554 1700 teaquam
1587 1651 1775 1701 posuerit
1811 1650 2134 1700 fundamentum
2149 1684 2159 1702 ,
2212 1652 2254 1692 id
2297 1656 2377 1703 est,

1357 1718 1547 1759 altiorem
1585 1722 1741 1759 statum
1777 1720 2062 1772 aggrediendo
2096 1722 2142 1761 in
2179 1722 2380 1764 imitando

1357 1788 1596 1838 Christum3
1619 1789 1698 1829 hoc
1724 1790 1835 1829 enim
1856 1792 1916 1831 est
1941 1802 2097 1842 ponere
2128 1792 2381 1833 fundamen-

1357 1860 1445 1898 tum
1460 1890 1472 1908 ,
1491 1859 1541 1899 de
1557 1872 1640 1911 quo
1651 1859 1804 1900 dicitur
1819 1860 1846 1881 ¹⁶
1865 1874 1903 1900 :a
1915 1860 2254 1902 Fundamentum
2269 1862 2381 1903 aliud

1357 1939 1482 1967 nemo
1503 1931 1638 1981 potest
1663 1942 1818 1981 ponere
1844 1933 1996 1982 praeter
2018 1932 2083 1982 id,
2115 1932 2230 1984 quod
2264 1932 2380 1984 posi—

1360 1999 1448 2037 tum
1467 2001 1549 2047 est,
1570 1999 1681 2050 quod
1702 2002 1763 2039 est
1783 2000 1803 2039 J
1808 2012 1902 2040 esus
1922 2001 2125 2042 Christus.
2143 2016 2162 2039 ι)
2189 2001 2275 2042 Hoc
2290 2002 2382 2042 fun-

1358 2068 1603 2109 damentum
1630 2070 1775 2122 incipit
1806 2072 1900 2123 quis
1928 2084 2082 2124 ponere
2104 2084 2178 2124 per
2197 2073 2323 2113 fidem
2343 2074 2383 2113 et

1358 2139 1513 2179 honam
1550 2141 1834 2192 operationem
1852 2172 1863 2191 ,
1899 2142 2132 2183 secundum
2170 2142 2275 2183 illud
2305 2143 2332 2164 ¹⁷
2369 2157 2377 2182 :

1366 2212 1545 2252 «Omnis
1571 2213 1643 2264 qui
1664 2213 1779 2253 audit
1805 2214 1938 2254 verba
1969 2226 2063 2255 mea
2092 2215 2206 2264 haec,
2229 2218 2269 2255 et
2286 2214 2384 2254 facit

1358 2293 1426 2331 ea,
1452 2282 1752 2323 assimilabitur
1765 2283 1857 2323 viro
1874 2284 2069 2335 sapienti,
2082 2284 2154 2336 qui
2164 2284 2385 2326 aedificavit

1358 2352 1531 2393 domum
1551 2365 1672 2392 suam
1692 2365 1820 2405 supra
1838 2356 2015 2405 petram.
2039 2368 2058 2391 n
2087 2354 2134 2394 ln
2163 2354 2241 2394 hac
2268 2356 2385 2406 petra

1358 2422 1683 2463 fundamentum
1693 2423 1965 2464 habitationis
1982 2424 2167 2474 collocat,
2182 2424 2257 2476 qui
2273 2423 2385 2465 Chri-

1359 2494 1471 2533 stum
1483 2493 1575 2533 vult
1588 2493 1767 2545 perfecte
1784 2493 1953 2544 imitari,
1967 2494 2201 2535 secundum
2214 2494 2316 2534 illud
2329 2495 2355 2517 ¹⁸
2372 2505 2382 2534 :

1366 2578 1383 2600 c<
1403 2562 1638 2615 Relinquite
1657 2564 1868 2615 civitates,
1910 2567 1950 2605 et
1977 2565 2162 2605 habitate
2180 2565 2225 2604 in
2243 2566 2384 2618 petra,

1358 2633 1570 2673 habitores
1592 2634 1727 2684 Moab,
1751 2648 1769 2671 ›>
1794 2638 1872 2674 etc.
1905 2637 1944 2676 E
1948 2638 1963 2677 t
1981 2646 2066 2677 ‘non
2085 2637 2270 2688 potuerit
2285 2646 2386 2687 per-

1360 2703 1497 2754 ficere,
1521 2707 1561 2744 et
1580 2704 1660 2744 hoc
1688 2705 2017 2756 perseverando,
2046 2706 2152 2746 sicut
2180 2709 2278 2747 sunt
2303 2706 2383 2757 illi,

1359 2775 1409 2815 de
1434 2775 1588 2827 quibus
1615 2774 1768 2815 dicitur
1784 2776 1812 2796 ¹⁹
1835 2789 1843 2816 :
1868 2790 1886 2814 ε(
1906 2776 1969 2816 Ad
1998 2778 2164 2830 tempus
2189 2778 2384 2828 credunt,

1360 2848 1400 2885 et
1434 2846 1477 2885 in
1508 2848 1697 2898 tempore
1726 2846 1970 2886 tentationis
1992 2847 2206 2888 recedunt.
2233 2862 2252 2885 ι)
2270 2847 2388 2888 Tales

1360 2918 1459 2956 sunt
1499 2916 1572 2967 qui
1610 2916 1832 2956 destruunt
1861 2915 2157 2967 recidivando,
2178 2917 2387 2970 quidquid

1360 2986 1676 3027 aediticaverunt
1692 2985 1792 3026 boni
1806 2985 2040 3027 inchoando
2054 2987 2086 3012 ²0
2105 3001 2138 3028 z«
2157 2987 2274 3028 Unus
2293 2987 2390 3027 aedi-

1360 3058 1504 3106 ficans,
1528 3059 1568 3096 et
1594 3067 1706 3096 unus
1728 3055 1962 3107 destruens,
1986 3057 2087 3109 quid
2105 3058 2274 3109 prodest
2291 3057 2386 3108 illis,

1360 3128 1440 3168 nisi
1454 3127 1598 3167 labor?
1618 3140 1637 3163 ))
1657 3125 1777 3166 Tales
1790 3128 1888 3166 sunt
1904 3125 2091 3167 dissoluti
2108 3130 2148 3168 et
2159 3127 2321 3168 remissi
2331 3128 2358 3150 2¹
2376 3142 2385 3168 ε

1364 3223 1388 3243 ⁴¹³
1409 3222 1507 3261 ibid„
1528 3225 1634 3260 1x11,
1655 3223 1686 3252 2.
1706 3237 1747 3243 ——
1766 3219 1790 3241 1⁴
1814 3219 1950 3259 Philip„
1972 3228 2015 3261 ΙΙ,
2036 3223 2087 3252 13.
2111 3238 2150 3244 -
2170 3223 2196 3244 ¹5
2220 3223 2316 3262 Sup.,
2342 3229 2387 3261 lx,

1361 3270 1412 3300 62.
1441 3286 1480 3291 —
1514 3269 1540 3290 ¹ss
1567 3270 1574 3298 l
1611 3268 1700 3307 Corn,
1729 3274 1789 3305 ΠΙ,
1822 3269 1872 3297 11.
1893 3282 1932 3288 -
1962 3267 1988 3288 ¹⁷
2015 3268 2148 3308 Mami„
2180 3276 2246 3309 Vll,
2278 3271 2329 3300 24.
2352 3286 2388 3290 -

1362 3315 1387 3336 ¹8
1405 3316 1538 3352 Aerem„
1560 3321 1681 3352 vanr,
1704 3315 1756 3344 28.
1775 3330 1810 3334 -
1832 3313 1856 3333 ¹¹³
1878 3314 1974 3352 Sap„
1998 3321 2075 3354 vm,
2096 3316 2146 3346 13.
2163 3332 2202 3338 -—
2222 3316 2248 3337 2⁰
2269 3314 2389 3353 Ecclz'.‚

1360 3370 1477 3402 xxxw,
1498 3363 1549 3393 28.
1572 3379 1607 3384 -
1630 3361 1653 3381 ²1
1674 3361 1782 3400 Prov„
1807 3367 1909 3398 xviii,
1934 3362 1965 3391 9.

1403 3422 1447 3462 (a)
1467 3421 1547 3453 Coet.
1569 3420 1647 3452 edit.
1668 3418 1777 3450 faciet.
