2634 3853
987 201 1260 245 EXPOSITIO
1290 204 1345 246 IN
1376 205 1489 246 CAP.
1521 205 1589 246 IX.

225 294 296 334 tur
329 292 379 333 de
412 291 610 332 missione
645 292 956 345 apostolorum;
988 291 1033 332 in
1066 292 1247 332 secunda

226 374 349 412 vero,
371 362 421 402 de
447 362 645 402 missione
670 363 938 415 septuaginta
959 362 1142 403 duorum
1163 362 1248 402 dis-

225 431 461 482 cipulorum
491 432 501 453 ¹
540 446 548 472 z
586 432 682 474 Post
713 433 797 474 ltoec
829 436 968 474 autem
1004 432 1249 483 desiynavic

227 501 432 543 Dominus
469 506 509 544 ec
546 503 654 545 alios
693 504 968 555 septuaqinca
1003 502 1131 553 duos,
1168 505 1247 543 etc.

225 570 366 611 Prima
386 584 482 624 pars
504 573 691 613 continet
719 585 906 625 praesens
931 573 1163 625 capitulum
1177 604 1189 623 ,
1210 575 1250 613 et

224 640 350 681 habet
368 643 453 682 tres
473 643 862 695 partes,secundum
889 642 968 683 tria
993 655 1088 694 quae
1116 643 1248 695 expli-

225 713 290 751 cat
309 711 582 763 Evangelista
602 713 838 754 necessaria
856 713 1070 765 apostolis,
1091 715 1251 765 01111εο-

223 781 318 822 latis
337 782 389 823 ad
410 783 722 835 praedicandum
751 783 890 823 missis
921 797 930 823 z
956 794 1140 835 quorum
1163 783 1249 834 pri-

223 864 343 893 mum
370 856 432 893 est
462 854 598 894 forma
622 853 903 906 praedicandi;
927 852 1163 892 secundum
1191 854 1252 892 est

223 922 293 962 via
319 923 588 975 proficiendi,
616 936 745 976 quam
771 923 950 976 explicat
976 923 1034 962 ibi
1058 922 1119 974 (v,
1144 923 1211 974 18)
1237 935 1246 962 :

223 993 277 1034 Et
297 994 458 1043 raecum
485 998 568 1045 est,
596 1005 691 1035 cum
719 993 831 1036 solus
858 997 963 1035 esset
983 1003 1131 1041 orans,
1153 995 1247 1040 etc.;

222 1063 395 1103 tertium
420 1068 482 1104 est
502 1077 651 1104 norma
673 1063 948 1116 praesidendi,
971 1054 1068 1115 q'uae
1094 1063 1248 1103 descri-

222 1133 337 1174 bitur
360 1134 419 1174 ibi
441 1134 503 1187 (v.
533 1137 606 1185 46)
633 1150 641 1174 :
669 1135 854 1176 Intravit
880 1139 1020 1176 aulem
1048 1135 1249 1186 coyitatz’o

223 1203 272 1244 in
305 1214 394 1255 608,
432 1206 531 1258 quis
568 1215 734 1255 eorum,
767 1207 844 1244 etc.
877 1203 1075 1244 Formam
1107 1207 1248 1244 autem

222 1273 475 1324 praedicendi
495 1274 715 1326 dupliciter
743 1274 922 1326 explicat
945 1288 952 1313 :
977 1275 1138 1326 primo,
1170 1275 1248 1314 sub

222 1343 366 1383 divino
386 1348 617 1396 praecept0;
642 1345 825 1384 secundo
851 1356 973 1394 vero,
997 1345 1075 1385 sub
1102 1345 1248 1384 divino

222 1413 440 1465 exemplo,
471 1414 528 1454 ibi
560 1415 620 1467 (v.
651 1415 720 1466 10)
753 1429 761 1453 :
791 1415 847 1456 Ετ
872 1415 1032 1456 reversi
1057 1415 1248 1465 Apostoli

221 1487 521 1535 narraverunt,
545 1487 621 1525 ete.
644 1485 860 1534 Quantum
881 1487 1024 1524 autem
1044 1484 1096 1524 ad
1115 1484 1245 1524 infor-

222 1555 452 1595 mationem
469 1555 798 1608 praedicatorum
820 1567 893 1607 per
914 1554 1109 1595 divinum
1136 1566 1244 1606 prae-

222 1626 408 1676 ceptum,
430 1625 514 1665 tria
534 1625 859 1665 introducuntur
881 1625 934 1664 ab
958 1624 1245 1676 Evangelista⁷

221 1694 377 1736 scilicet
410 1696 635 1736 auctoritas
667 1696 914 1746 commissa,
952 1696 1147 1736 honestas
1179 1696 1248 1735 in-

217 1767 385 1818 juncta,
406 1769 446 1806 et
465 1766 624 1807 utilitas
648 1767 845 1819 adjuncta
866 1781 874 1807 :
898 1767 956 1806 ita
976 1767 1089 1818 quod
1109 1767 1247 1818 primo

221 1836 439 1888 praemittit
464 1837 756 1878 auctoritatem
775 1840 978 1890 tanquam
1000 1837 1245 1889 praeceden-

222 1909 332 1957 tem;
372 1908 555 1948 secundo
591 1907 787 1958 injungit
823 1907 1086 1947 honestatem
1127 1908 1246 1959 quasi

222 1977 590 2028 concomitantem,
613 1977 673 2017 ibi
696 1978 757 2029 (v.
782 1978 822 2023 3l
850 1992 857 2017 :
881 1977 934 2018 Ec
955 1978 1021 2018 ait
1037 1976 1096 2018 ad
1116 1976 1210 2018 illos
1232 1989 1246 2017 :

222 2046 346 2089 Nihil
365 2047 550 2089 tuleritis
570 2048 617 2088 in
639 2048 727 2089 via.
758 2046 897 2087 Tertio
917 2047 982 2099 adj
992 2047 1114 2098 ungit
1134 2047 1247 2086 utili-

223 2118 351 2157 tatem
369 2120 709 2169 consequentem,
733 2117 791 2157 ibi
813 2118 868 2169 (v.
893 2119 931 2167 6)
954 2131 962 2158 :
984 2117 1158 2169 Eqressz·
1177 2128 1249 2158 ctu-

223 2191 305 2230 tem
328 2187 631 2236 circumibant,
655 2190 733 2228 etc.
764 2186 845 2228 Sed
873 2187 1075 2240 quoniam
1101 2188 1245 2237 verba,

223 2260 617 2311 quantumcumque
673 2258 904 2299 authentici
961 2257 1248 2310 praedicatoris

221 2329 392 2380 fuerint,
415 2331 515 2369 sunt
534 2328 777 2379 inefficacia,
800 2328 882 2369 nisi
901 2328 1086 2369 habeant
1105 2328 1249 2369 divina

222 2399 479 2449 testimonia,
505 2400 547 2438 et
570 2398 670 2438 talia
699 2400 798 2438 sunt
825 2397 969 2438 divina
1001 2398 1207 2438 miracula
1237 2413 1245 2439 :

223 2467 316 2508 ideo
335 2468 380 2508 in
399 2468 538 2520 prima
562 2471 681 2520 parte
706 2467 844 2519 primo
863 2467 1099 2520 explicatur
1122 2468 1246 2508 colla-

224 2538 282 2579 tio
307 2537 520 2590 potestatis
543 2538 596 2578 ad
625 2537 830 2578 miracula
860 2536 1050 2577 facienda
1060 2552 1070 2587 ;
1101 2537 1249 2578 deinde

225 2607 466 2649 commissio
495 2607 752 2648 auctoritatis
783 2607 835 2647 ad
863 2608 1064 2660 mysteria
1093 2608 1246 2660 praedi-

225 2679 356 2719 canda
376 2693 384 2719 :
406 2679 594 2731 primum
613 2678 727 2719 enim
751 2678 866 2724 viam
893 2678 990 2718 facit
1017 2678 1069 2719 ad
1098 2690 1249 2719 secun-

225 2749 341 2790 dum.
375 2749 587 2799 Quantum
619 2749 755 2802 igitur
791 2749 843 2790 ad
876 2749 1142 2790 collationem
1172 2762 1246 2802 po-

224 2819 384 2860 testatis
403 2820 452 2860 ad
476 2819 681 2861 miracula
698 2819 907 2868 facienda,
929 2820 1029 2860 dicit
1051 2832 1061 2860 z
1086 2819 1249 2862 Convo-

224 2892 334 2933 catis
366 2893 503 2932 autem
533 2890 754 2933 duodecim
783 2890 1018 2941 Apostoli&
1047 2892 1251 2943 tanquam

226 2960 380 3002 scilicet
396 2961 700 3014 principalibus
719 2960 903 3013 praelatis
923 2960 1062 3001 electis
1081 2973 1135 3001 ex
1155 2973 1247 3001 om-

226 3030 353 3071 nibus
372 3031 480 3082 aliis,
501 3031 735 3072 secundum
755 3031 868 3083 quod
887 3030 1040 3071 dicitur
1058 3032 1072 3053 ²
1091 3045 1100 3072 ε
1126 3046 1145 3069 «
1164 3031 1247 3073 Vo-

227 3101 337 3140 cavit
353 3101 475 3142 Jesus
493 3101 722 3155 discipulos
746 3113 859 3152 51105,
884 3104 925 3142 et
944 3101 1072 3153 elegit
1089 3102 1247 3143 duode-

228 3171 311 3211 cim
327 3184 381 3212 ex
398 3173 518 3225 ipsis,
540 3185 646 3225 quos
661 3176 702 3214 et
720 3173 942 3225 Apostolos
961 3173 1245 3215 nominavit.»

229 3240 323 3281 Istis
341 3253 446 3294 ergo
468 3243 722 3294 convocatiS,
742 3244 786 3284 id
808 3246 890 3294 est,
912 3244 957 3284 in
977 3256 1112 3286 unum
1131 3256 1251 3285 voca-

227 3311 282 3351 tis
299 3312 353 3352 ad
371 3312 578 3354 unitatem
596 3314 987 3366 commendandam,
1010 3316 1134 3356 datur
1156 3315 1250 3368 Spi-

272 3417 279 3434 ¹
307 3415 382 3455 inf„
407 3425 451 3457 x,
475 3420 561 3448 1.-
579 3418 590 3436 ²
609 3419 707 3460 Sup„
730 3427 783 3458 vi,
811 3422 861 3450 13.
886 3436 925 3443 --
950 3420 961 3438 ³
980 3419 1067 3461 Act.‚
1091 3428 1134 3461 11,
1157 3423 1190 3451 1.
1210 3438 1250 3444 —

229 3464 240 3482 ⁴
266 3462 382 3504 Num„
408 3471 463 3503 xl,
489 3465 546 3504 16,
573 3466 624 3496 17.
652 3481 693 3489 —
713 3466 728 3488 ⁵
754 3466 889 3506 Matth„
916 3475 959 3506 x,
987 3469 1018 3500 8.
1045 3484 1087 3490 —
1116 3468 1127 3486 θ
1157 3467 1252 3498 Psal.

416 3533 516 3562 TOM.
544 3534 589 3562 X-

2264 217 2342 254 449

1319 293 1426 333 ritus
1456 296 1650 343 sanctus,
1684 294 1916 335 secundum
1953 296 2067 347 quod
2098 297 2248 340 dicitur
2282 301 2295 322 ³
2329 314 2339 342 :

1327 364 1469 404 «Dum
1489 364 1801 417 complerentur
1819 365 1906 406 dies
1924 364 2202 418 pentecostes,
2225 374 2344 411 erant

1321 445 1466 474 omnes
1486 435 1643 487 pariter
1664 435 1707 474 in
1727 435 1872 475 eodem
1893 434 1998 485 loco,
2017 450 2036 472 ›)
2063 438 2140 476 etc.
2164 436 2279 478 Unde
2297 439 2310 460 '⁸
2334 454 2342 478 :

1329 517 1348 540 «
1386 503 1498 543 Dixit
1534 504 1738 544 Dominus
1773 504 1825 544 ad
1864 504 2034 556 Moysen
2074 520 2082 546 :
2121 506 2349 559 Congrega

1323 574 1428 614 mihi
1462 576 1731 627 septuaginta
1764 576 1880 616 viros
1912 577 1963 617 de
1992 578 2164 618 senibus
2196 578 2345 631 Israel,

1324 657 1430 696 quos
1448 648 1496 686 tu
1518 647 1629 686 nosti
1650 646 1761 698 quod
1781 658 1900 687 senes
1920 648 2064 700 populi
2088 649 2170 689 sint
2191 662 2238 689 ac
2256 663 2347 691 ma-

1325 716 1449 766 gistri
1472 728 1482 755 :
1506 719 1545 756 et
1572 716 1696 756 duces
1726 728 1796 756 eos
1826 718 1877 757 ad
1905 718 2063 758 ostium
2089 720 2350 761 tabernaculi

1323 786 1508 837 foederis,
1539 787 1745 839 faciesque
1778 787 1834 826 ibi
1865 791 1972 829 stare
2004 792 2142 830 tecum
2160 823 2169 840 ‚
2207 795 2247 832 et
2277 793 2348 833 de-

1323 856 1519 896 scendam
1536 859 1576 896 et
1591 856 1741 909 loquar
1756 857 1854 907 tibi;
1872 860 1913 897 et
1930 860 2118 900 auferam
2133 861 2182 901 de
2200 862 2350 914 spiritu

1323 927 1419 976 tuo,
1443 926 1692 979 tradamque
1718 927 1791 967 eis.
1820 942 1838 965 »
1866 928 1933 968 Sic
1953 942 2068 970 nunc
2092 932 2212 981 facit;
2239 933 2352 973 unde

1323 996 1518 1036 subditur
1542 1011 1550 1037 z
1579 997 1706 1039 Dedit
1733 998 1822 1039 illis
1847 1000 2068 1051 virtutem,
2102 1006 2142 1044 ec
2167 1006 2352 1053 potesta-

1323 1069 1426 1116 tem,
1458 1067 1515 1106 ita
1543 1068 1655 1119 quod
1685 1068 1822 1109 virtus
1854 1069 1907 1108 sit
1934 1073 2127 1122 respectu
2153 1073 2349 1124 spiritua-

1322 1135 1454 1184 lium,
1502 1140 1541 1176 et
1591 1140 1772 1189 potestas
1815 1142 2006 1191 respectu
2050 1143 2348 1194 corporalium.

1324 1205 1500 1258 Propter
1522 1207 1652 1259 quod,
1678 1208 1731 1248 ad
1751 1209 2071 1261 explicationem
2090 1213 2236 1265 11111115,
2258 1215 2351 1254 sub-

1317 1278 1395 1328 ι11111
1403 1277 1490 1327 git:
1515 1278 1656 1329 Super
1675 1280 1821 1320 omnia
1844 1280 2070 1330 (tremonia,
2093 1285 2139 1322 ut
2159 1283 2239 1324 1100
2252 1285 2353 1324 refe-

1322 1349 1442 1386 ratur
1460 1347 1512 1387 ad
1530 1348 1755 1399 virtutem3
1776 1353 1814 1391 et
1828 1350 2049 1403 lcmquores
2063 1357 2283 1404 curarent,
2303 1357 2352 1395 ut

1323 1416 1402 1455 hoc
1435 1417 1640 1457 referatur
1674 1419 1725 1458 ad
1760 1423 2008 1471 potestatem
2045 1437 2053 1462 t
2094 1426 2134 1463 et
2163 1436 2238 1476 per
2270 1424 2351 1465 hoc

1321 1485 1526 1526 haberent
1540 1487 1695 1539 duplex
1714 1500 1854 1539 genus
1871 1491 2099 1532 testimonii
2117 1494 2351 1534 secundum

1320 1556 1478 1608 duplex
1506 1561 1711 1598 creaturae
1734 1571 1895 1610 genus,
1925 1562 2080 1604 scilicet
2107 1565 2348 1617 corporalis,

1321 1629 1361 1665 et
1379 1627 1620 1679 spiritualis.
1642 1628 1692 1668 Et
1713 1628 1793 1669 hoc
1816 1633 1876 1670 est
1896 1633 2010 1683 quod
2030 1633 2132 1686 ipsis
2153 1647 2351 1688 expresse

1320 1696 1472 1736 dicitur
1490 1699 1502 1719 ⁵
1524 1712 1533 1738 ε
1562 1713 1580 1735 <‹
1598 1698 1796 1740 Infirmos
1816 1705 1976 1751 curate,
2000 1707 2191 1745 mortuos
2212 1707 2348 1746 susci-

1320 1769 1425 1817 tate,
1453 1767 1638 1820 leprosos
1661 1770 1884 1821 mundate,
1907 1771 2122 1814 daemones
2150 1775 2301 1827 ejicite.
2326 1791 2346 1814 »

1320 1837 1382 1878 Ita
1409 1841 1456 1878 ut
1487 1851 1586 1879 vere
1614 1840 1842 1892 impleatur
1871 1841 1976 1883 illud
2003 1843 2016 1865 ⁶
2049 1859 2057 1883 :
2095 1860 2114 1883 ((
2144 1845 2348 1888 Dominus

1320 1909 1433 1949 dabit
1489 1911 1671 1951 verbum
1729 1912 2124 1964 evangelizantibus
2190 1917 2346 1959 virtute

1323 1980 1472 2021 multa.
1495 1997 1514 2019 »

1377 2052 1592 2100 Quantum
1615 2055 1759 2093 autem
1779 2054 1832 2094 ad
1852 2056 2192 2099 commissionem
2212 2063 2351 2101 aucto-

1322 2123 1458 2163 ritatis
1474 2123 1525 2163 ad
1540 2123 1742 2175 mysteria
1756 2125 2040 2177 praedicanda,
2057 2129 2196 2169 subdit
2213 2130 2267 2182 (v.
2286 2132 2322 2184 2)
2339 2146 2347 2173 :

1322 2193 1377 2235 Ec
1408 2195 1528 2235 misit
1564 2193 1660 2235 illos
1694 2194 1931 2246 proedz'cctre
1963 2208 2140 2250 requam
2173 2202 2263 2242 Dei.
2304 2202 2351 2242 In

1322 2263 1521 2304 missione
1564 2276 1752 2316 namque
1801 2266 2028 2307 auctoritas
2076 2270 2348 2322 designatur,

1323 2334 1413 2374 sine
1445 2347 1530 2386 qua
1559 2335 1702 2374 nullus
1743 2335 1864 2375 debet
1904 2338 2156 2390 praedicare3
2191 2342 2303 2382 unde
2338 2357 2346 2382 :

1329 2420 1347 2443 «
1375 2403 1594 2452 Quomodo
1613 2405 1930 2457 praedicabunt,
1952 2407 2032 2447 nisi
2051 2409 2304 2451 mittantur?
2324 2427 2343 2450 »

1325 2474 1431 2514 sicut
1451 2475 1657 2527 scriptum
1678 2478 1740 2515 est
1759 2479 1787 2515 ⁷.
1812 2475 1929 2517 Unde
1955 2480 1995 2518 et
2014 2478 2139 2520 Isaias
2165 2493 2252 2522 non
2271 2494 2348 2523 au-

1322 2544 1446 2585 debat
1472 2545 1724 2597 praedicare‚
1753 2546 1834 2586 nisi
1862 2547 2100 2590 mitteretur
2125 2551 2138 2573 ⁸
2169 2565 2177 2592 :
2209 2550 2350 2593 «Ecce

1322 2627 1420 2666 ego,
1441 2615 1561 2656 mitte
1584 2627 1666 2656 me.
1690 2615 1740 2656 Et
1766 2616 1873 2657 dixit
1895 2617 2099 2661 Dominus
2121 2635 2130 2661 z
2153 2621 2287 2673 Vade,
2311 2626 2351 2663 et

1322 2685 1432 2725 dices
1451 2685 1606 2738 populo
1629 2686 1751 2736 huic,
1781 2700 1800 2724 ›)
1825 2690 1903 2728 etc.
1927 2690 1958 2727 E
1980 2693 2126 2731 contra
2151 2692 2201 2732 de
2225 2705 2348 2743 pseu-

1323 2755 1595 2808 doprophetis
1619 2756 1632 2778 ⁹
1663 2771 1671 2797 z
1705 2757 1834 2798 «Non
1861 2759 2079 2800 mittebam
2106 2763 2347 2814 prophetas,

1322 2828 1363 2865 et
1386 2825 1466 2877 ipsi
1495 2827 1738 2877 currebant;
1768 2840 1856 2869 non
1881 2831 2086 2882 loquebar
2117 2833 2169 2873 ad
2194 2845 2287 2883 eos,
2311 2837 2351 2874 et

1323 2895 1401 2946 ipsi
1439 2896 1758 2948 prophetabant.
1798 2912 1817 2935 ›>
1862 2899 1918 2938 At
1955 2912 2040 2941 non
2085 2902 2189 2943 tales
2231 2907 2350 2944 erant

1323 2965 1533 3017 Apostoli,
1555 2967 1654 3018 quia
1674 2967 1768 3008 ideo
1791 2970 1966 3020 apostoli
1996 2973 2204 3014 nominati
2232 2977 2346 3024 sunt,

1324 3037 1373 3075 ut
1400 3047 1549 3076 eorum
1579 3040 1944 3080 commendaretur
1971 3043 2211 3084 auctoritas.
2234 3044 2346 3096 Apo-

1324 3105 1452 3145 stolus
1478 3106 1592 3146 enim
1611 3108 1768 3150 missas
1784 3108 2106 3163 interpretatur;
2130 3114 2249 3154 missi
2268 3125 2344 3153 au-

1323 3177 1410 3215 tem
1441 3176 1615 3217 fuerunt
1645 3177 1696 3217 ad
1733 3179 2075 3232 praedicandum,
2114 3183 2349 3223 secundum

1323 3244 1429 3285 illud
1446 3245 1474 3267 ¹⁰
1500 3260 1508 3286 :
1538 3261 1557 3284 c<
1574 3246 1665 3287 Non
1685 3248 1800 3288 misit
1817 3262 1885 3291 me
1905 3250 2094 3293 Christus
2120 3253 2347 3305 baptizare,

1325 3315 1397 3355 sed
1425 3316 1732 3367 evangelizare.
1763 3331 1782 3356 ›>
1813 3319 2005 3362 Fuerunt
2035 3323 2086 3363 ad
2112 3323 2348 3374 praedican-

1325 3429 1438 3460 van,
1464 3424 1513 3454 12.
1541 3439 1583 3446 —
1608 3423 1623 3445 ⁷
1641 3424 1745 3465 Rom.‚
1766 3434 1807 3465 x,
1833 3429 1884 3458 15.
1905 3445 1944 3451 —-
1969 3428 1983 3449 ⁸
2001 3428 2081 3469 ssa„
2109 3437 2164 3470 vi,
2189 3431 2227 3470 8,
2257 3432 2289 3463 9.
2312 3447 2352 3455 —

1325 3469 1336 3486 ⁸
1355 3468 1489 3508 Jerem„
1510 3476 1617 3510 xxm,
1637 3472 1690 3502 21.
1709 3488 1750 3495 --
1769 3472 1796 3494 ¹⁰
1814 3473 1826 3503 1
1849 3473 1938 3513 Com,
1961 3481 1984 3513 1,
2011 3476 2060 3506 17.

2115 3537 2166 3574 *29
