2634 3853
99 624 222 651 Nomina

81 666 117 692 ad
128 673 223 692 exesi-

112 707 192 741 plum

110 747 195 782 perti<

99 787 206 814 nentia.

84 829 220 856 ὃπου-ας.

110 1685 221 1713 Simon.

123 2385 138 2410 J
144 2383 226 2410 udas·

242 244 319 284 364

243 332 300 370 ta.
317 343 336 367 i>
356 329 405 370 Et
417 329 509 371 haec
523 333 705 383 quatuor
716 331 928 384 pertinent
948 329 998 369 ad
1012 327 1261 377 doctrinam,

244 403 292 441 ut
309 400 368 440 sic
387 401 471 440 sint
491 404 673 453 quatuor
692 405 809 451 rotae,
824 413 919 452 qua}
936 399 977 437 ¹«
996 409 1069 450 per
1084 400 1265 449 quatuor

243 473 382 522 partes
402 482 547 510 earum
573 474 740 520 euntes,
763 471 897 519 ibant,
918 472 956 509 et
978 480 1065 508 non
1087 470 1265 507 reverte-

244 540 397 581 bantur
417 553 513 580 cum
533 541 812 588 ambularent,
835 554 852 577 »
878 542 926 579 ut
945 538 1042 579 dicit
1060 536 1262 577 Ezechiel.

297 611 498 663 Sequitur
531 611 580 650 de
612 611 693 650 illis
720 610 979 659 nominibus,
1011 620 1107 661 quae
1136 607 1262 660 perti-

243 684 344 720 nent
375 680 426 720 ad
454 681 697 733 exemplum
727 693 737 720 ι
768 681 992 730 Jacobmn‚
1026 681 1099 733 qui
1131 679 1265 719 inter-

243 754 429 804 pretatur
451 750 668 801 Luctator;
698 751 888 803 Alphoei,
912 751 986 803 qui
1016 751 1264 801 interpreta-

242 825 310 863 tur
344 821 524 873 fugiens.
558 821 604 860 In
633 834 718 874 quo
744 822 996 874 exprimitur
1023 820 1265 872 exemplum

242 892 435 944 persectae
473 893 746 944 paupertatis.
789 892 905 933 Unde
943 892 1174 943 Gregorius
1206 891 1219 911 '²
1255 902 1264 930 :

248 977 266 1000 α
289 962 368 1011 Qui
401 962 452 1002 ad
489 966 720 1014 certamen,
757 964 895 1015 inquit.
922 995 931 1014 ,
971 974 1068 1003 cum
1101 961 1266 1002 diabolo

241 1036 458 1086 properat,
480 1034 729 1074 vestimenta
751 1034 918 1086 abjiciat
943 1065 953 1083 ,
987 1045 1039 1072 ne
1069 1043 1264 1072 succum-

242 1104 324 1144 bat.
358 1103 466 1152 Quid
493 1107 633 1144 autem
670 1108 768 1144 sunt
796 1108 962 1144 terrena
996 1103 1162 1153 omnia,
1185 1102 1267 1142 nisi

241 1174 436 1225 quaedam
469 1174 656 1226 corporis
687 1174 965 1215 indumenta?
994 1189 1012 1211 n
1042 1173 1159 1214 Unde
1190 1185 1265 1213 vo-

240 1244 396 1285 lentem
417 1243 462 1283 in
490 1247 733 1296 paupertate
765 1245 939 1294 luctari,
968 1246 1133 1297 oportet
1163 1246 1269 1284 tem-

240 1314 401 1367 poralia
436 1318 705 1355 contemnere
742 1319 783 1356 et
822 1316 1000 1367 fugere,
1036 1315 1268 1356 secundum

240 1385 350 1438 quod
371 1385 522 1426 dicitur
544 1389 558 1410 ³
581 1399 589 1426 :
620 1401 638 1424 (ι
658 1386 762 1426 Ecce
793 1386 993 1438 elongavi
1012 1387 1180 1438 fugiens
1195 1418 1205 1436 ,
1229 1389 1270 1426 et

241 1456 377 1496 mansi
409 1457 454 1496 in
484 1457 722 1498 solitudine.
754 1472 772 1495 »
800 1458 867 1498 Sic
893 1457 1004 1498 Elias
1035 1457 1079 1497 in
1098 1457 1268 1509 figura¹

241 1527 352 1578 fugit
365 1539 388 1566 a
406 1527 508 1568 facie
525 1527 704 1578 Jezabel,
718 1529 790 1580 qui
811 1528 1112 1580 interpretatur
1124 1528 1269 1567 fluxus

241 1598 510 1650 sterquilinii,
535 1611 608 1650 per
635 1599 748 1651 quod
775 1598 1024 1650 designatur
1058 1601 1270 1651 tempora-

242 1668 348 1708 lium
371 1668 631 1708 fluxibilitas.
655 1670 708 1711 Ec
728 1669 959 1719 Simonem,
980 1669 1054 1721 qui
1071 1669 1270 1720 interpre-

242 1741 354 1778 tatur
376 1739 575 1779 obediens
600 1754 609 1789 3
633 1741 707 1792 qui
735 1744 908 1781 vocatur
929 1740 1077 1780 Zeloles
1093 1770 1105 1788 ,
1123 1739 1266 1788 idest,

243 1809 478 1849 aemulator.
497 1808 542 1848 In
565 1822 649 1862 quo
669 1810 913 1863 exemplum
935 1810 1162 1862 exponitur
1180 1821 1271 1861 per·

243 1880 359 1920 fectae
380 1879 630 1920 humilitatis
645 1913 658 1931 ,
681 1893 778 1922 cum
809 1881 1078 1921 aemulatione
1100 1880 1268 1920 ordina-

244 1954 298 1991 tae
319 1951 545 1991 charitatis.
570 1950 685 1992 Unde
705 1952 857 1992 dicitur
875 1955 888 1976 5
909 1963 919 1991 :
948 1966 966 1990 (ι
986 1951 1162 1991 Animas
1182 1963 1272 1992 ves-

246 2025 331 2062 tras
365 2022 640 2062 castificantes
678 2023 723 2062 in
757 2022 995 2063 obedientia
1033 2022 1268 2073 charitatis,

245 2094 289 2132 in
326 2093 599 2133 fraternitatis
634 2106 802 2145 amore,
839 2094 1019 2147 simplici
1055 2107 1108 2134 ex
1147 2095 1271 2135 corde

245 2163 426 2203 invicem
455 2163 618 2215 diligite
646 2164 859 2204 attentius.
886 2179 904 2201 ›)
931 2164 981 2204 Et
1004 2165 1269 2206 Ecclesiasti-

246 2244 318 2275 cus
339 2234 352 2254 ‘³
376 2248 384 2274 z
412 2249 431 2271 (ι
450 2233 542 2273 Filii
573 2234 787 2286 sapientiae
803 2267 812 2285 ,
835 2235 1006 2275 ccclesia
1027 2237 1244 2287 ,iustorum
1257 2266 1269 2286 ,

247 2307 287 2344 et
325 2304 438 2344 natio
477 2304 648 2344 illorum
685 2305 921 2345 obedientia
953 2309 992 2346 et
1031 2305 1209 2346 dilectio.
1247 2321 1266 2344 ›>

251 2375 316 2427 (v.
342 2378 392 2415 16
412 2376 421 2427 )
452 2375 505 2417 Εἰ
523 2375 680 2417 „ludam
694 2407 705 2425 ,
726 2376 799 2428 qui
819 2376 1120 2429 interpretatur
1140 2378 1272 2417 conli-

247 2449 353 2497 tens,
371 2447 529 2497 Jacobe',
545 2450 592 2487 ut
612 2447 720 2486 sitin
740 2447 982 2500 exemplum
998 2448 1273 2488 fraternitatis

247 2517 292 2556 in
313 2514 477 2569 agendo
492 2519 505 2540 ⁷
525 2532 532 2557 :
561 2533 580 2555 (ι
600 2517 753 2558 aneat
781 2517 858 2558 lux
877 2521 1017 2558 vestra
1035 2530 1176 2558 coram
1195 2519 1275 2559 ho-

249 2589 458 2639 minibus,
483 2593 531 2630 ut
560 2589 729 2630 videant
756 2602 882 2642 opera
915 2592 1056 2630 vestra
1076 2591 1203 2640 bona,
1235 2595 1275 2632 et

248 2660 483 2710 glorificent
495 2663 656 2712 patrem
667 2663 855 2701 vestrum
864 2691 873 2709 ‚
886 2661 959 2713 qui
974 2662 1017 2700 in
1031 2661 1148 2702 coelis
1159 2665 1234 2702 cst.
1248 2676 1267 2700 »

248 2731 353 2771 Hinc
379 2731 488 2783 apud
515 2730 685 2772 Tobiam
706 2732 757 2783 (α)
786 2730 799 2751 ⁸
821 2746 829 2771 :
849 2747 867 2770 α
885 2731 1120 2773 Benedicite
1140 2733 1274 2773 Deum

248 2801 339 2841 coeli
352 2832 364 2851 ,
385 2804 426 2841 et
447 2812 588 2841 coram
608 2802 806 2841 omnibus
834 2801 1077 2843 viventibus
1101 2804 1272 2844 consite-

248 2869 353 2909 mini
379 2869 443 2919 ei,
461 2870 561 2922 quia
580 2870 676 2910 fecit
701 2870 923 2911 vobiscum
941 2871 1274 2913 misericordiam

252 2952 386 2980 suam.
409 2955 427 2977 »
451 2939 555 2980 Hinc
575 2943 662 2991 est,
684 2941 798 2993 quod
823 2941 867 2981 in
898 2942 1187 2983 benedictione
1207 2943 1275 2984 Ju-

250 3012 315 3052 dae
349 3012 500 3052 dicitur
519 3012 532 3033 ⁹
556 3025 564 3051 :
594 3028 612 3050 a
633 3011 782 3052 Manus
811 3014 902 3065 ejus
923 3014 1180 3066 pugnabunt
1197 3027 1274 3067 pro

251 3095 320 3133 eo,
342 3085 382 3122 et
402 3083 568 3134 adjutor
589 3082 701 3122 illius
729 3087 873 3124 contra
901 3084 1162 3125 adversarios
1181 3087 1274 3137 ejus

250 3154 343 3194 erit.
363 3168 382 3191 ›)
411 3152 527 3193 Unde
547 3154 634 3206 ipse
654 3155 837 3195 ascendit
860 3158 956 3196 ante
977 3155 1079 3196 alios
1098 3156 1142 3196 iu
1164 3169 1275 3209 prae-

249 3225 370 3265 lium.
404 3225 464 3266 Et
495 3224 651 3265 Judam
681 3225 951 3276 Iscariotem,
974 3227 1046 3278 qui
1074 3226 1275 3279 interpre-

249 3298 365 3336 tatur
396 3294 602 3335 memoria
634 3296 810 3336 mortis:
833 3296 877 3336 in
904 3308 988 3349 quo
1020 3297 1275 3349 intelligitur

296 3380 306 3401 1
326 3378 458 3417 Ezech„
479 3386 508 3418 1,
532 3379 582 3409 12.
604 3394 642 3400 —
664 3378 676 3396 ²
696 3379 810 3419 Greg.,
833 3380 866 3409 in
885 3379 1028 3419 Evanq„
1047 3379 1141 3411 hom.
1164 3387 1273 3412 xxxu.

251 3444 291 3449 —
310 3426 321 3444 ³
340 3425 430 3457 Psal.
445 3427 603 3466 L1v,8.—
617 3424 631 3445 ¹*
647 3426 688 3456 ΙΙΙ
708 3426 884 3467 Βεφ,-ΧΙΧ,
904 3428 976 3457 3.-
990 3427 1002 3448 ⁸
1024 3428 1033 3457 l
1057 3427 1162 3464 Pelr„
1184 3435 1206 3465 1,
1221 3429 1275 3459 22.

253 3490 292 3496 —
311 3474 322 3491 ⁶
342 3472 461 3506 Eccli..
488 3481 540 3511 111,
565 3475 595 3504 1.
612 3491 653 3496 —
672 3473 681 3491 ⁷
702 3473 836 3511 Mami„
859 3482 891 3512 V,
918 3475 1009 3505 16.—
1025 3474 1036 3492 ὅ
1056 3473 1143 3511 Τοό.,
1160 3481 1222 3514 xn,
1243 3477 1272 3506 6.

251 3537 291 3542 -
316 3521 327 3538 ⁹
355 3521 463 3561 Dent„
488 3528 617 3561 xxxul,
641 3521 671 3552 7.
697 3537 735 3543 -
768 3521 794 3543 ¹⁰
826 3522 924 3561 Greg.
956 3520 1093 3559 Moral„
1119 3520 1176 3552 lib.
1212 3522 1273 3559 lli,

975 238 1254 281 EVANGELH
1286 232 1472 280 SANCTl
1502 241 1650 283 LUCAE

1339 329 1582 382 exemplum
1604 328 1937 370 mortificationis
1954 331 2104 372 carnis.
2127 331 2243 373 Unde
2270 332 2364 373 bea·
2382 362 2385 363 γ

1338 401 1408 438 tus
1434 399 1663 451 Gregorius
1683 399 1782 438 dicit
1803 399 1830 419 ¹⁰
1852 410 1862 439 :
1890 398 2039 440 «Nihil
2062 402 2165 443 adeo
2182 403 2293 444 valet
2311 403 2363 444 ad

1339 468 1547 509 domanda
1567 470 1703 509 carnis
1723 468 1846 518 vitia,
1871 481 2000 520 quam
2020 471 2206 522 cogitare
2225 473 2362 525 qualis
2404 516 2419 525 ,

1340 550 1436 579 caro
1457 543 1596 580 nostra
1616 543 1708 592 post
1726 541 1906 579 mortem
1927 539 1980 579 sit
1997 540 2153 581 futura.
2172 556 2191 579 »
2211 542 2261 582 Et
2280 543 2360 584 hoc

1339 609 1491 649 debent
1509 610 1663 660 facere,
1688 622 1739 650 ne
1771 621 1868 649 cum
1895 608 1989 648 aliis
2011 611 2360 663 praedicaverint,

1340 679 1417 731 ipsi
1438 681 1605 732 reprobi
1627 681 1888 729 efficiantur,
1911 680 2146 720 secundum
2167 682 2279 734 quod
2300 682 2363 722 di-

1340 749 1395 789 cit
1413 749 1638 802 Apostolus
1656 752 1679 772 ¹¹
1703 765 1711 790 ι
1741 766 1759 788 «
1780 750 1943 801 Castigo
1963 762 2116 802 corpus
2137 763 2279 791 meum
2293 783 2303 801 ,
2327 754 2367 792 et

1340 820 1384 859 in
1415 822 1662 862 servitutem
1684 821 1832 872 redigo
1848 851 1859 870 ,
1883 832 1935 860 ne
1961 832 2058 860 cum
2089 820 2182 861 aliis
2210 821 2366 873 praedi-

1339 892 1548 942 caverim,
1586 893 1675 945 ipsc
1708 892 1911 944 reprobus
1938 891 2106 932 efficiar.
2138 906 2156 929 n
2192 892 2368 945 Propter

1340 962 1454 1014 quod
1487 962 1642 1003 dicitur
1672 963 1780 1002 infra
1805 963 1833 986 ¹2
1858 976 1866 1002 :
1897 977 1916 1000 α
1944 961 2038 1002 Sint
2073 962 2209 1003 lumbi
2240 964 2366 1005 vestri

1340 1033 1577 1085 praecincti,
1601 1035 1642 1072 et
1669 1032 1854 1072 lucernae
1883 1032 2077 1073 ardentes
2105 1033 2150 1072 in
2170 1034 2368 1075 manibus

1340 1103 1506 1144 vestris.
1529 1118 1547 1140 »
1573 1102 1652 1143 Sed
1673 1103 1773 1154 quia
1793 1103 1917 1143 multi
1936 1104 2207 1156 decipiuntur
2225 1108 2266 1145 et
2284 1108 2367 1146 tra-

1340 1174 1501 1214 huntur
1518 1173 1564 1225 (b)
1582 1173 1798 1214 occasione
1817 1174 2078 1214 mortificatae
2097 1175 2249 1225 carnis,
2269 1175 2370 1227 quia

1341 1244 1437 1284 inde
1465 1244 1718 1296 gloriantur,
1751 1246 1798 1283 ut
1817 1243 2072 1296 hypocrstae,
2102 1244 2177 1297 qui
2206 1245 2234 1267 ¹³
2262 1260 2281 1284 ((
2298 1257 2370 1286 ore

1342 1316 1596 1356 confitentur
1618 1326 1662 1354 se
1681 1325 1805 1354 nosse
1823 1314 1971 1362 Deum,
1996 1314 2114 1354 factis
2133 1317 2276 1355 autem
2296 1327 2369 1356 ne—

1342 1388 1467 1438 gant,
1492 1400 1511 1422 »
1549 1385 1781 1425 secundum
1812 1385 1925 1437 quod
1950 1385 2003 1425 ad
2029 1384 2168 1425 Titum
2190 1385 2368 1435 dicitur;

1342 1459 1532 1506 caveant,
1548 1468 1602 1496 ne
1613 1468 1709 1495 cum
1722 1455 1934 1508 proditore
1952 1455 1972 1496 J
1978 1456 2058 1496 uda
2071 1458 2372 1507 numerentur,

1343 1528 1393 1568 de
1411 1539 1495 1580 quo
1514 1527 1581 1567 hic
1596 1526 1815 1566 subditur:
1837 1527 1917 1573 Qui
1936 1527 2022 1577 fuit
2039 1526 2245 1578 proditor.
2264 1527 2373 1567 Hinc

1343 1602 1404 1640 est
1429 1598 1542 1651 quod
1573 1597 1671 1637 dicit
1699 1596 1924 1649 Apostolus
1945 1596 1972 1618 ¹⁵
1994 1611 2003 1636 ι
2024 1612 2042 1635 ((
2064 1597 2111 1636 In
2134 1597 2374 1637 novissimis

1343 1669 1492 1710 diebus
1503 1667 1717 1706 instabunt
1727 1668 1917 1718 tempora
1932 1666 2180 1718 periculosa,
2197 1669 2237 1706 et.
2249 1670 2375 1707 erunt

1343 1738 1539 1779 homines
1559 1736 1717 1788 seipsos
1740 1738 1949 1785 amantes,
1977 1736 2138 1788 cupidi,
2161 1736 2279 1786 elati,
2302 1749 2375 1777 su-

1343 1808 1487 1861 perbi,
1521 1805 1773 1858 blasphemi.
1803 1820 1822 1843 »
1850 1805 1900 1846 Et
1928 1806 2150 1858 sequitur:
2178 1821 2197 1844 α
2224 1805 2370 1847 Prodi-

1344 1884 1470 1930 tores,
1490 1878 1692 1932 protervi,
1713 1877 1880 1927 tumidi,
1900 1880 1939 1917 et
1963 1877 2232 1930 voluptatum
2259 1890 2373 1918 ama-

1344 1955 1456 1992 tores
1473 1963 1539 1990 ma
1546 1950 1612 2002 gis
1627 1961 1755 2002 quam
1765 1948 1849 1990 Dei.
1865 1947 2075 1988 Habentes
2089 1948 2271 2001 speciem
2286 1949 2376 2002 qui-

1345 2023 1442 2063 dem
1479 2020 1665 2074 pietatis,
1699 2019 1901 2060 virtutem
1941 2020 2084 2059 autem
2120 2020 2214 2071 eius
2251 2020 2377 2060 abne-

1348 2097 1513 2146 gantes.
1535 2107 1554 2130 »
1582 2092 1631 2132 Et
1649 2092 1740 2132 beec
1758 2091 1970 2144 pertinent
1983 2091 2035 2131 ad
2055 2090 2314 2143 exemplum,
2337 2093 2378 2132 et

1346 2164 1392 2204 hi
1409 2166 1509 2203 sunt
1528 2165 1707 2215 quatuor
1725 2162 1752 2183 ¹⁵
1766 2161 1985 2214 paralytici
2004 2162 2240 2213 portitores.
2262 2161 2313 2202 Et
2332 2162 2378 2202 in

1347 2235 1462 2275 hunc
1481 2233 1655 2273 modum
1675 2232 1900 2273 nominum
1923 2231 2251 2284 apostolicorum
2274 2232 2378 2272 desi-

1348 2307 1506 2358 gnatur
1537 2302 1812 2356 mysterium3
1844 2304 1884 2342 et
1911 2302 1970 2341 sic
1996 2302 2252 2342 terminatur
2284 2302 2378 2342 haec

1348 2388 1459 2430 pars,

1403 2449 1467 2486 17.
1491 2445 1545 2487 Et
1562 2443 1819 2486 descendens
1839 2454 1934 2484 cum
1953 2442 2060 2490 illis,
2087 2443 2202 2484 stetit
2223 2443 2273 2483 z'n
2292 2442 2376 2484 loco

1349 2516 1599 2569 campestri,
1623 2518 1700 2554 etc.
1724 2513 1821 2554 Post
1846 2513 2148 2566 discipulorum
2169 2524 2376 2564 segrega-

1349 2590 1532 2636 tionem,
1560 2584 1782 2637 subjungit
1810 2583 1879 2623 hic
1910 2582 2181 2635 Evangelista
2212 2582 2376 2623 audito-

1350 2671 1448 2700 rum
1468 2657 1765 2702 attent.ionem;
1801 2666 1930 2706 quam
1955 2653 2149 2694 describit
2180 2652 2377 2704 Evange-

1349 2731 1445 2771 lista
1463 2730 1673 2781 quantum
1695 2725 1748 2766 ad
1767 2727 1949 2778 quatuor
1966 2739 1974 2764 :
1998 2726 2207 2777 quantum
2227 2723 2279 2764 ad
2301 2723 2380 2763 dis-

1350 2801 1510 2855 cipulos
1524 2798 1783 2846 comitantes,
1802 2798 2010 2848 quantum
2023 2795 2075 2834 ad
2090 2794 2269 2846 populos
2284 2805 2380 2834 con-

1350 2874 1584 2919 currentes,
1607 2871 1814 2922 quantum
1836 2866 1889 2906 ad
1908 2877 2055 2905 causas
2076 2865 2316 2912 incitanteS,
2338 2864 2379 2903 et

1350 2946 1558 2998 quantum
1579 2940 1631 2981 ad
1651 2938 1854 2980 efficacias
1873 2937 2192 2988 subsequentes,

1404 3014 1619 3063 Quantum
1647 3010 1699 3050 ad
1726 3007 1952 3060 discipulos
1977 3005 2245 3054 comitantes,
2275 3004 2375 3045 dici-

1349 3088 1445 3126 tur:
1467 3084 1523 3126 Ec
1547 3079 1804 3124 descendens
1833 3088 1926 3119 cum
1951 3076 2062 3126 illis,
2093 3075 2134 3115 id
2160 3077 2245 3124 est,
2273 3074 2387 3140 duo-

1350 3155 1484 3197 decim
1506 3155 1597 3206 jam
1618 3151 1781 3200 electis,
1811 3149 1883 3202 qui
1902 3147 2040 3200 ipsum
2067 3157 2232 3198 semper
2253 3145 2379 3186 comi-

1349 3226 1568 3273 tabantur,
1593 3220 1827 3263 secundum
1859 3217 1971 3271 quod
2004 3216 2114 3256 infra
2146 3215 2299 3256 dicitur
2318 3216 2374 3257 ¹⁶:

1351 3378 1380 3399 c.
1406 3374 1493 3399 xvn.
1515 3383 1551 3388 -
1576 3366 1596 3387 ¹¹
1620 3365 1631 3395 l
1654 3364 1744 3402 Corn,
1766 3369 1822 3400 ix,
1852 3361 1903 3392 27.
1926 3376 1965 3382 —
2001 3358 2025 3379 ¹2
2052 3359 2140 3398 Luc„
2171 3365 2243 3398 ΧΗ,
2277 3359 2376 3390 35.-

1351 3415 1378 3437 ¹³
1399 3414 1474 3454 Tit„
1497 3420 1528 3453 1,
1553 3413 1651 3443 16.-
1674 3410 1695 3428 ¹⁴
1718 3410 1743 3440 ll
1773 3409 1870 3446 Tim„
1892 3414 1947 3448 111,
1970 3409 1984 3438 1
2007 3409 2040 3438 et
2059 3415 2184 3447 seq.—
2207 3405 2233 3428 ¹⁵
2255 3406 2374 3444 Mowc„

1352 3470 1396 3501 11,
1417 3463 1447 3493 3.
1468 3459 1553 3484 --16
1571 3459 1659 3497 Luc„
1682 3464 1765 3496 xxii,
1785 3456 1835 3486 28.

1394 3519 1437 3560 (a)
1461 3519 1540 3551 Caet.
1561 3516 1642 3548 edit.
1664 3515 1749 3547 Hinc
1772 3513 1935 3546 Iohias.-
1953 3512 1995 3553 (b)
2016 3513 2095 3544 [tm
2112 3511 2301 3544 traduntur.
