2634 3853
991 166 1264 209 EXPOSITIO
1295 165 1347 206 IN
1375 165 1485 206 CAP.
1518 164 1587 205 Vl.

237 261 558 306 construendam
589 269 715 312 super
732 258 853 299 illum
876 257 1074 310 lapidem,
1099 256 1149 296 de
1169 266 1253 307 quo

235 333 395 377 Isaias¹
418 343 428 372 ε
451 345 470 369 a
494 330 598 370 Ecce
618 341 700 381 ego
720 329 884 369 mittam
908 327 953 367 in
971 325 1254 367 fundamentis

235 404 335 444 Sion
344 401 520 454 lapidem
529 431 539 449 ,
556 399 737 452 lapidem
749 399 987 451 probatum,
1003 397 1251 449 pretiosum,

233 472 278 512 in
296 471 568 512 fundamento
587 470 822 510 fundatum.
847 483 864 506 ›>
891 467 1008 507 Unde
1033 467 1078 506 in
1095 467 1255 518 Apoca-

234 542 349 595 lypsi
375 546 390 567 ²
415 553 429 581 .·
465 555 484 579 ((
511 540 658 580 Murus
694 538 871 581 civitatis
903 537 1064 577 habens
1100 537 1255 578 funda-

234 613 378 653 menta
401 610 637 660 duodecim,
661 611 701 649 et
728 608 772 647 in
799 607 898 660 ipsis
929 606 1146 646 duodecim
1177 618 1252 646 no—

235 682 350 722 mina
387 680 607 721 duodecim
649 677 936 731 apostolorum
974 676 1104 728 Agni.
1145 690 1163 713 n
1208 676 1257 716 Et

233 752 326 793 ideo
353 751 531 792 dicitur³
554 765 562 792 :
594 764 613 788 ((
633 749 716 791 Vos
738 748 836 789 estis
855 748 967 788 cives
995 749 1253 797 sanctorum,

234 825 276 864 et
291 821 507 863 domestici
526 820 611 871 Dei,
629 817 951 872 superaedificati
965 829 1093 870 super
1111 817 1258 857 funda-

233 894 427 933 mentum
445 891 748 944 apostolorum,
766 892 807 930 et
828 889 1144 941 prophetarum,
1166 889 1257 941 ipso

234 975 402 1004 summo
438 961 637 1014 angulari
678 960 814 1013 lapide
853 959 1015 1000 Christo
1055 959 1176 1008 Jesu,
1214 960 1258 999 in

235 1045 320 1087 quo
347 1033 484 1074 omnis
511 1032 732 1073 aedificatio
762 1034 1010 1080 constructa,
1041 1030 1187 1070 crescit
1213 1030 1258 1069 in

234 1103 440 1157 templum
460 1106 653 1145 sanctum
672 1103 718 1142 in
738 1102 934 1150 Domino,
958 1101 1001 1140 in
1021 1113 1104 1153 quo
1120 1103 1161 1141 et
1184 1113 1259 1141 vos

236 1174 554 1216 coaedificamini
573 1174 616 1214 in
635 1172 921 1214 habitaculum
940 1171 1013 1212 DE1
1033 1172 1078 1212 in
1098 1171 1259 1224 Spiritu

237 1247 438 1286 sancto.»
492 1286 496 1291 ⁴

277 1303 446 1364 'Quarto
476 1313 754 1366 subiungitur
783 1312 1067 1353 denominatio
1101 1311 1259 1352 discre-

235 1385 326 1426 tiva
359 1384 554 1425 consortii
591 1384 637 1423 in
674 1383 870 1436 apostolis
903 1385 995 1435 jam
1033 1382 1257 1434 promotis;

171 1501 175 1504 ,
236 1455 350 1508 quod
365 1457 548 1505 notatur,
571 1466 667 1494 cum
688 1453 839 1494 dicitur
854 1453 907 1505 (v.
932 1454 993 1504 14)
1017 1463 1027 1491 ε
1053 1452 1262 1493 Simonem

238 1525 677 1578 quemcoqnomz‘navit
690 1524 870 1574 Petrum,
892 1528 930 1565 et
946 1522 1156 1564 Andream
1175 1523 1262 1573 fra-

92 1614 222 1650 Apostoli
240 1599 344 1638 trem
368 1595 478 1647 ejus,
510 1598 587 1637 etc.
616 1595 814 1636 Nominat
842 1594 1050 1647 apostolos
1081 1594 1202 1633 binos
1222 1595 1263 1633 et

82 1657 144 1683 hini
171 1664 222 1682 no-

95 1697 207 1723 minau-

82 1739 137 1765 tur.

241 1666 379 1716 binos,
406 1666 640 1707 secundum
671 1666 784 1718 quod
813 1666 1016 1705 Dominus
1041 1665 1263 1705 associavit

240 1748 326 1778 eos.
349 1736 466 1777 Unde
486 1736 596 1776 infra
618 1736 810 1776 subditur
823 1736 851 1786 Β,
875 1736 987 1788 quod
1021 1751 1039 1774 ((
1062 1735 1175 1774 misit
1194 1746 1264 1774 eos

239 1807 363 1848 binos
382 1810 478 1847 ante
497 1807 645 1847 faciem
665 1819 787 1847 suam
804 1807 848 1846 in
863 1818 1033 1847 omnem
1052 1806 1263 1846 civitatem

241 1880 281 1917 et
299 1877 453 1928 locum,
473 1889 558 1930 quo
576 1879 666 1917 erat
685 1878 773 1930 ipse
792 1880 1010 1918 venturus.
1033 1892 1051 1913 »
1079 1876 1129 1917 Et
1147 1878 1261 1925 nota,

242 1949 356 2002 quod
380 1949 448 1989 hic
482 1949 602 2001 ponit
633 1949 808 1989 nomina
834 1948 1047 1997 omnium;
1080 1947 1150 1987 sed
1180 1959 1265 1986 non

242 2019 437 2060 omnium
456 2020 576 2072 ponit
594 2019 863 2071 cognomina,
886 2019 956 2059 sed
976 2018 1162 2067 illorum,
1192 2017 1265 2069 qui

241 2090 400 2131 habent
423 2089 597 2130 nomina
614 2090 845 2142 aequivoca,
868 2091 915 2129 ut
936 2088 1118 2129 Simonis
1137 2087 1262 2137 Petri,

241 2164 282 2201 et
295 2160 476 2201 Simonis
500 2158 648 2200 Zelotis
663 2192 673 2210 ,
695 2162 734 2200 et
750 2159 772 2200 J
777 2159 870 2200 udae
890 2159 1053 2209 Jacobi,
1076 2161 1117 2199 et
1144 2158 1264 2199 Judae

241 2230 495 2272 Iscariothae.
510 2229 560 2270 Et
571 2232 685 2277 nota,
695 2231 807 2283 quod
817 2230 993 2270 associat
1005 2230 1176 2269 fratrem
1189 2230 1267 2269 fra-

240 2302 310 2352 tri,
326 2303 374 2341 ut
389 2301 564 2341 Petrum
584 2301 780 2349 Andreae,
802 2303 842 2341 et
866 2301 1068 2341 Joannem
1095 2300 1262 2350 Jacoho,

241 2372 292 2412 ad
310 2371 685 2411 commendandam
701 2371 966 2411 concordiam
977 2372 1017 2410 et
1027 2369 1264 2409 fraternita-

241 2445 326 2482 tem
339 2443 534 2481 mutuam
545 2472 556 2490 ,
573 2440 806 2480 secundum
819 2440 923 2480 illud
939 2439 1265 2481 Ecclesiastz'ci5:

249 2527 268 2550 «
292 2512 340 2552 ln
368 2511 507 2551 tribus
529 2510 839 2562 beneplacitum
866 2513 926 2550 est
957 2510 1124 2563 spiritui
1153 2521 1264 2560 meo,

244 2595 340 2636 quae.
371 2584 469 2623 sunt
505 2582 679 2634 probata
710 2593 852 2621 coram
890 2581 985 2631 Deo,
1015 2583 1056 2621 et
1079 2581 1266 2620 homini—

243 2654 324 2694 bus
345 2667 353 2693 ε
376 2652 600 2693 concordia
625 2651 825 2701 fratrum,
848 2653 886 2692 et
907 2663 1027 2691 amor
1048 2651 1264 2703 proximo-

212 2774 221 2781 ,
243 2735 355 2774 rum,
379 2725 420 2763 et
442 2722 508 2763 vir
534 2725 574 2763 et
603 2722 756 2762 mulier
781 2723 888 2762 bene
909 2722 989 2761 sibi
1007 2721 1267 2762 consentien-

243 2797 318 2835 tes.
342 2808 362 2832 »
386 2793 507 2843 Nam,
529 2793 635 2834 sicut
650 2793 827 2833 dicitur⁶
853 2807 862 2833 ;
890 2807 909 2831 «
934 2792 1078 2832 Frater
1099 2791 1174 2844 qui
1194 2791 1269 2832 ad-

240 2867 416 2918 Juvatur
437 2877 462 2904 a
480 2864 621 2913 fratre,
642 2864 763 2915 quasi
791 2863 938 2903 civitas
958 2863 1096 2902 firma.
1119 2876 1138 2899 ›)
1174 2862 1269 2902 Pos-

243 2937 378 2975 tremo
411 2936 554 2974 autem
579 2933 782 2986 apostolo,
813 2932 968 2972 scilicet
1000 2932 1132 2982 Judae,
1156 2931 1270 2972 addit

244 3016 327 3045 non
357 3005 495 3045 solum
527 3016 791 3056 cognomen,
825 3003 897 3043 sed
936 3002 1060 3043 etiam
1092 3002 1267 3050 crimen,

247 3085 344 3114 eum
373 3075 472 3116 dicit
494 3090 502 3116 :
541 3076 622 3124 Qut·
642 3076 727 3126 fuit
744 3073 952 3126 proditor.
976 3073 1025 3113 In
1046 3085 1129 3126 quo
1158 3073 1266 3113 desi-

248 3133 419 3196 gnatur,
447 3146 561 3197 quod
587 3145 804 3193 Dominus,
833 3145 878 3184 in
912 3143 1109 3194 eligendo
1144 3154 1268 3190 eum,

248 3225 334 3254 non
359 3214 572 3265 ignoravit
597 3214 735 3268 qualis
765 3214 934 3254 futurus
962 3214 1065 3253 erat.
1094 3211 1236 3252 Unde⁷
1259 3222 1269 3251 :

293 3344 300 3361 ¹
321 3344 400 3380 Im„
426 3345 611 3382 xxv11,16.
629 3360 668 3367 —
693 3344 704 3362 ²
722 3344 836 3384 Apoc„
860 3351 940 3384 xxx,
965 3344 1016 3374 14.
1037 3360 1077 3365 —
1101 3342 1112 3360 ³
1135 3340 1269 3382 Ephes„

251 3398 289 3430 11,
311 3391 418 3421 19-22.
438 3406 479 3412 -—
497 3389 508 3408 ⁴
529 3389 605 3429 lnf.,
621 3399 656 3430 x,
675 3395 703 3422 1.
720 3408 755 3413 —
772 3390 785 3411 ὅ
798 3391 918 3430 Εεσίιζ,
933 3398 1015 3430 XXV,
1032 3392 1061 3421 2.
1079 3407 1113 3411 ——
1130 3390 1143 3410 6
1160 3390 1271 3426 Ρν·ου,,

251 3444 350 3476 xv111,
373 3437 422 3467 19.
440 3453 476 3458 --
498 3437 507 3455 ⁷
528 3437 634 3476 Joczn„
654 3444 700 3476 vi,
721 3438 773 3477 71,
794 3438 844 3467 72.
864 3455 905 3461 —
928 3437 942 3458 8
961 3438 1071 3474 ,Ιοιιηυ
1095 3443 1157 3475 1111,
1178 3436 1208 3467 6,
1232 3452 1269 3458 -

2275 163 2346 201 361

1334 269 1353 291 «
1372 253 1518 294 Nonne
1537 263 1618 304 ego
1637 262 1714 293 vos
1734 250 1955 292 duodecim
1971 248 2093 299 elegi,
2112 251 2152 288 et
2165 260 2218 288 ex
2232 248 2352 289 vohis

1328 335 1440 364 unus
1461 322 1650 363 diabolus
1681 322 1766 361 est‘?
1796 319 1963 360 Dicebat
1989 321 2130 358 autem
2163 317 2212 357 de
2244 317 2352 357 Juda

1330 394 1517 435 Simonis
1544 393 1784 434 Iscariothae
1815 403 1825 431 ε
1857 391 1924 431 1110
1959 390 2074 430 enim
2112 390 2201 428 erat
2230 388 2355 428 tradi-

1329 468 1452 506 turus
1474 476 1586 515 eum,
1610 476 1708 504 cum
1728 465 1835 503 esset
1858 472 1971 502 unus
1997 471 2050 499 ex
2070 458 2304 499 duodecim.
2327 473 2346 495 »

1383 536 1495 576 Licet
1517 538 1661 576 autem
1696 535 1764 574 hic
1801 535 1908 574 esset
1935 532 2104 571 futurus
2129 529 2350 582 pessimus,

1330 609 1473 646 tamen
1492 618 1592 645 eum
1619 605 1822 645 Dominus
1841 603 1969 654 elegit
1987 633 1996 650 ,
2022 600 2122 653 quia
2140 600 2220 640 hoc
2239 611 2352 639 com-

1330 676 1497 728 petebat
1516 686 1606 715 51100
1625 674 1874 723 humilitati,
1905 684 2000 725 quae
2027 683 2080 712 ex
2104 671 2185 710 hoc
2215 669 2357 709 eluce-

1331 747 1415 796 bat,
1430 745 1540 797 quod
1567 756 1652 784 non
1675 743 1877 784 recusarit
1897 741 2155 783 consortium
2171 740 2237 780 sui
2256 751 2353 791 pro-

1332 811 1499 864 ditoris,
1524 817 1563 854 et
1583 825 1670 854 suae
1690 812 1958 864 benignitati,
1981 812 2081 863 quia
2107 822 2192 850 non
2218 809 2358 849 solum

1332 886 1469 936 bonis,
1489 885 1561 925 sed
1582 884 1709 924 etiam
1742 883 1864 923 malis
1893 882 2131 932 benignum
2161 892 2205 920 se
2224 882 2359 919 osten-

1333 956 1469 996 debat.
1504 955 1621 996 Unde
1676 957 1717 994 et
1753 953 1848 994 fecit
1893 964 1992 992 eum
2031 951 2360 1003 dispensatorem

1333 1038 1476 1075 suum,
1498 1025 1606 1066 sicut
1624 1025 1777 1065 dicitur
1791 1027 1805 1049 ⁸
1828 1039 1836 1064 ς
1868 1038 1886 1062 ((
1907 1022 1994 1063 Fur
2014 1024 2119 1070 erat,
2141 1025 2181 1061 et
2200 1020 2359 1060 loculos

1333 1097 1506 1146 habens,
1548 1108 1597 1136 ea
1633 1107 1729 1148 quae
1766 1095 2043 1135 mittebantur
2080 1091 2285 1144 portabat.
2334 1104 2352 1126 »

1335 1168 1606 1220 Congruebat
1625 1167 1752 1207 etiam
1773 1165 1899 1205 statui
1915 1163 2132 1218 praesentis
2149 1161 2360 1211 Ecclesiae,

1334 1239 1379 1278 in
1407 1252 1492 1292 qua
1521 1238 1622 1278 mali
1642 1237 1948 1290 permiscentur
1970 1233 2105 1283 honis,
2130 1232 2362 1272 secundum

1335 1309 1438 1349 illud
1464 1309 1660 1351 illatchoez·
1688 1308 1730 1346 ⁹:
1763 1322 1781 1345 ((
1810 1306 1940 1347 Sinite
1969 1307 2149 1356 utraque
2178 1314 2363 1342 crescere

1335 1391 1470 1432 usque
1489 1380 1539 1419 ad
1558 1390 1751 1419 messem.
1775 1391 1793 1414 ›)
1831 1376 1881 1417 Et
1914 1390 1933 1413 c(
1954 1375 2089 1415 simile
2109 1375 2185 1423 est,
2207 1388 2225 1410 ›>
2256 1372 2365 1412 sicut

1335 1450 1488 1490 dicitur
1510 1449 1582 1500 ¹⁰,(‹
1603 1460 1788 1500 regnum
1810 1446 2011 1487 coelorum
2035 1455 2205 1495 sagenae
2227 1442 2366 1481 missae

1335 1520 1381 1560 in
1400 1531 1532 1569 mare,
1551 1522 1658 1559 etex
1677 1518 1794 1559 omni
1811 1528 1969 1569 genero
1987 1514 2166 1567 piscium
2186 1524 2365 1564 congre-

1338 1591 1458 1642 ganti
1475 1605 1482 1630 :
1505 1602 1649 1643 quam,
1669 1601 1767 1629 cum
1788 1588 1961 1640 impleta
1980 1588 2100 1634 esset,
2121 1585 2362 1631 educentes,

1337 1665 1376 1701 et
1394 1672 1513 1701 secus
1539 1661 1656 1700 littus
1688 1660 1900 1708 sedentes,
1923 1658 2144 1709 elegerunt
2163 1656 2294 1696 bonos
2322 1653 2367 1693 in

1337 1745 1453 1783 vasa,
1475 1732 1610 1772 malos
1629 1735 1771 1772 autem
1797 1731 1907 1770 foras
1934 1730 2157 1769 miserunt.
2179 1742 2196 1764 n
2226 1727 2366 1778 Expe-

1338 1803 1476 1844 diebat
1496 1803 1625 1843 etiam
1657 1803 1736 1842 1100
1766 1799 1993 1841 eruditioni
2023 1800 2195 1848 nostrae,
2216 1800 2368 1838 utnon

1337 1874 1598 1922 diffidamus,
1619 1873 1652 1912 si
1676 1883 1806 1925 quos,
1830 1872 1904 1924 qui
1930 1870 2129 1912 videntur
2150 1871 2274 1918 stare,
2297 1880 2367 1908 ca-

1338 1945 1434 1984 dere
1453 1944 1695 2002 yideamus3
1720 1945 1761 1983 et
1786 1955 1840 1983 ne
1861 1944 2032 1995 propter
2053 1940 2214 1992 aliquot
2234 1939 2368 1979 malos

1337 2017 1548 2056 bonorum
1570 2015 1831 2055 consortium
1850 2012 2152 2065 despiciamus,
2174 2011 2297 2061 juxta
2317 2009 2366 2048 il-

1338 2086 1410 2127 lud
1431 2086 1543 2138 quod
1570 2085 1721 2126 dicitur
1742 2085 1767 2107 ¹¹
1795 2096 1804 2124 :
1828 2099 1846 2121 (ι
1865 2083 1929 2123 Ex
1953 2081 2076 2122 nobis
2095 2080 2364 2133 prodierunt,

1339 2157 1411 2197 sed
1431 2169 1518 2197 non
1543 2158 1661 2196 erant
1688 2168 1741 2196 ex
1765 2155 1899 2195 nobis.
1925 2153 2030 2194 Nam
2059 2151 2094 2191 si
2120 2150 2296 2191 fuissent
2314 2162 2367 2191 ex

1338 2227 1474 2278 nobis,
1500 2226 1828 2279 permansissent
1848 2224 1996 2276 utique
2024 2222 2268 2270 nobiscum;
2293 2221 2363 2260 sed

1338 2301 1386 2338 ut
1416 2298 1625 2338 manifesti
1650 2297 1755 2346 sint,
1788 2295 1991 2348 quoniam
2020 2305 2108 2334 non
2141 2294 2240 2333 sunt
2273 2303 2369 2332 om-

1338 2380 1413 2408 nes
1433 2380 1485 2408 ex
1504 2367 1639 2407 nobis.
1666 2381 1685 2403 »
1718 2366 1770 2406 Ut
1786 2366 1912 2406 etiam
1929 2376 2017 2404 non
2036 2373 2365 2416 praesumamus,

1339 2439 1373 2478 si
1393 2438 1444 2478 ad
1464 2437 1691 2489 dignitates
1715 2436 1942 2487 eligamur.
1973 2433 2089 2474 Unde
2110 2433 2364 2482 Bernardus,

1338 2508 1384 2548 in
1403 2507 1576 2560 epistola
1592 2507 1642 2547 ad
1665 2506 1956 2547 Coloniensem
1972 2503 2365 2556 Archiepiscopum‚

1341 2579 1399 2618 sic
1419 2578 1476 2618 ait
1491 2579 1518 2599 ¹²
1543 2592 1552 2618 :
1570 2592 1588 2615 (‹
1607 2576 1651 2617 Si
1671 2578 1857 2627 cunctos,
1879 2575 1953 2627 qui
1971 2576 2177 2616 vocantur
2203 2573 2255 2613 ad
2280 2573 2369 2612 mi·-

1340 2648 1577 2698 nisterium,
1612 2649 1774 2687 constat
1803 2646 1906 2697 eligi
1937 2646 1988 2686 ad
2026 2656 2227 2696 regnum,
2267 2655 2366 2696 pro-

2395 536 2516 561 CurDo-

2394 575 2492 600 minus

2394 617 2408 640 J
2415 615 2499 640 udam

2378 655 2506 690 elegerit.

1339 2721 1445 2760 fecto
1466 2730 1638 2759 securus
1651 2720 1712 2758 est
1728 2716 1984 2757 Coloniensis
1999 2714 2365 2767 Archiepiscopus.
2404 2746 2409 2749 ,

1341 2790 1460 2839 Quod
1477 2790 1511 2829 51
1534 2789 1661 2829 etiam
1683 2791 1722 2828 et
1745 2786 1916 2827 Saulem
1935 2786 1980 2825 in
2000 2797 2138 2837 regno
2159 2788 2200 2825 et
2218 2784 2369 2825 Judam

1343 2860 1389 2900 in
1405 2859 1634 2900 sacerdotio
1647 2858 1808 2910 legitur
1826 2857 2004 2908 elegisse
2014 2868 2101 2896 non
2120 2855 2228 2896 alius
2241 2867 2369 2908 quam

1341 2931 1430 2983 ipse
1450 2930 1573 2981 Deus,
1598 2932 1638 2970 et
1657 2929 1918 2981 reprobasse,
1940 2929 1982 2967 et
2002 2938 2089 2967 non
2107 2929 2243 2978 potest
2262 2926 2369 2966 solvi

1343 3001 1561 3054 Scriptura
1587 3012 1684 3053 quae
1713 3000 1794 3039 1100
1826 2997 1996 3046 asserit,
2027 2997 2173 3037 timeat
2201 3008 2370 3037 necesse

1342 3073 1404 3112 est
1427 3074 1468 3112 et
1500 3070 1759 3111 Coloniensis
1799 3067 2162 3120 Archiepiscopus.
2201 3082 2219 3104 n
2253 3066 2369 3107 Unde

1342 3142 1464 3183 valde
1487 3140 1674 3182 terribile
1704 3142 1765 3180 est
1782 3139 1885 3179 illud
1908 3138 2102 3180 Matthaei
2119 3137 2147 3159 ¹³
2166 3150 2180 3176 :
2208 3152 2226 3175 «
2250 3137 2366 3177 Multi

1343 3213 1458 3253 enim
1477 3214 1576 3252 sunt
1593 3210 1747 3261 vocati,
1763 3209 1887 3262 pauci
1906 3221 2008 3251 vero
2022 3208 2159 3256 electi;
2175 3222 2194 3245 n
2215 3210 2257 3247 et
2275 3206 2368 3247 ideo

1343 3343 1354 3361 ⁹
1375 3342 1507 3382 Matth„
1528 3349 1604 3382 xm,
1623 3343 1672 3374 30.
1690 3358 1731 3365 —
1745 3340 1774 3361 ²⁰
1799 3340 1896 3379 thid„
1916 3341 1968 3379 47,
1989 3340 2039 3370 48.
2057 3355 2097 3361 —
2117 3337 2141 3358 1¹
2166 3337 2175 3367 Ι
2197 3337 2302 3374 Joan„
2328 3344 2367 3375 11,

1347 3389 1394 3421 19.
1432 3406 1472 3411 -
1509 3389 1534 3410 ¹2
1570 3390 1686 3428 Βο1·11.,
1723 3387 1769 3419 ad
1804 3387 1919 3419 Colon.
1956 3384 2070 3424 Arclz„
2110 3382 2204 3423 epist.
2244 3391 2291 3414 ix.
2327 3398 2367 3406 -

1346 3434 1372 3454 ¹³
1394 3435 1527 3474 Matth„
1551 3444 1637 3475 xxm,
1661 3437 1710 3466 14.
