<?xml version="1.0" encoding="UTF-8"?>
<!DOCTYPE html PUBLIC "-//W3C//DTD XHTML 1.0 Transitional//EN"
    "http://www.w3.org/TR/xhtml1/DTD/xhtml1-transitional.dtd">
<html xmlns="http://www.w3.org/1999/xhtml" xml:lang="en" lang="en">
 <head>
  <title>
</title>
<meta http-equiv="Content-Type" content="text/html;charset=utf-8" />
  <meta name='ocr-system' content='tesseract 3.04.00' />
  <meta name='ocr-capabilities' content='ocr_page ocr_carea ocr_par ocr_line ocrx_word'/>
</head>
<body>
  <div class='ocr_page' id='page_1' title='image "./operaomniasixtiv10bonauoft/operaomniasixtiv10bonauoft_0019.png"; bbox 0 0 2587 3845; ppageno 0'>
   <div class='ocr_carea' id='block_1_1' title="bbox 717 229 1662 315">
    <p class='ocr_par' dir='ltr' id='par_1_1' title="bbox 717 229 1662 315">
     <span class='ocr_line' id='line_1_1' title="bbox 717 229 1662 315; baseline -0.004 0"><span class='ocrx_word' id='word_1_1' title='bbox 717 235 786 315; x_wconf 81' lang='lat' dir='ltr'>S.</span> <span class='ocrx_word' id='word_1_2' title='bbox 841 232 924 314; x_wconf 85' lang='lat' dir='ltr'>R.</span> <span class='ocrx_word' id='word_1_3' title='bbox 980 231 1057 312; x_wconf 88' lang='grc' dir='ltr'>Ε.</span> <span class='ocrx_word' id='word_1_4' title='bbox 1114 229 1662 312; x_wconf 82' lang='lat' dir='ltr'>CARDINALIS</span> 
     </span>
    </p>
   </div>
   <div class='ocr_carea' id='block_1_2' title="bbox 219 410 2166 550">
    <p class='ocr_par' dir='ltr' id='par_1_2' title="bbox 219 410 2166 550">
     <span class='ocr_line' id='line_1_2' title="bbox 219 410 2166 550; baseline -0.003 -1"><span class='ocrx_word' id='word_1_5' title='bbox 219 416 786 550; x_wconf 71' lang='lat' dir='ltr'>SANCTI</span> <span class='ocrx_word' id='word_1_6' title='bbox 879 410 2166 546; x_wconf 79' lang='lat' dir='ltr'><strong>BONAVENTURAE</strong></span> 
     </span>
    </p>
   </div>
   <div class='ocr_carea' id='block_1_3' title="bbox 520 639 1863 686">
    <p class='ocr_par' dir='ltr' id='par_1_3' title="bbox 520 639 1863 686">
     <span class='ocr_line' id='line_1_3' title="bbox 520 639 1863 686; baseline -0.003 -8"><span class='ocrx_word' id='word_1_7' title='bbox 520 643 721 679; x_wconf 85' lang='lat' dir='ltr'>EPISCOPI</span> <span class='ocrx_word' id='word_1_8' title='bbox 759 641 1061 686; x_wconf 83' lang='lat' dir='ltr'>ALBANENSIS,</span> <span class='ocrx_word' id='word_1_9' title='bbox 1101 639 1325 677; x_wconf 87' lang='lat' dir='ltr'>DOCTORIS</span> <span class='ocrx_word' id='word_1_10' title='bbox 1363 639 1590 676; x_wconf 86' lang='lat' dir='ltr'>ECCLESIAE</span> <span class='ocrx_word' id='word_1_11' title='bbox 1629 639 1863 675; x_wconf 88' lang='lat' dir='ltr'>SERAPHICI</span> 
     </span>
    </p>
   </div>
   <div class='ocr_carea' id='block_1_4' title="bbox 361 991 2038 1077">
    <p class='ocr_par' dir='ltr' id='par_1_4' title="bbox 361 991 2038 1077">
     <span class='ocr_line' id='line_1_4' title="bbox 361 991 2038 1077; baseline -0.002 0"><span class='ocrx_word' id='word_1_12' title='bbox 361 1003 845 1077; x_wconf 84' lang='lat' dir='ltr'>EXPOSITIO</span> <span class='ocrx_word' id='word_1_13' title='bbox 906 1003 1001 1074; x_wconf 90' lang='lat' dir='ltr'>IN</span> <span class='ocrx_word' id='word_1_14' title='bbox 1062 1003 1415 1075; x_wconf 85' lang='lat' dir='ltr'>LIBRUM</span> <span class='ocrx_word' id='word_1_15' title='bbox 1475 991 2038 1074; x_wconf 65' lang='lat' dir='ltr'>SAPIENTIAE‘</span> 
     </span>
    </p>
   </div>
   <div class='ocr_carea' id='block_1_5' title="bbox 974 1356 1442 1511">
    <p class='ocr_par' dir='ltr' id='par_1_5' title="bbox 974 1356 1442 1511">
     <span class='ocr_line' id='line_1_5' title="bbox 974 1356 1442 1405; baseline -0.002 0"><span class='ocrx_word' id='word_1_16' title='bbox 974 1356 1442 1405; x_wconf 78' lang='lat' dir='ltr'><strong>ARGUMENTUM</strong></span> 
     </span>
     <span class='ocr_line' id='line_1_6' title="bbox 1045 1465 1375 1511; baseline 0 -11"><span class='ocrx_word' id='word_1_17' title='bbox 1045 1465 1116 1511; x_wconf 76' lang='lat' dir='ltr'>(Eoe</span> <span class='ocrx_word' id='word_1_18' title='bbox 1138 1465 1226 1501; x_wconf 62' lang='lat' dir='ltr'>edit.</span> <span class='ocrx_word' id='word_1_19' title='bbox 1242 1466 1375 1510; x_wconf 65' lang='lat' dir='ltr'>Vane.)</span> 
     </span>
    </p>
   </div>
   <div class='ocr_carea' id='block_1_6' title="bbox 145 1571 2283 2321">
    <p class='ocr_par' dir='ltr' id='par_1_6' title="bbox 145 1571 2283 2321">
     <span class='ocr_line' id='line_1_7' title="bbox 203 1571 2273 1630; baseline 0 -15"><span class='ocrx_word' id='word_1_20' title='bbox 203 1572 385 1615; x_wconf 88' lang='lat' dir='ltr'>Librum</span> <span class='ocrx_word' id='word_1_21' title='bbox 415 1571 668 1630; x_wconf 69' lang='lat' dir='ltr'>Sapientiae,</span> <span class='ocrx_word' id='word_1_22' title='bbox 703 1571 750 1614; x_wconf 92' lang='lat' dir='ltr'>in</span> <span class='ocrx_word' id='word_1_23' title='bbox 782 1586 870 1629; x_wconf 90' lang='lat' dir='ltr'>quo</span> <span class='ocrx_word' id='word_1_24' title='bbox 901 1571 1120 1629; x_wconf 61' lang='lat' dir='ltr'>sapientise</span> <span class='ocrx_word' id='word_1_25' title='bbox 1152 1572 1423 1630; x_wconf 67' lang='lat' dir='ltr'>justitiaeque</span> <span class='ocrx_word' id='word_1_26' title='bbox 1463 1571 1639 1615; x_wconf 89' lang='lat' dir='ltr'>nomine</span> <span class='ocrx_word' id='word_1_27' title='bbox 1671 1572 1925 1616; x_wconf 79' lang='lat' dir='ltr'><strong>summatim</strong></span> <span class='ocrx_word' id='word_1_28' title='bbox 1961 1573 2102 1617; x_wconf 89' lang='lat' dir='ltr'>omnis</span> <span class='ocrx_word' id='word_1_29' title='bbox 2132 1574 2273 1617; x_wconf 89' lang='lat' dir='ltr'>virtus</span> 
     </span>
     <span class='ocr_line' id='line_1_8' title="bbox 145 1648 2273 1709; baseline 0.001 -17"><span class='ocrx_word' id='word_1_30' title='bbox 145 1649 413 1701; x_wconf 80' lang='lat' dir='ltr'>continetur,</span> <span class='ocrx_word' id='word_1_31' title='bbox 438 1653 610 1692; x_wconf 87' lang='lat' dir='ltr'>sanctus</span> <span class='ocrx_word' id='word_1_32' title='bbox 639 1648 950 1691; x_wconf 82' lang='lat' dir='ltr'>Bonaventura</span> <span class='ocrx_word' id='word_1_33' title='bbox 967 1682 977 1702; x_wconf 90' lang='lat'>,</span> <span class='ocrx_word' id='word_1_34' title='bbox 999 1652 1047 1691; x_wconf 88' lang='lat' dir='ltr'>ut</span> <span class='ocrx_word' id='word_1_35' title='bbox 1068 1648 1199 1703; x_wconf 87' lang='lat' dir='ltr'>solet,</span> <span class='ocrx_word' id='word_1_36' title='bbox 1223 1648 1410 1706; x_wconf 83' lang='lat' dir='ltr'>explicat</span> <span class='ocrx_word' id='word_1_37' title='bbox 1436 1648 1667 1706; x_wconf 79' lang='lat' dir='ltr'>sapienter.</span> <span class='ocrx_word' id='word_1_38' title='bbox 1697 1648 1765 1692; x_wconf 88' lang='lat' dir='ltr'>Ad</span> <span class='ocrx_word' id='word_1_39' title='bbox 1793 1649 1914 1692; x_wconf 89' lang='lat' dir='ltr'>illius</span> <span class='ocrx_word' id='word_1_40' title='bbox 1942 1649 2061 1693; x_wconf 90' lang='lat' dir='ltr'>enim</span> <span class='ocrx_word' id='word_1_41' title='bbox 2087 1650 2273 1709; x_wconf 85' lang='lat' dir='ltr'>explica-</span> 
     </span>
     <span class='ocr_line' id='line_1_9' title="bbox 148 1724 2274 1779; baseline 0 -10"><span class='ocrx_word' id='word_1_42' title='bbox 148 1725 308 1769; x_wconf 87' lang='lat' dir='ltr'>tionem</span> <span class='ocrx_word' id='word_1_43' title='bbox 341 1725 484 1768; x_wconf 89' lang='lat' dir='ltr'>utitur</span> <span class='ocrx_word' id='word_1_44' title='bbox 520 1730 561 1768; x_wconf 87' lang='lat' dir='ltr'>et</span> <span class='ocrx_word' id='word_1_45' title='bbox 591 1724 752 1767; x_wconf 82' lang='lat' dir='ltr'>crebris</span> <span class='ocrx_word' id='word_1_46' title='bbox 780 1724 1032 1767; x_wconf 79' lang='lat' dir='ltr'>divinarum</span> <span class='ocrx_word' id='word_1_47' title='bbox 1061 1725 1326 1768; x_wconf 81' lang='lat' dir='ltr'>Litterarum</span> <span class='ocrx_word' id='word_1_48' title='bbox 1356 1724 1709 1779; x_wconf 83' lang='lat' dir='ltr'>auctoritatibus,</span> <span class='ocrx_word' id='word_1_49' title='bbox 1744 1730 1785 1768; x_wconf 90' lang='lat' dir='ltr'>et</span> <span class='ocrx_word' id='word_1_50' title='bbox 1810 1730 2060 1770; x_wconf 87' lang='lat' dir='ltr'>sanctorum</span> <span class='ocrx_word' id='word_1_51' title='bbox 2091 1726 2274 1770; x_wconf 84' lang='lat' dir='ltr'>Patrum</span> 
     </span>
     <span class='ocr_line' id='line_1_10' title="bbox 147 1800 2275 1861; baseline 0 -16"><span class='ocrx_word' id='word_1_52' title='bbox 147 1801 368 1846; x_wconf 84' lang='lat' dir='ltr'>doctrinis.</span> <span class='ocrx_word' id='word_1_53' title='bbox 392 1801 558 1854; x_wconf 85' lang='lat' dir='ltr'>Quare,</span> <span class='ocrx_word' id='word_1_54' title='bbox 582 1802 700 1859; x_wconf 84' lang='lat' dir='ltr'>quod</span> <span class='ocrx_word' id='word_1_55' title='bbox 725 1800 818 1858; x_wconf 84' lang='lat' dir='ltr'>ejus</span> <span class='ocrx_word' id='word_1_56' title='bbox 844 1801 1071 1859; x_wconf 86' lang='lat' dir='ltr'>proprium</span> <span class='ocrx_word' id='word_1_57' title='bbox 1103 1806 1187 1856; x_wconf 89' lang='lat' dir='ltr'>est,</span> <span class='ocrx_word' id='word_1_58' title='bbox 1221 1816 1322 1845; x_wconf 88' lang='lat' dir='ltr'>cum</span> <span class='ocrx_word' id='word_1_59' title='bbox 1347 1801 1394 1844; x_wconf 87' lang='lat' dir='ltr'>in</span> <span class='ocrx_word' id='word_1_60' title='bbox 1421 1801 1609 1856; x_wconf 83' lang='lat' dir='ltr'>caeteriS,</span> <span class='ocrx_word' id='word_1_61' title='bbox 1636 1806 1732 1845; x_wconf 89' lang='lat' dir='ltr'>tum</span> <span class='ocrx_word' id='word_1_62' title='bbox 1759 1802 1804 1844; x_wconf 90' lang='lat' dir='ltr'>in</span> <span class='ocrx_word' id='word_1_63' title='bbox 1829 1802 1909 1845; x_wconf 87' lang='lat' dir='ltr'>hac</span> <span class='ocrx_word' id='word_1_64' title='bbox 1937 1802 2203 1861; x_wconf 77' lang='lat' dir='ltr'>expositione</span> <span class='ocrx_word' id='word_1_65' title='bbox 2230 1803 2275 1846; x_wconf 85' lang='lat' dir='ltr'>id</span> 
     </span>
     <span class='ocr_line' id='line_1_11' title="bbox 150 1877 2279 1937; baseline 0 -15"><span class='ocrx_word' id='word_1_66' title='bbox 150 1878 314 1933; x_wconf 84' lang='lat' dir='ltr'>elucet,</span> <span class='ocrx_word' id='word_1_67' title='bbox 338 1883 388 1920; x_wconf 92' lang='lat' dir='ltr'>ut</span> <span class='ocrx_word' id='word_1_68' title='bbox 407 1877 604 1921; x_wconf 82' lang='lat' dir='ltr'>docuerit</span> <span class='ocrx_word' id='word_1_69' title='bbox 625 1877 825 1920; x_wconf 84' lang='lat' dir='ltr'>instituta</span> <span class='ocrx_word' id='word_1_70' title='bbox 847 1882 1149 1937; x_wconf 72' lang='lat' dir='ltr'>praeceptaque</span> <span class='ocrx_word' id='word_1_71' title='bbox 1168 1878 1276 1935; x_wconf 81' lang='lat' dir='ltr'>legis</span> <span class='ocrx_word' id='word_1_72' title='bbox 1297 1878 1456 1922; x_wconf 65' lang='lat' dir='ltr'>divina}</span> <span class='ocrx_word' id='word_1_73' title='bbox 1476 1878 1707 1933; x_wconf 87' lang='lat' dir='ltr'>salutaria,</span> <span class='ocrx_word' id='word_1_74' title='bbox 1732 1883 1862 1937; x_wconf 86' lang='lat' dir='ltr'>atque</span> <span class='ocrx_word' id='word_1_75' title='bbox 1883 1878 2026 1922; x_wconf 88' lang='lat' dir='ltr'>officia</span> <span class='ocrx_word' id='word_1_76' title='bbox 2044 1879 2279 1935; x_wconf 86' lang='lat' dir='ltr'>virtutum,</span> 
     </span>
     <span class='ocr_line' id='line_1_12' title="bbox 151 1953 2282 2014; baseline 0 -16"><span class='ocrx_word' id='word_1_77' title='bbox 151 1955 280 1998; x_wconf 84' lang='lat' dir='ltr'>etiam</span> <span class='ocrx_word' id='word_1_78' title='bbox 312 1969 364 1998; x_wconf 87' lang='lat' dir='ltr'>ex</span> <span class='ocrx_word' id='word_1_79' title='bbox 397 1954 593 2013; x_wconf 84' lang='lat' dir='ltr'>ipsorum</span> <span class='ocrx_word' id='word_1_80' title='bbox 625 1953 901 2012; x_wconf 83' lang='lat' dir='ltr'>potissimum</span> <span class='ocrx_word' id='word_1_81' title='bbox 939 1954 1122 1997; x_wconf 89' lang='lat' dir='ltr'>Patrum</span> <span class='ocrx_word' id='word_1_82' title='bbox 1162 1954 1330 2011; x_wconf 86' lang='lat' dir='ltr'>scriptis</span> <span class='ocrx_word' id='word_1_83' title='bbox 1367 1970 1415 1998; x_wconf 88' lang='lat' dir='ltr'>ac</span> <span class='ocrx_word' id='word_1_84' title='bbox 1454 1954 1765 1998; x_wconf 82' lang='lat' dir='ltr'>traditionibus</span> <span class='ocrx_word' id='word_1_85' title='bbox 1795 1971 1804 1997; x_wconf 92' lang='lat'>:</span> <span class='ocrx_word' id='word_1_86' title='bbox 1837 1955 1956 2014; x_wconf 89' lang='lat' dir='ltr'>quod</span> <span class='ocrx_word' id='word_1_87' title='bbox 1998 1955 2051 1998; x_wconf 86' lang='lat' dir='ltr'>ab</span> <span class='ocrx_word' id='word_1_88' title='bbox 2084 1955 2282 2000; x_wconf 78' lang='lat' dir='ltr'>Ecclesiae</span> 
     </span>
     <span class='ocr_line' id='line_1_13' title="bbox 150 2030 2283 2091; baseline 0 -16"><span class='ocrx_word' id='word_1_89' title='bbox 150 2031 321 2075; x_wconf 88' lang='lat' dir='ltr'>doctore</span> <span class='ocrx_word' id='word_1_90' title='bbox 341 2030 437 2074; x_wconf 87' lang='lat' dir='ltr'>fieri</span> <span class='ocrx_word' id='word_1_91' title='bbox 458 2030 631 2084; x_wconf 87' lang='lat' dir='ltr'>debere,</span> <span class='ocrx_word' id='word_1_92' title='bbox 649 2035 822 2073; x_wconf 86' lang='lat' dir='ltr'>sanctus</span> <span class='ocrx_word' id='word_1_93' title='bbox 843 2030 1043 2075; x_wconf 85' lang='lat' dir='ltr'>Clemens</span> <span class='ocrx_word' id='word_1_94' title='bbox 1063 2031 1261 2090; x_wconf 78' lang='lat' dir='ltr'>pontifex</span> <span class='ocrx_word' id='word_1_95' title='bbox 1281 2036 1322 2074; x_wconf 90' lang='lat' dir='ltr'>et</span> <span class='ocrx_word' id='word_1_96' title='bbox 1342 2036 1511 2090; x_wconf 75' lang='lat' dir='ltr'>martyr</span> <span class='ocrx_word' id='word_1_97' title='bbox 1530 2031 1813 2074; x_wconf 86' lang='lat' dir='ltr'>demonstrat.</span> <span class='ocrx_word' id='word_1_98' title='bbox 1836 2032 1900 2075; x_wconf 91' lang='lat' dir='ltr'>Ac</span> <span class='ocrx_word' id='word_1_99' title='bbox 1919 2036 2144 2091; x_wconf 78' lang='lat' dir='ltr'>praeterea,</span> <span class='ocrx_word' id='word_1_100' title='bbox 2165 2032 2283 2091; x_wconf 88' lang='lat' dir='ltr'>quod</span> 
     </span>
     <span class='ocr_line' id='line_1_14' title="bbox 150 2107 2282 2168; baseline 0 -17"><span class='ocrx_word' id='word_1_101' title='bbox 150 2108 197 2151; x_wconf 91' lang='lat' dir='ltr'>in</span> <span class='ocrx_word' id='word_1_102' title='bbox 217 2107 452 2167; x_wconf 86' lang='lat' dir='ltr'>superioris</span> <span class='ocrx_word' id='word_1_103' title='bbox 473 2107 574 2150; x_wconf 86' lang='lat' dir='ltr'>libri</span> <span class='ocrx_word' id='word_1_104' title='bbox 593 2107 876 2150; x_wconf 68' lang='lat' dir='ltr'>Ecclesiastoe</span> <span class='ocrx_word' id='word_1_105' title='bbox 901 2108 955 2166; x_wconf 79' lang='lat' dir='ltr'>(a)</span> <span class='ocrx_word' id='word_1_106' title='bbox 981 2108 1339 2166; x_wconf 84' lang='lat' dir='ltr'>interpretatione</span> <span class='ocrx_word' id='word_1_107' title='bbox 1368 2108 1483 2162; x_wconf 87' lang='lat' dir='ltr'>fecit,</span> <span class='ocrx_word' id='word_1_108' title='bbox 1507 2108 1660 2151; x_wconf 87' lang='lat' dir='ltr'>itidem</span> <span class='ocrx_word' id='word_1_109' title='bbox 1690 2108 1736 2151; x_wconf 90' lang='lat' dir='ltr'>in</span> <span class='ocrx_word' id='word_1_110' title='bbox 1764 2107 1844 2152; x_wconf 91' lang='lat' dir='ltr'>hac</span> <span class='ocrx_word' id='word_1_111' title='bbox 1871 2109 2139 2168; x_wconf 81' lang='lat' dir='ltr'>expositione</span> <span class='ocrx_word' id='word_1_112' title='bbox 2164 2109 2282 2164; x_wconf 85' lang='lat' dir='ltr'>facit,</span> 
     </span>
     <span class='ocr_line' id='line_1_15' title="bbox 151 2184 2278 2245; baseline 0.001 -17"><span class='ocrx_word' id='word_1_113' title='bbox 151 2184 199 2228; x_wconf 92' lang='lat' dir='ltr'>in</span> <span class='ocrx_word' id='word_1_114' title='bbox 218 2200 306 2244; x_wconf 84' lang='lat' dir='ltr'>qua</span> <span class='ocrx_word' id='word_1_115' title='bbox 324 2184 452 2228; x_wconf 84' lang='lat' dir='ltr'>etiam</span> <span class='ocrx_word' id='word_1_116' title='bbox 474 2184 707 2243; x_wconf 80' lang='lat' dir='ltr'>prologum</span> <span class='ocrx_word' id='word_1_117' title='bbox 727 2184 864 2227; x_wconf 87' lang='lat' dir='ltr'>sancti</span> <span class='ocrx_word' id='word_1_118' title='bbox 881 2184 1160 2244; x_wconf 86' lang='lat' dir='ltr'>Hieronymi,</span> <span class='ocrx_word' id='word_1_119' title='bbox 1183 2184 1286 2227; x_wconf 90' lang='lat' dir='ltr'>huic</span> <span class='ocrx_word' id='word_1_120' title='bbox 1305 2184 1418 2228; x_wconf 88' lang='lat' dir='ltr'>libro</span> <span class='ocrx_word' id='word_1_121' title='bbox 1437 2185 1724 2243; x_wconf 88' lang='lat' dir='ltr'>adscriptum,</span> <span class='ocrx_word' id='word_1_122' title='bbox 1740 2184 1918 2228; x_wconf 89' lang='lat' dir='ltr'>adhibet</span> <span class='ocrx_word' id='word_1_123' title='bbox 1933 2190 2064 2245; x_wconf 86' lang='lat' dir='ltr'>atque</span> <span class='ocrx_word' id='word_1_124' title='bbox 2085 2186 2278 2245; x_wconf 80' lang='lat' dir='ltr'>exponit,</span> 
     </span>
     <span class='ocr_line' id='line_1_16' title="bbox 153 2260 2281 2321; baseline 0 -16"><span class='ocrx_word' id='word_1_125' title='bbox 153 2266 195 2305; x_wconf 82' lang='lat' dir='ltr'>et</span> <span class='ocrx_word' id='word_1_126' title='bbox 216 2262 276 2305; x_wconf 87' lang='lat' dir='ltr'>ita</span> <span class='ocrx_word' id='word_1_127' title='bbox 295 2262 541 2316; x_wconf 84' lang='lat' dir='ltr'>enucleate,</span> <span class='ocrx_word' id='word_1_128' title='bbox 564 2265 613 2304; x_wconf 85' lang='lat' dir='ltr'>ut</span> <span class='ocrx_word' id='word_1_129' title='bbox 631 2260 874 2320; x_wconf 68' lang='lat' dir='ltr'>Sapientia?</span> <span class='ocrx_word' id='word_1_130' title='bbox 894 2261 997 2304; x_wconf 88' lang='lat' dir='ltr'>libri</span> <span class='ocrx_word' id='word_1_131' title='bbox 1017 2261 1298 2305; x_wconf 84' lang='lat' dir='ltr'>Salomonem</span> <span class='ocrx_word' id='word_1_132' title='bbox 1325 2267 1548 2305; x_wconf 86' lang='lat' dir='ltr'>auctorem</span> <span class='ocrx_word' id='word_1_133' title='bbox 1567 2276 1657 2305; x_wconf 90' lang='lat' dir='ltr'>esse</span> <span class='ocrx_word' id='word_1_134' title='bbox 1677 2261 1887 2317; x_wconf 86' lang='lat' dir='ltr'>affirmet,</span> <span class='ocrx_word' id='word_1_135' title='bbox 1909 2262 2281 2321; x_wconf 85' lang='lat' dir='ltr'>quemadmodum</span> 
     </span>
    </p>
   </div>
   <div class='ocr_carea' id='block_1_7' title="bbox 155 2337 2283 2473">
    <p class='ocr_par' dir='ltr' id='par_1_7' title="bbox 155 2337 2283 2473">
     <span class='ocr_line' id='line_1_17' title="bbox 155 2337 2283 2397; baseline 0 -16"><span class='ocrx_word' id='word_1_136' title='bbox 155 2352 429 2382; x_wconf 88' lang='lat' dir='ltr'>summorum</span> <span class='ocrx_word' id='word_1_137' title='bbox 461 2337 741 2393; x_wconf 86' lang='lat' dir='ltr'>Pontificum,</span> <span class='ocrx_word' id='word_1_138' title='bbox 767 2337 1063 2381; x_wconf 89' lang='lat' dir='ltr'>Conciliorum</span> <span class='ocrx_word' id='word_1_139' title='bbox 1094 2344 1134 2381; x_wconf 86' lang='lat' dir='ltr'>et</span> <span class='ocrx_word' id='word_1_140' title='bbox 1162 2339 1346 2382; x_wconf 88' lang='lat' dir='ltr'>Patrum</span> <span class='ocrx_word' id='word_1_141' title='bbox 1379 2338 1593 2382; x_wconf 83' lang='lat' dir='ltr'>sententia</span> <span class='ocrx_word' id='word_1_142' title='bbox 1624 2343 1712 2394; x_wconf 87' lang='lat' dir='ltr'>est,</span> <span class='ocrx_word' id='word_1_143' title='bbox 1740 2343 1950 2397; x_wconf 87' lang='lat' dir='ltr'>perpetuo</span> <span class='ocrx_word' id='word_1_144' title='bbox 1978 2338 2179 2383; x_wconf 63' lang='lat' dir='ltr'>Ecclesiae</span> <span class='ocrx_word' id='word_1_145' title='bbox 2203 2338 2283 2382; x_wconf 91' lang='lat' dir='ltr'>Dei</span> 
     </span>
     <span class='ocr_line' id='line_1_18' title="bbox 155 2414 1025 2473; baseline -0.001 -15"><span class='ocrx_word' id='word_1_146' title='bbox 155 2414 328 2458; x_wconf 85' lang='lat' dir='ltr'>firmata</span> <span class='ocrx_word' id='word_1_147' title='bbox 347 2429 430 2458; x_wconf 91' lang='lat' dir='ltr'>usu</span> <span class='ocrx_word' id='word_1_148' title='bbox 450 2414 753 2473; x_wconf 84' lang='lat' dir='ltr'>constantique</span> <span class='ocrx_word' id='word_1_149' title='bbox 776 2414 1025 2459; x_wconf 86' lang='lat' dir='ltr'>traditione.</span> 
     </span>
    </p>
   </div>
   <div class='ocr_carea' id='block_1_8' title="bbox 1129 2549 1301 2556">
    <p class='ocr_par' dir='ltr' id='par_1_8' title="bbox 1129 2549 1301 2556">
     <span class='ocr_line' id='line_1_19' title="bbox 1129 2549 1301 2556; baseline 0.006 -1"><span class='ocrx_word' id='word_1_150' title='bbox 1129 2549 1301 2556; x_wconf 73' lang='lat'>-——.-.</span> 
     </span>
    </p>
   </div>
   <div class='ocr_carea' id='block_1_9' title="bbox 1001 2697 1431 2750">
    <p class='ocr_par' dir='ltr' id='par_1_9' title="bbox 1001 2697 1431 2750">
     <span class='ocr_line' id='line_1_20' title="bbox 1001 2697 1431 2750; baseline 0 -3"><span class='ocrx_word' id='word_1_151' title='bbox 1001 2697 1431 2750; x_wconf 88' lang='lat' dir='ltr'>PROLOGUS</span> 
     </span>
    </p>
   </div>
   <div class='ocr_carea' id='block_1_10' title="bbox 153 2839 2440 3247">
    <p class='ocr_par' dir='ltr' id='par_1_10' title="bbox 153 2839 2440 3247">
     <span class='ocr_line' id='line_1_21' title="bbox 207 2839 2291 2893; baseline 0.001 -12"><span class='ocrx_word' id='word_1_152' title='bbox 207 2846 221 2867; x_wconf 74' lang='lat'>2</span> <span class='ocrx_word' id='word_1_153' title='bbox 239 2839 417 2893; x_wconf 73' lang='lat' dir='ltr'>Diliqite</span> <span class='ocrx_word' id='word_1_154' title='bbox 458 2840 597 2882; x_wconf 80' lang='lat' dir='ltr'>lumen</span> <span class='ocrx_word' id='word_1_155' title='bbox 632 2840 859 2892; x_wconf 61' lang='lat' dir='ltr'>sapientia?</span> <span class='ocrx_word' id='word_1_156' title='bbox 878 2871 889 2891; x_wconf 88' lang='lat'>,</span> <span class='ocrx_word' id='word_1_157' title='bbox 933 2849 1071 2882; x_wconf 76' lang='lat' dir='ltr'>omnes</span> <span class='ocrx_word' id='word_1_158' title='bbox 1108 2841 1185 2892; x_wconf 74' lang='lat' dir='ltr'>qui</span> <span class='ocrx_word' id='word_1_159' title='bbox 1263 2850 1360 2892; x_wconf 80' lang='lat' dir='ltr'>quae</span> <span class='ocrx_word' id='word_1_160' title='bbox 1383 2839 1396 2860; x_wconf 58' lang='lat' dir='ltr'>l*</span> <span class='ocrx_word' id='word_1_161' title='bbox 1423 2854 1441 2877; x_wconf 90' lang='lat'>«</span> <span class='ocrx_word' id='word_1_162' title='bbox 1454 2839 1505 2880; x_wconf 85' lang='lat' dir='ltr'>ad</span> <span class='ocrx_word' id='word_1_163' title='bbox 1516 2839 1644 2881; x_wconf 80' lang='lat' dir='ltr'>totius</span> <span class='ocrx_word' id='word_1_164' title='bbox 1664 2840 1881 2893; x_wconf 70' lang='lat' dir='ltr'>sapientiae</span> <span class='ocrx_word' id='word_1_165' title='bbox 1900 2841 2220 2884; x_wconf 84' lang='lat' dir='ltr'>similitudinem</span> <span class='ocrx_word' id='word_1_166' title='bbox 2231 2844 2291 2884; x_wconf 91' lang='lat' dir='ltr'>le-</span> 
     </span>
     <span class='ocr_line' id='line_1_22' title="bbox 153 2909 2295 2966; baseline 0.001 -14"><span class='ocrx_word' id='word_1_167' title='bbox 153 2911 348 2963; x_wconf 67' lang='lat' dir='ltr'>praeestis</span> <span class='ocrx_word' id='word_1_168' title='bbox 361 2910 550 2963; x_wconf 72' lang='lat' dir='ltr'>populis.</span> <span class='ocrx_word' id='word_1_169' title='bbox 576 2909 783 2959; x_wconf 84' lang='lat' dir='ltr'>Quoniam</span> <span class='ocrx_word' id='word_1_170' title='bbox 808 2910 954 2951; x_wconf 87' lang='lat' dir='ltr'>eodem</span> <span class='ocrx_word' id='word_1_171' title='bbox 972 2910 1100 2951; x_wconf 85' lang='lat' dir='ltr'>habet</span> <span class='ocrx_word' id='word_1_172' title='bbox 1118 2922 1185 2951; x_wconf 86' lang='lat' dir='ltr'>res</span> <span class='ocrx_word' id='word_1_173' title='bbox 1265 2910 1387 2960; x_wconf 80' lang='lat' dir='ltr'>gitur</span> <span class='ocrx_word' id='word_1_174' title='bbox 1407 2922 1497 2950; x_wconf 90' lang='lat' dir='ltr'>esse</span> <span class='ocrx_word' id='word_1_175' title='bbox 1509 2910 1654 2960; x_wconf 80' lang='lat' dir='ltr'>facta,»</span> <span class='ocrx_word' id='word_1_176' title='bbox 1671 2923 1746 2964; x_wconf 84' lang='lat' dir='ltr'>per</span> <span class='ocrx_word' id='word_1_177' title='bbox 1759 2914 1976 2964; x_wconf 85' lang='lat' dir='ltr'>peccatum</span> <span class='ocrx_word' id='word_1_178' title='bbox 1997 2925 2099 2954; x_wconf 87' lang='lat' dir='ltr'>vero</span> <span class='ocrx_word' id='word_1_179' title='bbox 2113 2917 2295 2966; x_wconf 91' lang='lat' dir='ltr'>postmo-</span> 
     </span>
     <span class='ocr_line' id='line_1_23' title="bbox 156 2980 2297 3038; baseline 0.002 -18"><span class='ocrx_word' id='word_1_180' title='bbox 156 2981 353 3032; x_wconf 84' lang='lat' dir='ltr'>formari,</span> <span class='ocrx_word' id='word_1_181' title='bbox 382 2984 423 3022; x_wconf 88' lang='lat' dir='ltr'>et</span> <span class='ocrx_word' id='word_1_182' title='bbox 449 2981 679 3022; x_wconf 81' lang='lat' dir='ltr'>deformata</span> <span class='ocrx_word' id='word_1_183' title='bbox 706 2981 945 3031; x_wconf 82' lang='lat' dir='ltr'>reformari3</span> <span class='ocrx_word' id='word_1_184' title='bbox 971 2984 1011 3022; x_wconf 92' lang='lat' dir='ltr'>et</span> <span class='ocrx_word' id='word_1_185' title='bbox 1041 2981 1186 3022; x_wconf 83' lang='lat' dir='ltr'>omnia</span> <span class='ocrx_word' id='word_1_186' title='bbox 1264 2981 1368 3022; x_wconf 92' lang='lat' dir='ltr'>dum</span> <span class='ocrx_word' id='word_1_187' title='bbox 1391 2980 1624 3022; x_wconf 85' lang='lat' dir='ltr'>deformata</span> <span class='ocrx_word' id='word_1_188' title='bbox 1642 2981 1687 3021; x_wconf 88' lang='lat' dir='ltr'>in</span> <span class='ocrx_word' id='word_1_189' title='bbox 1706 2985 1888 3033; x_wconf 86' lang='lat' dir='ltr'>tantum,</span> <span class='ocrx_word' id='word_1_190' title='bbox 1919 2985 1967 3024; x_wconf 89' lang='lat' dir='ltr'>ut</span> <span class='ocrx_word' id='word_1_191' title='bbox 1995 2984 2146 3026; x_wconf 89' lang='lat' dir='ltr'>merito</span> <span class='ocrx_word' id='word_1_192' title='bbox 2165 2985 2297 3038; x_wconf 87' lang='lat' dir='ltr'>possit</span> 
     </span>
     <span class='ocr_line' id='line_1_24' title="bbox 156 3050 2293 3108; baseline 0.003 -18"><span class='ocrx_word' id='word_1_193' title='bbox 156 3050 360 3103; x_wconf 81' lang='lat' dir='ltr'>leguntur</span> <span class='ocrx_word' id='word_1_194' title='bbox 386 3064 461 3105; x_wconf 92' lang='lat' dir='ltr'>per</span> <span class='ocrx_word' id='word_1_195' title='bbox 489 3052 737 3105; x_wconf 84' lang='lat' dir='ltr'>sapientiam</span> <span class='ocrx_word' id='word_1_196' title='bbox 764 3064 854 3093; x_wconf 90' lang='lat' dir='ltr'>esse</span> <span class='ocrx_word' id='word_1_197' title='bbox 885 3053 1011 3103; x_wconf 85' lang='lat' dir='ltr'>facta,</span> <span class='ocrx_word' id='word_1_198' title='bbox 1035 3064 1188 3092; x_wconf 84' lang='lat' dir='ltr'>secun·</span> <span class='ocrx_word' id='word_1_199' title='bbox 1262 3050 1459 3103; x_wconf 83' lang='lat' dir='ltr'>quaeri⁵:</span> <span class='ocrx_word' id='word_1_200' title='bbox 1488 3051 1653 3104; x_wconf 85' lang='lat' dir='ltr'>«Cujus</span> <span class='ocrx_word' id='word_1_201' title='bbox 1685 3056 1747 3093; x_wconf 84' lang='lat' dir='ltr'>est</span> <span class='ocrx_word' id='word_1_202' title='bbox 1778 3053 1925 3106; x_wconf 83' lang='lat' dir='ltr'>imago</span> <span class='ocrx_word' id='word_1_203' title='bbox 1952 3055 2045 3095; x_wconf 81' lang='lat' dir='ltr'>haec</span> <span class='ocrx_word' id='word_1_204' title='bbox 2075 3058 2116 3096; x_wconf 89' lang='lat' dir='ltr'>et</span> <span class='ocrx_word' id='word_1_205' title='bbox 2146 3067 2293 3108; x_wconf 90' lang='lat' dir='ltr'>super-</span> 
     </span>
     <span class='ocr_line' id='line_1_25' title="bbox 159 3120 2297 3175; baseline 0.003 -15"><span class='ocrx_word' id='word_1_206' title='bbox 159 3120 263 3161; x_wconf 82' lang='lat' dir='ltr'>dum</span> <span class='ocrx_word' id='word_1_207' title='bbox 297 3122 403 3162; x_wconf 85' lang='lat' dir='ltr'>illud</span> <span class='ocrx_word' id='word_1_208' title='bbox 441 3122 596 3163; x_wconf 84' lang='lat' dir='ltr'>Psalmi</span> <span class='ocrx_word' id='word_1_209' title='bbox 614 3123 627 3144; x_wconf 78' lang='lat'>³</span> <span class='ocrx_word' id='word_1_210' title='bbox 651 3137 659 3163; x_wconf 91' lang='lat'>:</span> <span class='ocrx_word' id='word_1_211' title='bbox 690 3138 709 3161; x_wconf 88' lang='lat'>«</span> <span class='ocrx_word' id='word_1_212' title='bbox 731 3122 881 3164; x_wconf 89' lang='lat' dir='ltr'>Omnia</span> <span class='ocrx_word' id='word_1_213' title='bbox 907 3123 953 3162; x_wconf 91' lang='lat' dir='ltr'>in</span> <span class='ocrx_word' id='word_1_214' title='bbox 984 3122 1188 3175; x_wconf 84' lang='lat' dir='ltr'>sapientia</span> <span class='ocrx_word' id='word_1_215' title='bbox 1262 3121 1460 3173; x_wconf 85' lang='lat' dir='ltr'>scriptio?</span> <span class='ocrx_word' id='word_1_216' title='bbox 1480 3135 1499 3159; x_wconf 70' lang='lat'>&gt;³</span> <span class='ocrx_word' id='word_1_217' title='bbox 1526 3134 1602 3174; x_wconf 89' lang='lat' dir='ltr'>per</span> <span class='ocrx_word' id='word_1_218' title='bbox 1622 3123 1869 3175; x_wconf 87' lang='lat' dir='ltr'>sapientiam</span> <span class='ocrx_word' id='word_1_219' title='bbox 1889 3127 1950 3165; x_wconf 90' lang='lat' dir='ltr'>est</span> <span class='ocrx_word' id='word_1_220' title='bbox 1973 3125 2208 3166; x_wconf 85' lang='lat' dir='ltr'>necessario</span> <span class='ocrx_word' id='word_1_221' title='bbox 2229 3138 2297 3166; x_wconf 87' lang='lat' dir='ltr'>re-</span> 
     </span>
     <span class='ocr_line' id='line_1_26' title="bbox 161 3191 2440 3247; baseline 0.004 -16"><span class='ocrx_word' id='word_1_222' title='bbox 161 3191 313 3242; x_wconf 80' lang='lat' dir='ltr'>fecisti3</span> <span class='ocrx_word' id='word_1_223' title='bbox 341 3207 360 3231; x_wconf 73' lang='lat' dir='ltr'>n</span> <span class='ocrx_word' id='word_1_224' title='bbox 387 3206 556 3234; x_wconf 89' lang='lat' dir='ltr'>necesse</span> <span class='ocrx_word' id='word_1_225' title='bbox 586 3197 649 3234; x_wconf 90' lang='lat' dir='ltr'>est</span> <span class='ocrx_word' id='word_1_226' title='bbox 667 3194 811 3235; x_wconf 86' lang='lat' dir='ltr'>omnia</span> <span class='ocrx_word' id='word_1_227' title='bbox 842 3206 918 3246; x_wconf 90' lang='lat' dir='ltr'>per</span> <span class='ocrx_word' id='word_1_228' title='bbox 939 3193 1189 3246; x_wconf 86' lang='lat' dir='ltr'>sapientiam</span> <span class='ocrx_word' id='word_1_229' title='bbox 1263 3191 1496 3233; x_wconf 85' lang='lat' dir='ltr'>formanda.</span> <span class='ocrx_word' id='word_1_230' title='bbox 1521 3192 1641 3244; x_wconf 86' lang='lat' dir='ltr'>Item,</span> <span class='ocrx_word' id='word_1_231' title='bbox 1667 3194 1768 3246; x_wconf 87' lang='lat' dir='ltr'>quia</span> <span class='ocrx_word' id='word_1_232' title='bbox 1781 3195 1834 3235; x_wconf 86' lang='lat' dir='ltr'>ad</span> <span class='ocrx_word' id='word_1_233' title='bbox 1851 3196 2296 3247; x_wconf 84' lang='lat' dir='ltr'>ejusreformationem</span> <span class='ocrx_word' id='word_1_234' title='bbox 2328 3213 2440 3240; x_wconf 71' lang='lat' dir='ltr'>Animae</span> 
     </span>
    </p>
   </div>
   <div class='ocr_carea' id='block_1_11' title="bbox 163 3255 2457 3326">
    <p class='ocr_par' dir='ltr' id='par_1_11' title="bbox 163 3255 2457 3326">
     <span class='ocr_line' id='line_1_27' title="bbox 163 3255 2457 3326; baseline 0.005 -28"><span class='ocrx_word' id='word_1_235' title='bbox 163 3259 395 3302; x_wconf 85' lang='lat' dir='ltr'>reformari.</span> <span class='ocrx_word' id='word_1_236' title='bbox 436 3261 586 3314; x_wconf 79' lang='lat' dir='ltr'>Imago</span> <span class='ocrx_word' id='word_1_237' title='bbox 628 3274 734 3313; x_wconf 83' lang='lat' dir='ltr'>ergo</span> <span class='ocrx_word' id='word_1_238' title='bbox 771 3261 986 3302; x_wconf 86' lang='lat' dir='ltr'>rationalis</span> <span class='ocrx_word' id='word_1_239' title='bbox 1017 3260 1189 3311; x_wconf 83' lang='lat' dir='ltr'>animae,</span> <span class='ocrx_word' id='word_1_240' title='bbox 1264 3261 1349 3303; x_wconf 85' lang='lat' dir='ltr'>duo</span> <span class='ocrx_word' id='word_1_241' title='bbox 1370 3265 1470 3303; x_wconf 86' lang='lat' dir='ltr'>sunt</span> <span class='ocrx_word' id='word_1_242' title='bbox 1488 3265 1739 3316; x_wconf 84' lang='lat' dir='ltr'>necessaria,</span> <span class='ocrx_word' id='word_1_243' title='bbox 1763 3265 1919 3307; x_wconf 89' lang='lat' dir='ltr'>scilicet</span> <span class='ocrx_word' id='word_1_244' title='bbox 1946 3266 2117 3308; x_wconf 71' lang='lat' dir='ltr'>malitiae</span> <span class='ocrx_word' id='word_1_245' title='bbox 2145 3268 2294 3321; x_wconf 83' lang='lat' dir='ltr'>expul-</span> <span class='ocrx_word' id='word_1_246' title='bbox 2317 3255 2457 3326; x_wconf 52' lang='grc' dir='ltr'>ᾗζῗζζΐ</span> 
     </span>
    </p>
   </div>
   <div class='ocr_carea' id='block_1_12' title="bbox 168 3375 2298 3525">
    <p class='ocr_par' dir='ltr' id='par_1_12' title="bbox 168 3375 2298 3525">
     <span class='ocr_line' id='line_1_28' title="bbox 168 3375 2298 3470; baseline -0.004 -42"><span class='ocrx_word' id='word_1_247' title='bbox 168 3387 307 3466; x_wconf 62' lang='lat' dir='ltr'>venosa</span> <span class='ocrx_word' id='word_1_248' title='bbox 319 3389 535 3468; x_wconf 42' lang='lat' dir='ltr'>Editipyatiffi</span> <span class='ocrx_word' id='word_1_249' title='bbox 554 3401 608 3423; x_wconf 84' lang='lat' dir='ltr'>an.</span> <span class='ocrx_word' id='word_1_250' title='bbox 630 3393 723 3431; x_wconf 80' lang='lat'>1588,</span> <span class='ocrx_word' id='word_1_251' title='bbox 742 3394 825 3469; x_wconf 60' lang='lat' dir='ltr'>tgm.</span> <span class='ocrx_word' id='word_1_252' title='bbox 852 3393 876 3432; x_wconf 86' lang='grc' dir='ltr'>Ι,</span> <span class='ocrx_word' id='word_1_253' title='bbox 898 3401 973 3470; x_wconf 54' lang='lat' dir='ltr'>pass}</span> <span class='ocrx_word' id='word_1_254' title='bbox 1000 3392 1079 3431; x_wconf 81' lang='lat'>3583</span> <span class='ocrx_word' id='word_1_255' title='bbox 1101 3390 1191 3469; x_wconf 51' lang='grc' dir='ltr'>Ειέἰὲ.</span> <span class='ocrx_word' id='word_1_256' title='bbox 1267 3375 1426 3451; x_wconf 51' lang='grc' dir='ltr'>ξρὶιῑιῇίῖ·</span> <span class='ocrx_word' id='word_1_257' title='bbox 1450 3376 1551 3453; x_wconf 45' lang='grc' dir='ltr'>ἕξῑίἔξὲ,</span> <span class='ocrx_word' id='word_1_258' title='bbox 1571 3377 1728 3454; x_wconf 51' lang='grc' dir='ltr'>ἓυΡΡθΠᾶ·</span> <span class='ocrx_word' id='word_1_259' title='bbox 1750 3379 1833 3409; x_wconf 64' lang='lat' dir='ltr'>tom·</span> <span class='ocrx_word' id='word_1_260' title='bbox 1855 3377 1911 3418; x_wconf 65' lang='lat' dir='ltr'>Vl,</span> <span class='ocrx_word' id='word_1_261' title='bbox 1933 3378 2010 3410; x_wconf 66' lang='lat' dir='ltr'>edit·</span> <span class='ocrx_word' id='word_1_262' title='bbox 2034 3378 2244 3412; x_wconf 63' lang='grc' dir='ltr'>ΒθΠθᾱῑΟῑῙΠ·</span> <span class='ocrx_word' id='word_1_263' title='bbox 2258 3397 2298 3403; x_wconf 85' lang='grc'><strong>-</strong></span> 
     </span>
     <span class='ocr_line' id='line_1_29' title="bbox 247 3442 1623 3470; baseline 0.007 -4"><span class='ocrx_word' id='word_1_264' title='bbox 247 3459 253 3466; x_wconf 77' lang='grc' dir='ltr'>ι</span> <span class='ocrx_word' id='word_1_265' title='bbox 336 3459 342 3467; x_wconf 70' lang='grc' dir='ltr'>ι</span> <span class='ocrx_word' id='word_1_266' title='bbox 406 3451 409 3455; x_wconf 68' lang='grc'><strong><em>’</em></strong></span> <span class='ocrx_word' id='word_1_267' title='bbox 676 3458 686 3469; x_wconf 87' lang='grc'>(</span> <span class='ocrx_word' id='word_1_268' title='bbox 699 3448 729 3470; x_wconf 59' lang='lat' dir='ltr'>ff.</span> <span class='ocrx_word' id='word_1_269' title='bbox 822 3462 829 3470; x_wconf 80' lang='grc' dir='ltr'>ι</span> <span class='ocrx_word' id='word_1_270' title='bbox 853 3456 894 3461; x_wconf 80' lang='grc'>’-</span> <span class='ocrx_word' id='word_1_271' title='bbox 974 3466 977 3468; x_wconf 99' lang='grc'>-</span> <span class='ocrx_word' id='word_1_272' title='bbox 1017 3465 1020 3468; x_wconf 66' lang='lat'><strong>&gt;</strong></span> <span class='ocrx_word' id='word_1_273' title='bbox 1077 3446 1083 3451; x_wconf 60' lang='grc'><em>“</em></span> <span class='ocrx_word' id='word_1_274' title='bbox 1140 3442 1147 3453; x_wconf 46' lang='grc' dir='ltr'>ι</span> <span class='ocrx_word' id='word_1_275' title='bbox 1185 3462 1190 3467; x_wconf 88' lang='grc'>·</span> <span class='ocrx_word' id='word_1_276' title='bbox 1418 3443 1439 3461; x_wconf 61' lang='grc'>.,</span> <span class='ocrx_word' id='word_1_277' title='bbox 1460 3447 1469 3452; x_wconf 41' lang='grc' dir='ltr'><strong>Δ</strong></span> <span class='ocrx_word' id='word_1_278' title='bbox 1485 3447 1493 3453; x_wconf 44' lang='lat'><strong><em>⁴</em></strong></span> <span class='ocrx_word' id='word_1_279' title='bbox 1543 3446 1549 3461; x_wconf 67' lang='lat'><em>,</em></span> <span class='ocrx_word' id='word_1_280' title='bbox 1570 3446 1587 3453; x_wconf 47' lang='grc' dir='ltr'>Δ.</span> <span class='ocrx_word' id='word_1_281' title='bbox 1615 3447 1623 3455; x_wconf 61' lang='grc'><em>.</em></span> 
     </span>
     <span class='ocr_line' id='line_1_30' title="bbox 168 3439 1806 3525; baseline 0.005 -14"><span class='ocrx_word' id='word_1_282' title='bbox 168 3497 209 3503; x_wconf 85' lang='lat'><em>-</em></span> <span class='ocrx_word' id='word_1_283' title='bbox 224 3480 238 3502; x_wconf 81' lang='lat'>³</span> <span class='ocrx_word' id='word_1_284' title='bbox 254 3444 343 3512; x_wconf 59' lang='lat' dir='ltr'>i’sanl.</span> <span class='ocrx_word' id='word_1_285' title='bbox 361 3450 434 3521; x_wconf 65' lang='lat' dir='ltr'>cni,</span> <span class='ocrx_word' id='word_1_286' title='bbox 453 3441 564 3516; x_wconf 42' lang='grc' dir='ltr'>,6ὲὲοῗ</span> <span class='ocrx_word' id='word_1_287' title='bbox 582 3439 823 3525; x_wconf 52' lang='grc' dir='ltr'>’νῇερέῑ]ι”γ’.οἒΐ</span> <span class='ocrx_word' id='word_1_288' title='bbox 843 3448 1017 3524; x_wconf 30' lang='lat' dir='ltr'>mim-&#39;‘¹2&#39;‘</span> <span class='ocrx_word' id='word_1_289' title='bbox 1029 3446 1193 3525; x_wconf 48' lang='lat' dir='ltr'>’vijinter</span> <span class='ocrx_word' id='word_1_290' title='bbox 1317 3484 1359 3524; x_wconf 79' lang='lat' dir='ltr'>(a)</span> <span class='ocrx_word' id='word_1_291' title='bbox 1379 3486 1464 3517; x_wconf 81' lang='lat' dir='ltr'>Edit.</span> <span class='ocrx_word' id='word_1_292' title='bbox 1487 3488 1562 3520; x_wconf 80' lang='lat' dir='ltr'>Vat.</span> <span class='ocrx_word' id='word_1_293' title='bbox 1585 3488 1806 3520; x_wconf 71' lang='lat' dir='ltr'>Ecclesiastz&#39;s.</span> 
     </span>
    </p>
   </div>
   <div class='ocr_carea' id='block_1_13' title="bbox 330 3552 2133 3589">
    <p class='ocr_par' dir='ltr' id='par_1_13' title="bbox 330 3552 2133 3589">
     <span class='ocr_line' id='line_1_31' title="bbox 330 3552 2133 3589; baseline 0.005 -9"><span class='ocrx_word' id='word_1_294' title='bbox 330 3552 428 3581; x_wconf 81' lang='lat' dir='ltr'><strong>TOM.</strong></span> <span class='ocrx_word' id='word_1_295' title='bbox 458 3555 500 3581; x_wconf 81' lang='lat' dir='ltr'>x.</span> <span class='ocrx_word' id='word_1_296' title='bbox 1921 3584 1924 3586; x_wconf 71' lang='grc'>,</span> <span class='ocrx_word' id='word_1_297' title='bbox 2116 3556 2133 3589; x_wconf 85' lang='grc'><strong>1</strong></span> 
     </span>
    </p>
   </div>
  </div>
 </body>
</html>
