2634 3853
276 250 354 288 6⁶26

273 338 394 375 utero
425 333 561 386 piscis,
583 336 623 374 et
653 334 757 373 dixit
789 349 796 373 :
825 330 1011 372 Clamavi
1042 329 1092 367 de
1123 323 1301 366 tribula«

273 405 386 444 tione
405 415 499 444 mea
527 403 579 443 ad
604 403 845 449 Dominum,
867 404 905 440 et
927 397 1145 440 exaudivit
1174 406 1255 434 me.
1278 408 1296 429 »

272 474 335 515 Ex
361 487 445 527 quo
463 474 677 526 colligitur
701 473 810 525 qnod
832 469 1107 512 consideratio
1127 463 1303 519 periculi

273 546 426 586 excitat
473 546 522 585 ad
567 544 906 596 procurationem
955 538 1144 580 remedii.
1187 535 1303 575 Unde

275 613 415 654 Glossa
440 628 448 653 :
478 630 492 647 «
518 613 599 654 Nos
620 611 858 662 fragilitatis
874 602 1027 649 nostrie
1046 605 1304 646 insufficien-

273 684 375 724 tiam
397 683 656 723 attendentes
676 682 727 721 ad
750 679 1054 733 impetrandam
1076 675 1210 717 severi
1231 676 1301 726 Ju-

274 755 374 794 dicis
402 765 563 806 pacem,
598 752 800 792 debemus
833 750 1090 803 praemittere
1125 745 1302 797 legatio-

274 837 370 864 nem
391 824 692 876 lacrymarum,
713 823 923 862 bonorum
945 829 1139 871 operum,
1156 819 1195 855 et
1219 815 1303 866 pio-

273 906 369 934 rum
391 893 635 934 ass'ectuum.
657 907 676 930 »
704 892 798 932 Ideo
818 890 994 930 dicitur¹
1016 903 1024 928 :
1055 887 1197 927 «Ante
1216 884 1304 924 lan-

275 976 456 1015 guorem
476 963 627 1004 adhibe
642 962 909 1009 medicinam,
926 963 966 999 et
983 960 1078 998 ante
1095 954 1303 1008 Judicium

271 1033 492 1085 interroga
524 1034 722 1086 teipsum,
750 1035 791 1072 et
819 1032 862 1071 iu
893 1031 1117 1081 conspectu
1139 1025 1209 1065 Dei
1235 1024 1303 1063 in-

273 1105 417 1144 venies
439 1104 792 1156 propitiationem.
817 1102 925 1141 Ante
953 1100 1208 1150 languorem
1226 1095 1303 1134 hu-

274 1175 389 1215 milia
418 1178 471 1222 te,
494 1178 534 1214 et
560 1175 604 1213 in
634 1177 824 1224 tempore
850 1168 1105 1210 infirmitatis
1133 1165 1303 1207 ostende

273 1245 637 1286 conversationem
655 1248 786 1293 tuam,
809 1245 857 1282 ut
877 1242 934 1281 sic
954 1252 1028 1293 per
1044 1238 1303 1290 legationem

272 1316 535 1356 sacerdotum
555 1315 745 1355 invenias
764 1324 914 1364 regem
934 1311 1159 1363 placatum.
1183 1322 1200 1344 »

325 1387 394 1427 Sic
421 1396 515 1438 erqo
538 1386 676 1427 omnis
706 1395 760 1425 ea:
789 1383 929 1430 vobis,
961 1384 1038 1421 etc.
1072 1379 1303 1429 Postquam

273 1457 477 1510 praemisit
505 1456 749 1509 exemplum
770 1452 1060 1507 parabolicum
1095 1449 1144 1488 de
1169 1447 1303 1488 aedifi-

272 1531 392 1568 cante
407 1560 417 1578 ,
435 1530 474 1567 et
494 1526 741 1579 exemplum
761 1525 810 1564 de
832 1522 1050 1575 praeliante
1067 1552 1075 1569 ‚
1093 1519 1164 1558 hic
1183 1517 1302 1557 tertio

272 1599 391 1651 ponit
421 1598 729 1650 adaptationem
763 1594 1000 1644 utriusque.
1026 1589 1073 1629 Et
1100 1589 1301 1642 quoniam

272 1670 364 1710 haec
397 1668 589 1720 exempla
618 1666 855 1706 introducta
883 1664 1003 1702 erant
1034 1660 1085 1700 ad
1117 1658 1303 1698 excitau-

272 1740 374 1781 dum
403 1751 479 1779 nos
507 1739 557 1778 ad
587 1734 900 1790 providentiam
933 1731 992 1771 rei
1026 1732 1299 1781 opportunae,

273 1814 313 1851 et
339 1810 391 1850 ad
421 1808 627 1849 cautelam
660 1806 719 1846 rei
747 1804 934 1852 nocivae,
964 1804 1005 1841 et
1033 1800 1085 1840 ad
1121 1798 1303 1839 dandam

272 1880 598 1931 intelligentiam
636 1875 899 1929 spiritualem
935 1871 1179 1922 utriusque3
1210 1869 1302 1909 ideo

273 1952 315 1991 in
350 1952 428 1991 hac
461 1952 579 2003 parte
611 1946 893 1988 introducitur
927 1942 1226 1996 praedictorum
1250 1938 1300 1989 (a)

275 2021 569 2074 exemplorum
601 2017 809 2070 adaptatio
840 2017 1047 2068 quantum
1080 2011 1131 2051 ad
1158 2009 1302 2062 provi-

274 2092 461 2133 dentiam
481 2091 542 2131 rei
564 2092 833 2142 opportunae,
855 2087 1064 2138 quantum
1085 2082 1137 2121 ad
1159 2083 1302 2120 caute-

276 2164 360 2203 lam
382 2164 443 2203 rei
469 2162 654 2210 nocivae,
680 2162 720 2199 et
736 2160 945 2210 quantum
965 2154 1017 2195 ad
1039 2151 1303 2205 spiritualem

277 2234 604 2286 intelligentiam
626 2231 867 2282 utriusque.

332 2306 473 2346 Primo
500 2304 649 2355 igitur,
685 2303 892 2353 quantum
921 2297 970 2337 ad
993 2293 1306 2348 providentiam

277 2378 338 2417 rei
359 2378 630 2428 opportunae,
650 2372 748 2413 dicit
770 2383 779 2410 z
804 2370 872 2411 Sic
894 2377 988 2420 erqo
1004 2366 1142 2408 omnis
1163 2374 1218 2405 θῶ
1241 2373 1308 2405 vo-

279 2448 366 2497 bis,
383 2447 458 2499 qui
476 2455 561 2487 ηοη
578 2443 797 2486 renuntiat
819 2438 1035 2487 omnibus,
1058 2447 1149 2489 quse
1169 2434 1305 2487 possi-

280 2518 378 2568 det‚
411 2528 485 2569 per
519 2515 805 2566 contemptum
844 2507 1176 2561 temporalium3
1213 2505 1309 2544 Non

278 2591 412 2641 potest
439 2597 555 2628 meus
587 2595 672 2627 esse
701 2581 967 2634 discipulus,
994 2590 1069 2631 per
1090 2576 1306 2630 perfectio-

282 2671 381 2699 nem
400 2656 707 2710 spiritualium:
729 2655 853 2706 quasi
879 2651 1014 2690 dicat:
1039 2648 1154 2688 Sicut
1174 2646 1312 2687 aedifi-

284 2741 382 2769 cans
401 2740 488 2768 non
517 2728 651 2779 potest
682 2732 979 2765 consummare
1009 2719 1098 2759 sine
1128 2717 1308 2769 sumpti-

284 2799 364 2839 bus
380 2830 390 2847 ,
411 2810 488 2838 nec
507 2807 708 2849 pugnans
736 2804 882 2834 secure
912 2801 1106 2843 pugnam
1132 2787 1312 2840 aggredi

284 2870 375 2910 sine
395 2868 599 2908 militibus
611 2878 624 2918 3
647 2866 706 2906 sic
724 2864 867 2905 nullus
883 2861 1065 2914 perfecte
1086 2861 1223 2911 potest
1243 2870 1311 2898 se-

284 2941 357 2993 qui
389 2939 603 2979 Christum
625 2969 634 2985 ,
667 2936 750 2976 nisi
782 2932 995 2974 renuntiet
1024 2930 1239 2970 omnibus.
1261 2928 1313 2969 Et

283 3014 383 3051 nota
402 3009 514 3062 quod
545 3006 702 3059 duplex
733 3008 795 3045 est
820 3002 974 3044 Christi
1006 2999 1308 3052 discipulatus,

283 3093 397 3122 unus
415 3078 693 3126 necessitatis,
716 3076 821 3115 sicut
849 3073 1000 3113 dicitur
1022 3071 1036 3093 ²
1059 3070 1171 3123 quod
1192 3069 1312 3110 disci-

283 3152 373 3204 puli
393 3151 706 3191 consueverunt
724 3145 867 3187 vocari
898 3143 957 3183 illi
994 3142 1068 3195 qui
1101 3153 1214 3181 nunc
1242 3141 1310 3180 di-

283 3227 437 3265 cuntur
452 3219 691 3269 Christiani,
707 3218 758 3258 de
775 3229 859 3269 qua
875 3214 1096 3266 disciplina
1110 3213 1251 3254 Isaras
1265 3212 1278 3234 ³
1296 3226 1304 3250 ε

289 3310 307 3333 «
331 3293 536 3343 Quiescite
556 3301 686 3342 agere
708 3298 904 3341 perverse
927 3300 936 3325 :
966 3283 1110 3325 discite
1138 3282 1307 3323 benefa-

321 3424 331 3444 ¹
355 3421 474 3459 Eccli.,
493 3426 593 3459 xv111,
616 3420 728 3450 19-21.
746 3434 786 3440 —
805 3416 818 3436 ²
834 3415 920 3454 Act„
940 3422 975 3446 vx
997 3415 1030 3445 et
1049 3421 1096 3450 lx,
1116 3411 1254 3452 passim.
1273 3428 1308 3434 -

282 3470 292 3488 ³
315 3470 390 3507 Iso„
421 3476 451 3507 1,
480 3468 528 3499 16.
550 3484 590 3489 -
614 3466 627 3487 ⁶
646 3463 781 3502 Mutila„
805 3470 838 3503 v,
868 3465 894 3493 1.
921 3479 962 3484 —
987 3462 1000 3482 ⁵
1020 3460 1129 3491 Closs.
1151 3467 1191 3489 ex
1212 3458 1309 3496 Bed.,

280 3517 338 3548 ubi
357 3525 431 3557 sup.
452 3530 493 3537 —-
518 3514 530 3532 ⁶
548 3511 683 3551 Mami„
705 3518 784 3548 xix,
806 3512 858 3541 27.
879 3526 919 3533 —
940 3509 950 3527 ⁷
970 3509 1088 3546 Rern„
1108 3504 1310 3542 Declamat„

1005 234 1286 282 EVANGELII
1318 232 1503 275 SANCTI
1534 234 1682 276 LUCAE

1378 333 1484 362 cere.
1512 336 1531 359 »
1565 323 1684 363 Alius
1712 325 1774 363 est
1812 323 2086 375 discipulatus
2119 338 2403 380 supereroga-

1378 393 1522 442 tionis,
1545 405 1629 444 quo
1650 393 1745 445 quis
1763 393 1978 434 Christum
2007 397 2199 448 sequitur
2230 398 2272 437 in
2300 411 2402 439 con-

1378 463 1479 502 siliis
1498 464 1754 515 evangelicis
1771 479 1779 513 ;
1799 465 1850 505 de
1868 477 1952 517 quo
1975 466 2199 509 Macchoeus
2219 472 2232 494 ⁸
2257 483 2265 509 z
2296 484 2315 507 «
2334 469 2405 510 Vi-

1377 534 1480 573 dens
1498 534 1617 574 Jesus
1637 535 1809 585 turbas,
1835 537 2019 577 ascendit
2039 538 2082 577 in
2106 542 2294 580 montem
2325 554 2334 578 ε
2365 543 2406 579 et

1378 617 1475 644 cum
1495 606 1691 656 sedisset,
1711 610 1975 647 accesserunt
2003 608 2054 648 ad
2081 621 2180 649 eum
2211 610 2403 663 discipuli

1378 677 1484 727 ejus.
1519 691 1538 713 »
1566 675 1709 716 Primo
1729 677 1995 729 discipulatui
2028 679 2312 720 necessarium
2345 682 2407 719 est

1378 745 1575 785 omnibns
1603 747 1869 795 renuntiare,
1896 750 2105 799 quantum
2137 748 2189 789 ad
2216 751 2408 789 terreno-

1378 826 1476 854 rum
1488 818 1775 867 contemptum
1788 818 1857 867 (ah
1870 818 2053 858 secundo
2063 821 2204 858 autem
2220 830 2408 860 necessa-

1377 885 1492 924 rium
1506 888 1568 925 est
1581 886 1724 924 omnia
1741 885 1996 938 relinquere,
2013 899 2098 927 non
2120 888 2259 929 solum
2276 901 2408 941 quan-

1378 957 1470 995 tum
1502 955 1554 995 ad
1589 955 1785 995 affectum
1805 988 1816 1006 ,
1849 969 2001 998 verum
2040 958 2166 998 etiam
2197 961 2407 1011 quantum

1378 1025 1429 1065 ad
1467 1037 1572 1066 rem.
1608 1025 1724 1066 Unde
1751 1025 1893 1067 Glossa
1910 1031 1923 1052 ⁵
1947 1042 1956 1068 ι
1985 1043 2004 1065 «
2032 1028 2117 1069 Hoc
2136 1029 2259 1069 distat
2297 1029 2407 1070 inter

1378 1095 1623 1136 renuntiare
1651 1096 1873 1147 omnihus,
1896 1100 1936 1137 et
1966 1098 2206 1151 relinquere
2236 1100 2404 1150 omnia,

1377 1167 1480 1218 quia
1508 1168 1754 1206 renuntiare
1785 1169 1985 1208 convenit
2012 1169 2230 1220 omnihus,
2254 1170 2327 1222 qui
2350 1170 2432 1210 ita,

1376 1237 1486 1277 licite
1508 1239 1690 1277 utuntur
1717 1238 1942 1277 mundanis
1971 1250 2067 1291 quae
2095 1240 2332 1291 possident,
2357 1243 2405 1280 ut

1376 1310 1521 1347 tamen
1543 1311 1682 1348 mente
1702 1308 1875 1348 tendant
1894 1309 1946 1349 ad
1966 1312 2125 1350 aeterna
2139 1324 2147 1359 ;
2163 1310 2404 1362 relinquere

1378 1381 1439 1418 est
1471 1378 1766 1418 tantummodo
1787 1378 2069 1430 perfectorum
2088 1411 2097 1429 ,
2133 1380 2233 1431 quia
2265 1381 2409 1420 omnia

1378 1448 1626 1500 temporalia
1646 1451 1927 1500 postponunt,
1952 1452 1991 1489 et
2012 1449 2112 1489 solis
2141 1450 2309 1490 aeternis
2338 1451 2408 1490 in-

1377 1518 1510 1558 hiant.
1547 1533 1566 1554 u
1603 1518 1653 1558 Et
1687 1519 1766 1558 hoc
1804 1519 2090 1560 necessarium
2123 1523 2185 1560 est
2216 1521 2409 1572 perfectis

1378 1586 1528 1625 Christi
1541 1585 1767 1637 discipulis,
1781 1586 2072 1626 utconformes
2083 1587 2164 1626 sint
2174 1588 2407 1639 paupertati

1377 1656 1584 1707 Magistri.
1618 1655 1735 1696 Unde
1756 1656 1800 1695 in
1821 1656 2018 1698 Mtttclloeo
2041 1657 2087 1707 lc)
2110 1661 2123 1682 ⁶
2148 1673 2156 1697 :
2180 1656 2312 1697 «Ecce
2330 1668 2408 1697 nos

1377 1727 1631 1779 reliquimus
1662 1726 1805 1766 omnia
1828 1758 1838 1776 ,
1871 1729 1911 1766 et
1944 1726 2077 1767 secuti
2108 1739 2257 1767 sumus
2292 1729 2347 1768 te.
2383 1742 2401 1764 »

1378 1797 1619 1837 Bernardus
1637 1798 1650 1819 ⁷
1673 1812 1681 1837 :
1711 1813 1729 1835 α
1748 1797 1883 1846 Bene,
1905 1798 2084 1850 optime,
2106 1800 2148 1838 et
2168 1810 2253 1838 non
2274 1799 2326 1839 ad
2346 1798 2408 1838 in-

1378 1868 1616 1920 sipientiam
1641 1868 1721 1907 sibi
1740 1900 1750 1918 ,
1781 1868 1883 1920 quia
1907 1871 2149 1909 currentem
2169 1869 2288 1920 sequi
2321 1880 2405 1908 non

1378 1941 1539 1991 poterat
1577 1942 1790 1978 oneratus.
1810 1954 1828 1975 »
1860 1938 1875 1959 ⁸
1913 1954 1931 1976 α
1951 1938 2170 1980 Exultavit
2208 1939 2322 1978 enim
2360 1941 2408 1978 ut

1381 2009 1507 2061 gigas
1545 2009 1597 2049 ad
1634 2009 1886 2049 currendam
1921 2009 2050 2049 viam.
2092 2024 2112 2047 »
2155 2009 2258 2049 Cum
2293 2009 2408 2050 enim

1379 2080 1567 2132 primum
1614 2080 1666 2120 sit
1708 2080 1816 2119 inter
1863 2079 2015 2120 Christi
2052 2080 2305 2119 documenta
2342 2082 2355 2103 ⁹
2396 2092 2405 2118 :

1386 2166 1404 2189 «
1425 2151 1539 2191 Beati
1560 2162 1765 2202 pauperes
1788 2150 1960 2202 spiritu,
1982 2164 2000 2187 n
2028 2150 2102 2202 qui
2120 2150 2200 2190 hoc
2221 2150 2408 2201 ignorat,

1380 2235 1455 2274 per
1497 2233 1758 2273 consequens
1792 2220 1923 2260 nescit
1954 2232 2051 2272 quae
2087 2221 2170 2260 sint
2206 2220 2412 2261 elementa

1381 2292 1542 2332 exordii
1565 2303 1810 2332 sermonum
1833 2290 1985 2330 Christi
2004 2305 2014 2339 ;
2037 2303 2086 2330 ac
2104 2303 2179 2343 per
2198 2291 2279 2331 hoc
2296 2291 2410 2330 Chri-

1382 2363 1432 2402 sti
1456 2362 1687 2414 discipulus
1706 2373 1792 2401 non
1813 2363 1896 2408 est,
1922 2372 1999 2401 nec
2020 2360 2234 2401 Christum
2254 2360 2408 2400 intelli-

1384 2434 1461 2485 git.
1495 2432 1544 2473 Et
1575 2432 1668 2472 ideo
1700 2431 1937 2472 Antiochus
1959 2462 1968 2480 ,
1998 2431 2072 2484 qui
2112 2431 2413 2483 interpretatur

1382 2504 1604 2545 silentium
1621 2503 1888 2555 paupertatis
1900 2533 1913 2552 ,
1935 2502 2146 2542 subvertit
2165 2502 2412 2542 fundamen-

1384 2578 1475 2615 tum
1494 2573 1729 2614 Jerusalem
1743 2605 1754 2624 ,
1776 2573 1879 2625 quia
1908 2585 1994 2613 non
2011 2576 2149 2626 potest
2177 2585 2266 2613 esse
2289 2573 2414 2614 disci-

1385 2645 1512 2698 pulus
1531 2645 1728 2697 pauperis
1749 2643 1954 2694 crucifixi,
1971 2644 2047 2696 qui
2068 2643 2292 2684 consilium
2312 2655 2415 2696 pau-

1385 2715 1556 2767 pertatis
1583 2713 1827 2754 contemnit.

1441 2785 1655 2836 Secundo,
1679 2787 1889 2838 quantum
1909 2784 1961 2825 ad
1982 2784 2189 2825 cautelam
2210 2785 2271 2825 rei
2298 2784 2414 2825 noci-

1387 2868 1469 2907 vae,
1489 2856 1625 2896 subdit
1651 2856 1705 2907 (v.
1733 2855 1796 2906 34)
1818 2869 1826 2895 z
1846 2856 2008 2896 Bonum
2027 2858 2088 2897 est
2106 2855 2195 2906 sal‚·
2213 2856 2254 2897 εἰ
2270 2859 2412 2897 autem

1384 2928 1448 2969 sal
1473 2927 1708 2976 evanuerit,
1740 2928 1819 2965 etc.
1850 2925 1930 2965 Per
1957 2925 2018 2965 sal
2040 2925 2295 2977 intelligitur
2324 2937 2414 2978 per-

1387 2999 1519 3039 fectus
1550 2998 1730 3050 quisque
1758 2996 2021 3048 discipulus,
2049 2997 2123 3049 qui
2150 2996 2344 3048 exemplo
2377 3000 2417 3037 et

1387 3070 1519 3110 verbo
1537 3069 1659 3109 debet
1680 3067 1850 3108 condire
1872 3067 1998 3108 corda
2019 3067 2214 3108 aliorum.
2237 3067 2354 3108 Unde
2372 3067 2414 3107 in

1387 3140 1588 3182 Matthoeo
1606 3140 1652 3190 lc)
1678 3139 1706 3160 ¹⁰
1731 3150 1771 3178 z«
1781 3136 1864 3178 Vos
1885 3137 1982 3177 estis
2003 3137 2064 3177 sal
2080 3140 2205 3177 terrae
2228 3151 2237 3178 :
2259 3151 2278 3175 »
2303 3138 2416 3190 quod

1388 3211 1559 3262 dicitur⁷
1586 3209 1688 3261 quia
1721 3207 2015 3248 discretionem
2050 3219 2265 3247 summam
2293 3207 2417 3247 dehet

1389 3280 1602 3321 haberein
1617 3278 1952 3326 conversatione,
1975 3277 2210 3318 secundum
2232 3277 2336 3318 illud
2355 3278 2380 3299 ¹¹
2403 3291 2411 3316 :

1386 3360 1421 3391 in
1447 3359 1553 3399 princ.
1582 3375 1622 3381 —
1646 3356 1660 3378 ⁸
1686 3355 1776 3387 Psal.
1803 3360 1901 3393 xwu,
1929 3355 1960 3385 6.
1993 3371 2032 3377 -
2060 3354 2074 3375 0
2104 3353 2238 3394 Matth„
2267 3362 2299 3394 v,
2326 3356 2355 3385 3.
2379 3370 2412 3376 —-

1386 3408 1411 3428 ¹⁰
1432 3406 1529 3446 lbid.,
1553 3406 1602 3436 13.
1623 3421 1662 3427 —
1685 3404 1706 3423 ¹¹
1729 3401 1816 3441 Col„
1838 3408 1887 3439 iv,
1907 3401 1938 3430 6.

1429 3460 1471 3498 (α)
1512 3458 1591 3489 Coet.
1626 3456 1706 3487 edit.
1745 3453 2019 3494 praedicatorum.
2057 3469 2096 3476 —
2130 3453 2174 3493 (b)
2213 3454 2293 3485 Caet,
2331 3454 2412 3485 edit,

1387 3507 1612 3545 contemptus.
1631 3520 1672 3527 —
1691 3501 1732 3542 (c)
1754 3500 1943 3532 Matthaeus.

2613 252 2615 254 .
2609 157 2616 213 n-
2583 0 2615 109 μέλ-’ἵε

2450 1094 2567 1119 Renun·
2627 1118 2634 1125 ,

2428 1133 2512 1168 tiam,
2539 1135 2567 1161 et
2630 1131 2634 1135 ⁴

2452 1174 2524 1201 relin
2533 1189 2543 1194 -

2446 1223 2546 1250 quere,

2436 1264 2560 1289 quomo-

2429 1296 2465 1322 do
2487 1297 2566 1324 diffe-

2429 1339 2506 1366 rant.

2476 2427 2574 2454 Antio-

2432 2469 2514 2496 chus.
