2634 3853
277 235 354 275 318

274 323 445 364 tatione.
469 322 586 363 Unde
601 333 684 362 non
705 324 896 374 poterant
915 322 953 362 ei
971 320 1214 362 violentiam
1234 320 1298 359 fa-

273 404 381 442 cere,
403 405 479 434 nec
498 392 716 443 trahendo,
734 404 811 433 nec
826 391 1092 444 impellendo,
1114 403 1191 431 nec
1207 402 1299 443 por-

272 466 412 506 tando.
429 466 493 506 Ad
508 465 810 506 ostendendum
827 465 971 515 igitur,
989 463 1101 516 quod
1115 475 1200 503 non
1223 463 1298 503 fuit

271 536 470 576 violentia
499 534 763 583 detentionis,
804 534 956 573 dicitur
991 547 999 573 :
1037 534 1130 584 Ipse
1157 536 1297 575 autem

272 608 500 648 transiens.
527 605 642 645 [Tude
664 603 937 644 Ambrosius¹
961 618 968 643 :
1007 619 1026 642 «
1046 604 1164 652 Quod
1185 603 1295 656 capi-

270 678 338 715 tur
358 688 383 715 a
404 675 548 727 paucis
566 678 606 714 ct
626 676 806 721 tenetur,
829 673 1058 714 voluntatis
1081 676 1162 723 est;
1183 674 1297 726 quod

269 757 294 784 a
320 745 473 797 populo
494 745 618 784 modo
638 756 722 784 non
743 747 924 796 tenetur,
939 745 1010 785 scd
1030 744 1194 794 transit,
1212 757 1296 784 ma-

263 817 279 866 j
289 816 430 855 estatis
449 818 522 856 est.
547 830 565 852 »
593 815 710 855 Unde
729 815 834 855 nibil
859 818 1021 868 poterat
1045 818 1185 855 actum
1206 815 1293 855 vir-

271 885 373 925 tutis
397 898 484 926 sua}
513 886 740 926 retardare.
760 889 774 909 ²
791 933 794 937 Α
814 901 832 923 α
857 885 959 926 Εο00
990 887 1067 926 1510
1093 886 1209 926 venit
1228 898 1296 925 sa-

268 954 373 994 liens
394 955 438 995 in
467 956 696 1006 montibus,
719 955 960 996 transiliens
988 956 1128 996 colles.
1151 970 1169 992 n
1201 955 1296 995 [vuit

266 1028 411 1065 autom
441 1026 516 1066 iste
547 1025 749 1066 transitus
776 1038 801 1066 a
829 1026 986 1067 virtute
1014 1025 1198 1078 propria,
1223 1025 1294 1065 sed

266 1094 377 1135 Petri
404 1096 447 1135 iu
474 1096 630 1137 virtute
661 1096 820 1136 aliena⁸
843 1108 853 1136 :
883 1096 1002 1145 «Qui
1028 1098 1295 1136 transcuntes

264 1165 446 1216 primam
461 1169 501 1206 et
514 1166 739 1207 secundam
756 1166 1006 1216 custodiam,
1021 1170 1246 1218 venerunt,
1270 1181 1287 1203 ›)

264 1237 342 1276 cic.

315 1305 377 1346 Ad
405 1306 711 1347 ostendendum
738 1307 851 1359 quod
883 1319 966 1348 non
997 1309 1075 1350 fuit
1094 1308 1294 1349 violentia

263 1376 550 1429 impulsionis,
572 1378 767 1419 subditur
789 1393 796 1419 :
818 1389 894 1431 per
925 1379 1112 1421 medium
1135 1390 1290 1429 eorum,

263 1448 384 1500 quasi
416 1449 570 1490 diceret
598 1462 608 1490 ε
633 1449 790 1501 Cernis,
821 1450 935 1502 quod
965 1463 1053 1492 non
1085 1451 1213 1503 possit
1240 1450 1292 1490 ab

263 1517 403 1570 aliquo
424 1519 630 1571 superari.
653 1519 770 1560 Unde
790 1522 952 1572 poterat
972 1520 1107 1561 dicere
1128 1520 1230 1561 illud
1245 1520 1258 1541 ”
1278 1532 1289 1561 :

269 1604 287 1627 z<
306 1589 349 1629 Si
371 1591 599 1631 consistant
619 1591 847 1632 adversum
868 1604 936 1633 me
956 1595 1106 1644 castra,
1128 1604 1214 1633 non
1236 1592 1292 1632 ti-

261 1662 391 1702 mebit
410 1675 482 1703 cor
502 1675 660 1704 meum.
683 1678 702 1700 »
729 1662 874 1703 Simile
894 1663 1048 1704 dicitur
1063 1664 1075 1685 ⁵
1100 1678 1108 1704 z
1132 1678 1151 1701 (ι
1173 1663 1293 1712 Quae-

261 1732 408 1772 rebant
427 1745 525 1773 eum
545 1733 876 1786 apprehendere,
900 1748 918 1771 ›)
943 1734 1097 1775 seilicet
1118 1734 1171 1774 ad
1191 1734 1292 1786 lapi-

260 1802 463 1854 dandum,
497 1807 576 1844 «et
605 1804 739 1846 exivit
764 1804 814 1845 de
849 1805 1044 1845 manibus
1073 1816 1237 1845 eorum.
1268 1819 1287 1842 »

261 1871 340 1913 Per
366 1874 554 1914 medium
569 1874 699 1923 vadit,
718 1874 818 1927 quia
838 1873 1040 1915 Mediator
1059 1874 1130 1915 Dei
1153 1877 1194 1915 et
1212 1874 1289 1915 ho-

260 1944 426 1984 minum
464 1957 629 1998 semper
669 1945 810 1997 diligit
840 1946 1045 1986 medium.
1089 1945 1206 1986 Unde
1222 1946 1235 1968 ⁶
1279 1960 1288 1986 ε

265 2028 284 2051 a
322 2014 482 2055 Medius
517 2018 709 2057 vestrum
743 2016 874 2067 stetit,
912 2028 1039 2069 quem
1077 2029 1153 2058 vos
1192 2027 1288 2058 nes-

261 2083 367 2124 citis.
402 2098 422 2122 1>

314 2155 380 2195 Ad
414 2156 719 2197 ostendendum
744 2156 937 2207 ulterius,
965 2156 1079 2209 quod
1104 2169 1189 2198 non
1213 2157 1292 2198 suit

261 2225 463 2266 violentia
491 2226 710 2276 vectionis,
740 2226 936 2267 subditur
970 2239 980 2267 ε
1011 2227 1117 2278 Ibat,
1137 2228 1291 2270 seilicet

261 2298 431 2350 propria
451 2297 621 2349 virtute,
644 2298 751 2338 sicut
771 2298 970 2339 animalia
994 2298 1044 2339 de
1067 2299 1224 2351 quibus
1246 2300 1289 2340 in

298 2368 443 2410 zechia
461 2368 612 2408 dieitur
632 2369 661 2420 ⁷,
691 2369 804 2421 quod
836 2384 855 2407 «
876 2369 1008 2420 ibant,
1041 2372 1082 2410 et
1103 2373 1287 2411 reverte-

259 2439 417 2479 bantur
436 2438 480 2478 in
508 2439 831 2480 similitudinem
859 2440 1043 2492 fulguris
1062 2453 1287 2482 coruscan-

259 2509 363 2550 tis.»
389 2510 495 2562 Ibat,
518 2510 674 2551 scilicet
692 2523 779 2552 non
805 2511 851 2551 in
867 2523 1069 2565 praeceps,
1090 2514 1162 2554 sed
1193 2514 1286 2555 des-

260 2581 488 2633 cendebat,
527 2584 575 2622 ut
609 2581 707 2622 dicit
735 2581 872 2633 Beda,
907 2583 986 2624 sub
1020 2596 1192 2637 rupem,
1226 2585 1289 2625 illi

260 2652 432 2693 cedente
451 2655 584 2705 petra,
617 2657 658 2693 et
685 2653 826 2705 ipsum
855 2653 1122 2706 suscipiente,
1151 2657 1201 2695 ut
1228 2656 1288 2696 illi

259 2723 312 2763 ad
331 2736 429 2763 eum
449 2735 536 2764 non
558 2726 726 2776 possent
746 2723 798 2776 (a)
819 2723 1048 2775 attingere3
1077 2725 1190 2766 unde
1210 2739 1284 2779 po·-

259 2796 366 2834 terat
396 2793 532 2834 dicere
561 2792 693 2834 111011Β
718 2807 727 2834 :
756 2808 775 2831 «
803 2793 1006 2843 Quaeretis
1032 2807 1116 2846 me,
1142 2799 1182 2836 et
1201 2809 1286 2838 non

259 2865 481 2906 invenietis
501 2880 509 2906 :
534 2868 575 2906 et
595 2866 670 2907 ubi
691 2878 771 2918 ego
788 2879 900 2918 sum,
920 2879 996 2908 vos
1009 2880 1096 2909 non
1115 2870 1287 2922 potestis

259 2936 418 2976 venire.
448 2951 466 2974 n
498 2937 545 2977 In
574 2949 660 2990 quo
690 2938 924 2979 ostenditur
956 2939 1084 2980 simul
1120 2940 1285 2981 Domini

258 3008 463 3059 potentia,
491 3008 592 3060 quia
622 3020 708 3049 non
738 3011 932 3061 poterant
962 3010 1084 3050 illum
1116 3011 1281 3063 laedere,

258 3078 328 3118 sed
352 3080 393 3118 et
423 3077 581 3130 lapides
607 3079 858 3120 obediebant
891 3079 945 3121 ei.
979 3080 1221 3122 Ostenditur
1246 3085 1286 3122 et

258 3148 472 3200 patientia,
501 3148 600 3200 quia
629 3150 762 3200 cessit,
791 3161 868 3190 nec
900 3161 970 3190 eos
999 3150 1135 3201 laesit,
1177 3152 1285 3193 51001

258 3218 410 3259 dieitur
428 3222 457 3270 ⁹,
479 3218 593 3271 quod
616 3217 753 3259 Judaei
785 3234 804 3257 «
830 3219 1018 3261 tulerunt
1042 3220 1217 3273 lapideS,
1238 3225 1285 3263 ut

253 3290 444 3341 Jacerent
463 3289 508 3329 in
529 3300 629 3330 eum
653 3303 662 3328 :
684 3289 804 3330 Jesus
820 3293 962 3332 autem
984 3291 1202 3333 abscondit
1222 3305 1281 3344 se,

300 3421 307 3438 ¹
328 3420 501 3460 Ambros,
523 3420 557 3451 z'n
584 3418 672 3459 Luc„
696 3418 755 3451 lib.
781 3419 836 3459 lv,
862 3429 897 3451 n.
924 3421 975 3460 56,
997 3419 1109 3461 quoad
1131 3430 1279 3455 sensum.

256 3467 321 3491 -2
337 3468 447 3508 Cant„
468 3475 507 3507 11,
528 3468 558 3498 8.
579 3483 619 3491 --
638 3466 650 3485 ³
668 3467 756 3505 Act„
777 3469 916 3506 X11,10.
938 3485 973 3490 -
994 3468 1008 3489 ¹·
1026 3467 1115 3499 Psal.
1137 3476 1230 3510 xxvi,
1248 3471 1280 3500 3.

257 3531 295 3537 —
312 3514 325 3535 ⁵
345 3515 454 3554 Joan„
477 3522 512 3554 x,
533 3515 583 3546 39.
601 3530 640 3536 —
660 3513 674 3535 θ
693 3513 801 3554 Ιοαη.,
826 3521 849 3553 1,
870 3516 920 3546 26.
937 3529 978 3537 —-
998 3513 1008 3534 ⁷
1030 3514 1163 3555 Ezech„
1186 3518 1277 3556 1,,11.

1005 233 1036 273 E
1046 230 1291 275 VANGELH
1323 230 1507 273 SANCTI
1538 232 1687 274 LUCAE

1372 323 1413 361 et
1431 321 1562 361 exivit
1581 321 1632 361 de
1656 319 1828 371 templo.
1853 332 1871 356 1)
1897 319 2001 361 Nota
2031 320 2122 371 hic,
2146 321 2261 374 quod
2291 332 2400 374 qua-

1371 394 1471 432 tuor
1498 392 1631 432 modis
1652 394 1713 431 est
1740 391 1918 431 Domino
1943 391 2043 432 Jesu
2075 405 2189 433 mors
2209 395 2398 434 tentata:

1372 462 1543 514 quidam
1572 463 1844 503 tentaverunt
1875 460 2015 512 gladio
2043 463 2265 513 perimere,
2295 463 2401 503 sicut

1372 532 1574 582 Herodcs;
1604 532 1776 585 quidam
1804 530 2059 583 praecipitio,
2100 535 2148 572 ut
2183 533 2274 581 hic;
2300 533 2401 586 qui-

1371 603 1468 643 dam
1488 603 1756 656 lapidatione,
1789 602 1895 642 sieut
1921 600 2080 651 Judaei;
2112 602 2283 654 quidam
2303 615 2399 644 cru-

1371 672 1567 713 cifixione
1589 686 1599 714 :
1623 672 1896 726 spiritualiter
1924 671 2039 711 enim
2060 671 2247 712 Christus
2273 673 2403 713 cruci-

1370 743 1518 794 figitur
1539 742 1583 783 in
1608 745 1752 783 nostra
1779 742 2082 794 redemptione.
2112 742 2230 782 Unde
2249 741 2400 783 dicitur

1371 813 1420 853 de
1435 813 1516 864 his,
1533 815 1603 866 qui
1619 814 1801 867 prolapsi
1818 816 1917 853 sunt
1938 814 1966 837 ¹⁰
1987 827 2025 853 ια
2039 812 2198 853 Rursus
2212 812 2398 853 sibimet-

1369 883 1470 935 ipsis
1496 884 1792 935 crucifigentes
1822 883 1958 923 filium
1994 882 2090 933 Dei,
2113 896 2131 919 ))
2172 884 2252 922 010.
2274 881 2399 934 Lapi-

1369 953 1492 994 datur
1505 957 1647 994 autem
1662 955 1707 994 in
1720 953 2041 994 obdurationem
2054 953 2078 974 ¹¹
2095 967 2134 994 t«
2147 952 2396 1002 Jerusalem,

1367 1021 1616 1075 Jerusalem,
1640 1036 1736 1076 quae
1753 1024 1905 1064 occidis
1923 1023 2163 1076 prophetas,
2180 1024 2220 1063 et
2238 1022 2398 1075 lapidas

1369 1105 1455 1143 eos,
1477 1109 1496 1131 υ
1522 1096 1617 1144 010.;
1638 1094 1713 1134 ubi
1735 1094 1969 1134 ostenditur
1994 1093 2217 1134 obduratio
2237 1092 2256 1132 J
2262 1092 2399 1133 udaeo-

1368 1177 1480 1205 rum.
1499 1163 1789 1216 Praecipitatur
1808 1165 1953 1204 autem
1973 1163 2018 1203 in
2033 1162 2363 1215 desperatione¹²
2385 1177 2394 1203 ε

1375 1251 1393 1273 ι(
1416 1235 1641 1276 Succident
1663 1235 1815 1275 electas
1835 1235 1981 1275 cedros
2001 1236 2109 1285 tuas,
2135 1236 2176 1273 et
2199 1233 2397 1286 praecipi-

1367 1307 1518 1347 tabunt
1549 1306 1594 1346 in
1626 1306 1793 1357 ignem3
1815 1320 1834 1343 ›)
1867 1308 1906 1346 et
1932 1305 2012 1345 hoc
2041 1307 2104 1345 est
2131 1304 2175 1344 in
2199 1304 2395 1357 despera-

1368 1379 1494 1419 tione.
1527 1378 1607 1419 Sed
1638 1377 1781 1429 gladio
1808 1378 2031 1430 perimitur
2061 1377 2106 1416 in
2125 1376 2395 1428 blasphema-

1367 1449 1496 1497 tione,
1523 1447 1759 1488 secundum
1780 1447 1929 1488 illud¹³
1955 1462 1963 1487 :
1994 1463 2012 1485 (ι
2033 1446 2127 1487 Filii
2155 1445 2393 1496 hominum,

1367 1519 1512 1559 dentes
1543 1530 1691 1559 eorum
1725 1530 1844 1558 arma
1874 1521 1914 1559 et
1943 1519 2131 1570 sagittae,
2169 1520 2210 1557 et
2246 1517 2398 1568 lingua

1367 1601 1516 1630 eorum
1538 1588 1705 1640 gladius
1732 1590 1896 1628 acutus.
1919 1602 1938 1625 ›>

1421 1664 1486 1700 31.
1517 1659 1573 1701 Et
1601 1658 1818 1701 descendit
1854 1661 1903 1700 in
1944 1659 2265 1711 Gapharnaum,
2315 1662 2393 1699 etc.

1367 1730 1596 1782 Postquam
1639 1729 1820 1769 ostendit
1858 1729 2090 1770 doctrinam
2130 1729 2281 1770 Christi
2319 1741 2397 1770 au-

1365 1801 1595 1841 thenticam
1636 1813 1689 1841 ex
1734 1800 1886 1842 merito
1930 1801 2031 1842 vitae
2073 1803 2113 1841 et
2154 1801 2395 1842 testimonio

1366 1872 1612 1925 Scripturae,
1642 1875 1711 1915 hic
1737 1874 1863 1915 modo
1892 1872 2073 1913 ostendit
2104 1884 2157 1912 ex
2190 1872 2395 1913 miraculo

1365 1944 1579 1996 potentiae,
1602 1948 1650 1985 ut
1668 1945 1710 1986 in
1734 1958 1806 1986 ore
1825 1944 1956 1984 trium
1989 1944 2068 1983 stet
2091 1943 2268 1983 firmum
2290 1954 2396 1983 auc-

1366 2014 1545 2055 toritatis
1581 2015 1892 2056 testimonium.
1939 2013 2074 2054 Habet
2114 2016 2256 2054 autem
2302 2013 2395 2054 haec

1365 2097 1462 2137 pars
1477 2088 1562 2126 tres
1584 2101 1592 2126 :
1617 2087 1663 2126 in
1682 2087 1820 2139 prima
1840 2085 2091 2139 proponitur
2111 2084 2395 2125 communica-

1365 2155 1423 2196 tio
1442 2156 1643 2197 doctrinae
1662 2157 1836 2207 Christi3
1855 2156 1899 2196 in
1915 2155 2112 2205 secunda,
2130 2155 2394 2196 confirmatio

1366 2226 1575 2267 virtutum
1598 2226 1807 2277 miraculi,
1829 2226 1888 2266 ibi
1912 2227 1966 2276 (v.
1991 2225 2054 2278 33)
2081 2239 2089 2265 ε
2113 2225 2170 2268 Et
2190 2226 2239 2267 in
2258 2236 2390 2278 syna-

1365 2307 1472 2350 yoqa
1491 2301 1595 2348 erat,
1616 2300 1711 2348 ete.;
1731 2298 1774 2338 iu
1796 2297 1934 2346 tertia,
1959 2295 2143 2348 acceptio
2164 2295 2354 2348 eJusdem
2368 2309 2394 2337 a

1365 2368 1635 2409 multitudine
1655 2368 1815 2421 populi,
1838 2368 1896 2408 ibi
1912 2369 1967 2418 (v.
1991 2368 2055 2417 402)
2073 2380 2080 2407 :
2101 2368 2235 2408 Facta
2251 2370 2394 2409 autem

1365 2439 1452 2490 die,
1474 2451 1662 2492 eyressus
1682 2440 1786 2489 ibat,
1808 2442 1884 2480 etc.
1909 2439 2026 2480 Circa
2039 2440 2180 2479 autem
2204 2450 2394 2479 commu-

1365 2511 1616 2552 nicationem
1643 2511 1848 2552 doetrinae
1875 2509 2025 2552 Christi
2051 2511 2233 2562 quatuor
2255 2509 2394 2562 expri-

1365 2584 1555 2633 muntur,
1581 2582 1735 2623 50111001
1769 2582 1900 2631 10005,
1933 2583 2118 2634 tempus,
2151 2581 2324 2622 effectus
2353 2583 2394 2622 et

1364 2651 1513 2693 virtus.
1536 2651 1600 2693 Ex
1612 2652 1679 2692 his
1698 2655 1842 2693 autem
1861 2654 2044 2706 quatuor
2064 2652 2280 2704 colligitur
2298 2652 2392 2693 doc-

1364 2723 1477 2763 trina
1504 2723 1655 2764 Christi
1676 2723 1802 2764 fuisse
1826 2723 2016 2774 humilis,
2041 2723 2230 2773 celebriS,
2255 2722 2394 2763 admi-

1363 2793 1522 2844 rabilis,
1538 2796 1579 2834 01
1597 2794 1806 2835 sublimis.
1825 2793 2024 2845 Humilis,
2043 2795 2234 2846 inquam,
2255 2797 2390 2834 osten-

1363 2863 1477 2904 ditur
1498 2876 1552 2904 ex
1573 2865 1657 2905 situ
1688 2864 1783 2915 loci,
1812 2876 1940 2916 quem
1971 2866 2103 2914 notat,
2127 2875 2227 2904 cum
2250 2863 2349 2904 dicit
2374 2878 2383 2904 ε

1363 2933 1594 2976 Descendit
1614 2935 1664 2976 in
1689 2933 1986 2986 capharnaum
2014 2934 2232 2976 civitatem
2266 2934 2387 2977 Gali-

1360 3216 1534 3257 hortum
1561 3228 1721 3266 meum,
1759 3218 1808 3256 ut
1843 3214 2031 3257 viderem
2054 3226 2182 3268 poma
2213 3216 2383 3259 conval-

1358 3385 1399 3392 —
1417 3369 1431 3391 ⁸
1450 3368 1558 3408 Joan„
1576 3376 1638 3409 vn,
1661 3369 1712 3400 34.
1733 3385 1773 3391 -
1788 3369 1800 3387 ⁹
1824 3368 1922 3408 lbid.‚
1938 3376 2012 3407 vni,
2034 3370 2084 3401 59.
2101 3386 2143 3392 —
2162 3370 2188 3392 ¹⁰
2202 3370 2317 3411 Helm,
2335 3380 2382 3412 vi,

1358 3418 1388 3449 6.
1423 3434 1459 3439 —
1493 3416 1519 3438 ¹¹
1545 3415 1682 3455 Mattlz„
1702 3422 1803 3456 xxm,
1834 3416 1886 3447 37.
1911 3434 1947 3439 —
1972 3417 1998 3439 ¹2
2016 3417 2152 3457 Jerem„
2178 3425 2266 3459 xxn,
2293 3420 2324 3450 7.
2342 3434 2381 3443 -m

1358 3463 1385 3485 ¹³
1405 3462 1495 3495 Psal.
1520 3470 1587 3503 LVI,
1614 3464 1644 3494 5.
1665 3479 1706 3485 —
1725 3461 1751 3484 ¹⁵
1772 3463 1882 3504 Cant„
1897 3470 1944 3504 Vl,
1965 3465 2016 3494 10.

1401 3515 1446 3556 (a)
1464 3515 1564 3548 Edit.
1582 3515 1654 3548 Vat.
1675 3515 1817 3556 possint.

2440 2977 2549 3004 Christi

1362 3005 1462 3046 loeoe.
1485 3004 1715 3046 Descensus
1741 3005 1854 3046 enim
1880 3004 1926 3043 in
1946 3003 2108 3044 Christo
2133 3004 2310 3055 signum
2328 3007 2389 3046 est
2416 3017 2538 3045 deseen-

1360 3075 1625 3127 humilitatis,
1660 3075 1768 3116 sieut
1799 3086 1995 3119 ascensus
2024 3075 2068 3114 in
2109 3075 2303 3127 superbis
2329 3076 2385 3116 si-
2409 3059 2546 3126 sffifflfflff‘

1361 3158 1499 3197 gnum
1523 3149 1583 3186 est
1605 3145 1810 3186 elationis.
1840 3144 1957 3185 Unde
1986 3145 2015 3169 ¹¹‘
2037 3155 2048 3184 ε
2075 3159 2094 3183 α
2115 3144 2314 3186 Descendi
2341 3146 2387 3187 in
2407 3140 2546 3216 ssffficjtis
