2634 3853
295 252 372 289 400

346 336 539 377 Secundo
552 336 775 389 respondet
789 334 1010 388 quaerenti,
1032 332 1320 374 denuntiando

292 406 487 460 prodigia
516 406 728 458 discipulis
761 405 854 444 visa
884 407 923 444 et
951 403 1119 452 audita;
1151 405 1320 456 propter

292 478 405 529 quod
423 477 519 518 dicit
539 478 594 528 (v.
614 477 675 527 22)
697 476 776 517 :Et
791 474 1046 526 respondens
1064 474 1186 516 (lixit
1201 474 1289 515 illis
1307 488 1319 513 .-

292 548 452 590 Eztntes
480 548 720 589 renuntiate
746 546 924 596 Jocznni,
954 556 1048 598 quoe
1074 545 1263 587 audistis
1283 548 1322 587 et

291 617 610 669 ricberta-quia,
625 617 920 657 sicutdicitur¹
946 631 954 657 :
977 631 994 655 (ι
1013 616 1148 669 Opera
1162 615 1233 656 Dei
1250 628 1318 656 re-

291 689 431 729 velare
445 691 484 728 et
498 686 701 737 confiteri,
715 687 1002 728 honorificum
1017 689 1093 728 est.
1108 701 1126 725 »
1153 686 1321 727 Mandat

290 759 349 799 eis
375 758 626 799 denuntiare
651 770 749 810 quae
778 758 979 799 viderunt
1007 761 1046 799 01
1077 758 1316 808 audieruut,

289 831 388 882 quia
417 830 482 869 isti
515 830 599 869 duo
632 842 778 870 sensus
811 829 1017 882 plurimas
1049 829 1170 870 nobis
1195 829 1319 869 (111Γο-

288 900 443 940 rentias
465 900 714 950 ostendunt3
738 903 783 941 ut
802 900 847 940 111
864 901 944 941 1100
960 901 1207 941 ostendatur
1226 912 1319 953 per-

289 971 431 1012 fectior
452 971 552 1011 fides
570 970 743 1012 Joaunis
760 972 830 1024 qui
847 971 1021 1012 credidit
1034 971 1121 1011 solo
1140 970 1317 1021 auditui,

289 1053 417 1094 quam
443 1040 622 1081 istorum
647 1041 719 1093 qui
746 1041 944 1081 viderunt
970 1043 1010 1081 01
1035 1040 1317 1091 crediderunt,

290 1114 522 1154 secundum
543 1114 645 1154 illud
674 1114 852 1155 Joannz's
874 1113 924 1154 de
960 1113 1135 1165 Thoma,
1169 1114 1235 1153 cui
1256 1114 1320 1154 di-

290 1185 397 1224 citur
420 1185 466 1225 2:
497 1200 516 1222 «
550 1185 655 1234 Quia
687 1185 826 1226 vidisti
857 1198 939 1236 me,
969 1184 1145 1237 Thoma,
1181 1186 1320 1226 credi-

288 1255 398 1296 disti.
414 1255 528 1296 Beati
543 1256 615 1308 qui
630 1268 716 1297 non
730 1256 929 1297 viderunt
944 1260 983 1297 et
996 1257 1276 1297 crediderunt.
1295 1271 1313 1295 ›)

287 1326 481 1381 Praecipit
508 1331 651 1369 autem
682 1329 741 1369 eis
767 1341 940 1370 narrare
972 1329 1189 1382 prodigia,
1225 1342 1320 1382 quae

289 1399 460 1452 quidem
475 1405 573 1440 sunt
587 1401 801 1454 praecipua
813 1400 1030 1452 miracula,
1054 1403 1225 1454 propter
1245 1402 1321 1442 im-

287 1471 605 1523 possibilitatem
626 1475 819 1525 respectu
839 1472 1008 1513 virtutis
1026 1475 1195 1524 creatae,
1214 1473 1320 1514 sicut

285 1544 348 1582 est
383 1542 595 1583 restitutio
641 1543 788 1594 visus,
830 1543 1074 1584 rectificatio
1114 1556 1318 1596 gressus,

286 1613 507 1654 mundatio
529 1614 715 1667 corporis
735 1614 875 1665 totius,
896 1614 1106 1667 reparatio
1133 1614 1317 1666 auditus,

284 1684 493 1725 restitutio
511 1685 624 1736 vitae,
650 1688 690 1726 01
710 1685 953 1726 sublimatio
976 1685 1145 1738 inopiae.
1174 1685 1316 1734 Quan-

285 1757 377 1795 tum
413 1756 464 1796 ad
498 1756 808 1797 restitutionem
843 1757 991 1807 visus,
1024 1756 1126 1796 dicit
1162 1771 1170 1797 :
1210 1757 1319 1803 Ouia

283 1827 383 1868 coeez'
402 1826 562 1869 vident.
586 1829 599 1851 ³
627 1842 646 1865 «
665 1826 783 1868 Tunc
801 1828 1046 1881 aperientur
1059 1828 1169 1869 oculi
1191 1841 1318 1870 caeco-

284 1909 395 1949 rum,
413 1913 432 1936 »
450 1898 605 1940 scilicet
621 1899 665 1939 111
683 1900 870 1941 adventu
888 1899 1052 1940 Christi.
1076 1900 1145 1940 «A
1161 1900 1316 1941 saeculo

283 1981 369 2010 non
395 1973 457 2011 est
487 1971 703 2023 auditum,
727 1971 827 2024 quia
852 1971 947 2024 quis
981 1971 1146 2025 aperuit
1172 1971 1315 2013 oculos

283 2041 382 2082 caeci
427 2043 530 2084 nati.
567 2057 585 2081 1)
625 2044 840 2092 Quantum
882 2043 935 2084 ad
970 2043 1314 2085 rectificationem

285 2124 480 2165 gressus,
511 2114 664 2155 dicitur
692 2129 700 2155 :
740 2114 896 2157 Claudi
921 2114 1156 2158 ambulant.
1185 2119 1198 2140 ⁵
1225 2131 1243 2154 «
1273 2116 1321 2156 In

283 2184 349 2225 die
374 2184 458 2235 illa,
490 2184 590 2225 dicit
608 2184 828 2235 Dominus,
858 2187 1130 2238 congregabo
1156 2186 1320 2228 claudi-

284 2256 449 2295 cantem
468 2269 478 2304 ;
502 2257 542 2295 et
561 2266 655 2295 eam
676 2267 802 2308 quam
820 2256 1042 2308 eJeceram,
1060 2256 1277 2308 colligam.
1294 2271 1313 2294 »

283 2326 426 2367 lsaias
440 2325 453 2347 ‘⁵
477 2337 486 2365 ε
516 2340 535 2364 (1
554 2324 671 2366 Τι1110
692 2325 812 2366 saliet
832 2326 941 2366 siout
962 2339 1111 2368 cervus
1128 2327 1317 2378 claudus,

283 2400 324 2438 et
342 2399 488 2450 aperta
516 2397 596 2437 erit
624 2397 777 2449 lingua
799 2400 1034 2438 mutorum.
1060 2412 1079 2436 n
1104 2398 1319 2447 Quantum

283 2468 335 2509 ad
367 2468 690 2509 mundationem
720 2468 907 2522 corporis
937 2468 1091 2520 totius,
1127 2469 1280 2510 dicitur
1306 2484 1315 2511 :

282 2540 460 2593 Leprosi
487 2539 770 2590 mundantur,
800 2539 908 2580 sicut
935 2539 1045 2580 infra
1065 2540 1079 2562 ⁷
1111 2539 1320 2592 leguntur

282 2611 428 2652 decem
457 2611 613 2664 leprosi
643 2624 733 2653 esse
767 2610 976 2662 mundati,
1010 2613 1051 2652 et
1081 2611 1190 2652 sicut
1219 2612 1319 2653 dicit

281 2682 355 2725 Job
373 2683 387 2705 ⁸
409 2695 418 2724 :
447 2699 466 2722 «
487 2683 589 2733 Quis
608 2685 743 2737 potest
763 2683 898 2724 facere
927 2683 1138 2724 mundum
1166 2684 1215 2724 de
1236 2684 1316 2725 im-

282 2756 444 2796 mundo
473 2758 725 2808 conceptum
757 2755 953 2796 semine?
980 2767 1121 2796 nonne
1146 2758 1209 2807 tu,
1245 2757 1317 2809 qui

283 2826 397 2867 solus
417 2839 460 2867 es
474 2828 493 2867 ‘?
511 2842 529 2865 ›>
550 2827 614 2868 Tu
632 2839 736 2879 ergo
755 2827 829 2880 qui
851 2826 944 2868 haec
957 2827 1075 2881 facis„
1093 2840 1137 2869 es
1152 2828 1221 2869 ille
1243 2829 1318 2882 qui

282 2900 490 2939 venturus
519 2899 591 2939 es?
618 2897 834 2947 Quantum
862 2898 915 2939 ad
945 2899 1207 2952 apertionem
1236 2912 1319 2940 au-

282 2969 396 3010 ditus
428 2970 625 3011 subditur
654 2984 663 3011 :
691 2970 826 3012 Surdz‘
858 2970 1062 3014 audiunt.
1091 2974 1104 2996 ⁹
1133 2986 1153 3009 «
1180 2970 1318 3012 Aures

284 3040 513 3082 surdorum
551 3042 776 3094 patebunt,
812 3056 831 3080 ›>
865 3042 1020 3083 scilicet
1052 3042 1096 3082 in
1132 3042 1318 3084 adventu

284 3111 463 3163 Christi,
501 3114 734 3154 secundum
768 3113 872 3154 illud
905 3113 933 3136 ¹⁰
961 3125 971 3154 ε
998 3112 1147 3154 «Bene
1174 3114 1317 3155 omnia

282 3182 393 3232 fecit,
405 3186 445 3224 et
464 3184 615 3224 surdos
634 3184 728 3225 fecit
747 3184 910 3234 audire,
930 3186 971 3225 et
988 3187 1128 3225 mutos
1145 3184 1311 3238 loqui.»

284 3252 498 3302 Quantum
532 3254 584 3295 ad
614 3255 924 3307 reparationem
957 3256 1082 3306 vitae,
1121 3255 1276 3298 dicitur
1303 3271 1311 3296 ε

282 3325 445 3369 Mortui
474 3329 725 3379 resurqum,
747 3327 979 3369 secundum
1000 3327 1106 3368 illud
1127 3328 1153 3350 ¹¹
1177 3339 1187 3369 ε
1215 3342 1234 3367 <‹
1264 3327 1316 3369 Et

324 3458 334 3478 1
358 3457 444 3497 Τοὺ.,
462 3466 526 3499 xii,
550 3459 579 3491 7.
601 3474 640 3482 —-
659 3458 673 3479 2
690 3458 798 3496 Joan„
819 3466 877 3498 xx,
899 3460 952 3491 29.
973 3475 1014 3482 —
1031 3459 1044 3480 ³
1059 3459 1137 3500 lsa„
1158 3467 1263 3500 xxxv,
1282 3461 1312 3491 5.

281 3519 322 3528 ·—
340 3505 353 3526 ¹·
371 3505 478 3544 loun„
501 3513 552 3544 ix,
575 3507 625 3538 32.
647 3523 688 3529 —
711 3505 724 3527 ⁸
743 3505 860 3545 Miclz„
882 3513 927 3546 ιν,
949 3508 979 3538 6.
1001 3523 1040 3530 -
1071 3509 1083 3525 ⁶
1109 3507 1186 3547 isa„
1209 3515 1312 3547 XXXV,

282 3554 312 3585 6.
333 3571 373 3577 -
393 3554 402 3572 ⁷
424 3553 499 3594 lnf.‚
524 3562 606 3595 xvu,
627 3555 676 3587 14.
691 3570 731 3577 —
747 3553 760 3575 8
779 3552 851 3593 Job,
873 3561 944 3594 xiv,
964 3556 996 3587 4.
1014 3571 1050 3578 —-
1073 3555 1084 3573 ⁹
1105 3555 1184 3595 Isa„
1207 3562 1314 3596 xxxv,

1024 242 1307 286 EVANGELII
1337 241 1522 285 SANCTI
1551 243 1701 285 LUCAE

1396 332 1533 373 scietis
1565 333 1667 385 quia
1703 343 1786 383 ego
1825 331 2053 385 Dominus,
2087 347 2185 377 cum
2217 347 2422 390 aperuero

1394 402 1619 455 sepulchra
1637 404 1793 451 vestra,
1815 404 1857 442 et
1876 403 2061 446 eduxero
2080 418 2156 448 vos
2175 407 2226 448 de
2249 407 2424 448 tumulis

1395 474 1567 524 vestris,
1599 473 1753 526 popule
1782 484 1929 522 meus;
1967 477 2007 514 et
2039 475 2190 517 dedero
2227 479 2422 531 spiritum

1395 544 1603 584 111011111111
1628 543 1762 592 vobiS,
1791 546 1831 583 et
1856 543 2073 595 vixeritis;
2100 560 2119 583 »
2139 549 2179 587 et
2198 548 2278 589 1100
2300 552 2361 590 est
2380 550 2424 590 in

1396 614 1585 655 adventu
1617 614 1769 655 Christi
1800 612 1826 635 ¹²
1859 627 1868 654 :
1897 613 2042 663 «Quia
2072 616 2188 657 venit
2221 618 2352 669 hora,
2385 622 2426 659 et

1394 696 1510 725 1111110
1530 688 1607 735 est,
1624 685 1794 738 quando
1818 685 1976 726 mortui
1996 686 2170 728 audient
2184 700 2331 729 vocem
2352 688 2428 728 filii

1394 755 1481 796 Dei.
1498 771 1517 794 »
1540 756 1770 807 Postremo,
1788 759 1996 809 quantum
2011 758 2060 798 ad
2084 758 2427 800 sublimationem

1395 827 1564 880 inopiae,
1585 828 1804 869 subditur:
1826 827 2039 880 I’acheres
2053 830 2425 883 evanqelizantm·,

1394 898 1435 939 id
1456 902 1518 940 est
1541 911 1616 952 per
1635 899 1920 951 Evangelium
1946 900 2230 953 praedicantur
2252 905 2293 943 et
2311 903 2426 943 exal-

1396 972 1567 1020 tantur3
1590 970 1703 1022 quod
1724 972 1857 1023 patet,
1886 971 1986 1023 quia
2007 982 2146 1013 sermo
2168 972 2333 1013 Domini
2360 974 2425 1014 in-

1395 1040 1520 1093 coepit
1544 1053 1567 1080 a
1584 1040 1950 1083 commendatione
1970 1054 2205 1095 pauperum
2221 1044 2246 1066 ¹³
2262 1056 2298 1085 ια
2316 1044 2430 1086 Beati

1394 1122 1600 1163 pauperes
1625 1111 1796 1164 spiritu,
1825 1112 2028 1164 quoniam
2054 1113 2245 1166 ipsorum
2272 1118 2334 1156 est
2360 1128 2430 1156 re—

1396 1193 1533 1232 gnum
1556 1181 1774 1232 coelorum,
1799 1196 1818 1220 ›>
1842 1185 1889 1223 111
1907 1183 2089 1224 habetur
2115 1197 2257 1237 supra.
2281 1185 2332 1226 Et
2350 1186 2431 1228 hoc

1395 1255 1484 1293 erat
1514 1256 1676 1293 certum
1707 1253 1881 1305 signum
1914 1255 2121 1296 adventus
2156 1256 2334 1308 Christi,
2366 1270 2432 1299 se—

1393 1325 1583 1366 cundum
1616 1324 1720 1366 illud
1748 1325 1776 1346 ¹⁸
1814 1339 1822 1366 ε
1849 1340 1868 1363 a
1897 1325 2104 1379 Pauperes
2150 1327 2345 1369 homines
2386 1329 2431 1370 in

1394 1399 1537 1437 sancto
1582 1396 1709 1437 Israel
1754 1397 2006 1438 exultabunt
2026 1430 2036 1449 ,
2072 1414 2091 1436 »
2134 1399 2235 1452 quia
2279 1400 2431 1441 dicitur

1394 1468 1522 1510 Isa‘l'ce
1543 1467 1569 1489 ¹⁵
1593 1482 1633 1508 ια
1650 1467 1713 1508 Ad
1734 1480 1864 1521 quem
1885 1469 2122 1522 respiciam,
2147 1470 2227 1510 nisi
2248 1471 2300 1512 ad
2320 1484 2430 1524 pau-

1394 1539 1642 1592 perculum,
1678 1542 1718 1580 et
1750 1540 1976 1581 contritum
2008 1541 2189 1593 spiritu?
2216 1556 2236 1580 »
2273 1542 2323 1583 Et·
2355 1543 2428 1585 Ja-

1393 1610 1517 1652 cobzts
1544 1609 1570 1632 ¹⁶
1601 1625 1609 1652 :
1639 1609 1832 1651 «Nonne
1854 1610 1963 1651 Deus
1991 1611 2120 1663 elegit,
2148 1624 2354 1665 pauperes
2386 1613 2431 1653 in

1393 1682 1474 1722 hoc
1512 1682 1701 1733 mundo,
1738 1696 1756 1719 »
1793 1684 1870 1722 etc.
1910 1680 2017 1731 Quia
2053 1682 2104 1722 de
2140 1682 2230 1736 ipso
2268 1682 2430 1724 Christo

1395 1751 1557 1792 dictum
1577 1754 1640 1792 est
1663 1752 1708 1792 in
1729 1752 1896 1794 Psalmo
1919 1752 1944 1778 ¹⁷
1970 1767 2010 1793 z«
2029 1751 2175 1794 Parcet
2193 1754 2371 1807 pauperi
2391 1756 2432 1794 et

1392 1821 1524 1875 inopi,
1547 1826 1587 1864 et
1610 1823 1775 1863 animas
1805 1835 2045 1876 pauperum
2075 1824 2212 1866 salvas
2245 1825 2382 1866 faciet.
2404 1839 2424 1863 »

1391 1893 1442 1934 Et
1480 1896 1573 1947 post
1607 1908 1616 1936 :
1647 1909 1667 1933 <‹
1707 1893 1758 1935 Et
1799 1894 2047 1936 honorabile
2085 1908 2245 1937 nomen
2279 1908 2430 1937 eorum

1391 1977 1533 2006 coram
1554 1965 1640 2006 illo.
1663 1979 1682 2003 »
1714 1965 1765 2006 Et
1798 1965 1902 2007 illud
1934 1968 2023 2007 erat
2051 1979 2261 2019 magnum
2286 1967 2429 2020 prodi-

1395 2037 1535 2090 gium,
1552 2037 1652 2090 quia
1670 2037 1921 2079 honorabile
1934 2038 2071 2079 fuerat
2087 2039 2155 2092 (a),
2176 2041 2217 2079 et
2233 2039 2427 2091 amabile,

1394 2111 1435 2148 et
1454 2108 1722 2161 praedicabile
1742 2120 1900 2150 nomen
1919 2121 2158 2163 pauperum
2175 2125 2185 2161 ;
2207 2111 2323 2164 quod
2343 2123 2431 2152 non

1394 2179 1473 2220 fuit
1489 2179 1570 2219 nisi
1591 2191 1666 2232 per
1682 2179 1843 2230 Jesum,
1866 2180 1940 2232 qui
1959 2192 2003 2220 se
2017 2181 2112 2221 fecit
2132 2193 2362 2234 pauperem
2379 2182 2431 2222 ad

1394 2262 1471 2290 nos
1507 2262 1713 2303 pauperes
1744 2250 1937 2291 ditandos
1974 2253 2014 2291 et
2047 2250 2317 2293 honorandos
2349 2251 2376 2279 ²⁸
2418 2265 2427 2292 ε

1400 2321 1563 2362 «Scitis
1595 2321 1709 2362 enim
1742 2321 1926 2373 gratiam
1956 2321 2123 2362 Domini
2159 2323 2292 2363 nostri
2331 2322 2431 2364 Jesu

1394 2391 1547 2433 Christi
1563 2406 1573 2442 3
1597 2392 1801 2444 quoniam
1822 2394 1992 2445 propter
2013 2405 2090 2435 vos
2111 2405 2276 2445 egenus
2295 2394 2430 2436 factus

1394 2465 1471 2514 est,
1494 2475 1593 2504 cum
1614 2465 1721 2504 esset
1747 2462 1887 2514 dives,
1910 2465 1958 2503 111
1976 2463 2089 2504 illius
2108 2464 2252 2518 inopia
2270 2478 2348 2507 vos
2366 2466 2431 2507 di-

1392 2534 1502 2576 vites
1526 2534 1683 2576 essetis.
1715 2548 1734 2571 ›)
1761 2534 1812 2575 Et
1842 2536 1943 2575 nota
1977 2535 2091 2588 quod
2123 2536 2262 2588 magis
2297 2536 2426 2578 dicit:

1393 2607 1605 2659 Pauperes
1626 2606 1996 2660 evanqelz'zantur,
2013 2619 2142 2661 quam
2162 2609 2353 2662 viraines
2363 2609 2431 2652 vel

1393 2677 1630 2720 obedientes
1650 2690 1660 2729 3
1699 2678 1801 2731 quia
1836 2680 2063 2732 paupertas
2102 2679 2429 2722 fundamentum

1394 2752 1455 2792 est
1472 2749 1733 2802 evangelicae
1757 2750 2037 2803 perfectionis.

1447 2823 1564 2864 Sicut
1583 2823 1910 2864 fundamentum
1926 2823 2105 2866 civitatis
2121 2823 2348 2876 Babylonis
2367 2827 2430 2866 est

1392 2895 1570 2938 avaritia
1587 2927 1598 2947 ,
1631 2895 1866 2936 secundum
1899 2895 2003 2936 illud
2021 2896 2048 2921 ¹⁹
2070 2907 2081 2936 ε
2109 2910 2129 2934 (ι
2150 2895 2287 2936 Radix
2314 2895 2430 2936 enim

1392 2967 1587 3008 omnium
1599 2967 1812 3008 malorum
1825 2968 1886 3007 est
1896 2967 2102 3020 cupiditas
2113 2981 2123 3017 ;
2135 2981 2154 3005 »
2174 2968 2215 3007 et
2232 2966 2429 3008 «initium

1393 3040 1532 3080 omnis
1567 3039 1747 3093 peccatis
1783 3041 1843 3080 est
1882 3039 2104 3091 superbia,
2128 3051 2147 3075 1)
2194 3039 2429 3080 secundum

1392 3110 1505 3164 quod
1524 3109 1679 3151 dicitur
1702 3111 1733 3135 ²⁰
1759 3122 1768 3150 :
1791 3110 1849 3150 sic
1868 3111 2094 3163 paupertas
2114 3109 2304 3162 spiritus,
2328 3123 2429 3164 quae

1391 3181 1570 3223 includit
1597 3183 1840 3234 oppositum
1870 3180 2107 3233 utriusque,
2142 3181 2299 3222 scilicet
2328 3194 2430 3235 pau-

1392 3255 1596 3308 pertatem
1616 3255 1656 3293 et
1680 3252 1990 3303 humilitatem,
2013 3253 2075 3292 est
2100 3252 2429 3295 fundamentum

1391 3364 1423 3394 5.
1443 3378 1484 3385 —
1512 3360 1537 3382 1·
1563 3360 1681 3400 Marc„
1708 3368 1774 3401 vn,
1800 3361 1852 3392 37.
1875 3377 1916 3382 -
1941 3359 1966 3381 11
1990 3359 2121 3401 Ezech.,
2146 3368 2290 3402 xxxvn,
2315 3362 2366 3394 13.
2387 3379 2429 3385 —

1391 3409 1418 3431 ¹2
1438 3410 1546 3447 Joan„
1577 3414 1609 3448 v,
1640 3407 1692 3439 28.
1715 3423 1757 3430 —-
1782 3407 1807 3429 1³
1832 3406 1968 3447 Mami„
1998 3414 2030 3448 ν,
2061 3409 2099 3448 3;
2126 3408 2215 3450 Luc„
2239 3417 2293 3448 v1‚
2315 3410 2370 3441 20.
2389 3426 2430 3432 —-

1391 3458 1416 3479 11
1436 3458 1518 3491 Jsa..
1537 3463 1641 3496 xxtx,
1664 3457 1712 3488 19.
1739 3475 1774 3479 -
1797 3456 1824 3478 1⁸
1843 3456 1922 3497 lsa„
1942 3464 2041 3497 mvi,
2063 3459 2094 3489 2.
2115 3474 2154 3481 -
2178 3458 2203 3479 1⁶
2221 3459 2309 3497 Jac.,
2330 3466 2375 3499 11,
2396 3460 2428 3496 5,

1392 3524 1428 3529 -
1450 3506 1474 3527 1⁷
1500 3502 1593 3536 Psal.
1621 3511 1754 3544 Lxxut,
1779 3506 1834 3543 19,
1861 3506 1913 3535 20.
1939 3521 1979 3527 —-
2011 3505 2033 3523 ¹⁸
2057 3506 2081 3536 ll
2109 3505 2201 3544 Corn,
2223 3514 2305 3546 vm,
2328 3508 2358 3539 9.
2385 3520 2425 3530 ——

1392 3555 1414 3573 ¹⁰
1435 3555 1446 3585 l
1474 3552 1569 3593 Tim,
1589 3557 1634 3591 vJ,
1660 3553 1755 3584 10.—
1772 3551 1799 3573 ²⁰
1820 3551 1938 3589 Ecclz'.‚
1959 3559 1996 3592 X,
2016 3554 2112 3585 15.—
2131 3553 2170 3594 (α)
2187 3553 2264 3594 Leq.
2280 3554 2426 3607 fecerat-
