2634 3853
83 1227 158 1253 Salis

47 1268 182 1294 conside-

47 1309 132 1336 ratio.

953 128 1224 172 Exposirlo
1254 126 1308 168 IN
1338 127 1451 168 CAP.
1482 127 1589 170 XIV.

218 221 409 263 «Sermo
435 222 574 261 vester
604 231 770 272 semper
808 220 851 260 in
889 220 1026 272 gratia
1063 218 1148 259 sale
1180 217 1233 257 sit

212 292 404 332 conditus
436 305 444 330 ε
482 305 501 327 »
535 291 634 343 quia
665 290 774 330 sicut
798 302 883 330 11011
909 291 1043 342 potest
1073 287 1233 329 comedi

211 361 348 411 cibus,
371 360 454 400 nisi
477 361 531 400 sit
552 360 636 400 sale
656 360 867 408 conditus,
899 360 957 399 sic
976 372 1052 399 nec
1073 361 1232 398 stoma-

210 430 314 471 chus
355 430 491 471 cordis
528 430 705 470 verbum
741 429 914 482 suscipit
943 429 1230 469 indiscretum.

209 501 282 542 Job
301 502 312 522 ¹
335 512 344 540 :
369 515 387 538 (1
410 500 625 552 Numquid
650 500 799 552 poterit
818 500 979 540 comedi
999 499 1231 548 insulsum,

209 571 321 623 quod
341 583 426 611 non
447 573 507 611 est
526 571 610 610 sale
631 571 850 611 conditum
863 572 882 610 ἱ)
897 584 915 607 ›>
935 570 1093 610 Debent
1108 569 1233 608 etiam

209 640 363 680 habere
396 640 643 693 sapientiam
667 655 675 681 ε
699 640 811 680 unde
841 640 884 679 in
901 640 1085 681 Levitico
1100 643 1113 663 ‘²
1128 650 1233 690 pree<

209 709 363 762 cipitur
400 709 514 762 quod
550 710 595 749 in
631 709 748 750 omni
791 709 991 749 sacrificio
1033 708 1234 748 offeratur

209 779 284 819 sal.
309 779 358 820 Et
376 779 469 819 talis
488 779 561 831 qui
582 780 765 832 prudens
783 782 844 820 est
864 782 905 820 et
926 778 1104 831 sapiens,
1121 780 1233 818 recte

208 849 341 890 verbo
373 853 413 889 et
437 850 630 902 exemplo
664 851 980 890 condimentum
1011 852 1072 889 est
1101 848 1235 889 Eccle-

209 919 296 959 siae.
330 918 446 959 Unde
475 918 651 959 Glossa:
680 918 788 959 «Sal
819 920 932 959 cibos
958 919 1119 968 condit,
1142 930 1235 959 ver-

207 1001 298 1029 mes
328 992 469 1039 necat,
506 1001 651 1029 carnes
684 989 830 1039 siccat3
864 989 921 1029 sic
951 989 1191 1040 praedicatio
1211 1001 1236 1028 a

209 1061 426 1102 vermibus
469 1060 672 1101 vitiorum
711 1063 752 1100 et
796 1060 1018 1112 putredine
1059 1059 1235 1099 illaesam

208 1133 349 1171 servat
382 1130 564 1171 Creatori
602 1142 678 1170 suo
716 1130 945 1169 humanam
976 1131 1229 1168 naturam.»

209 1202 288 1243 Sed
316 1204 419 1242 tunc
443 1201 503 1241 sal
522 1201 753 1250 evanescit,
779 1200 947 1252 quando
979 1199 1128 1239 Christi
1155 1199 1235 1238 dis—

208 1271 374 1324 cipulus
409 1271 589 1311 efficitur
636 1271 861 1313 indevotus
898 1270 940 1308 in
980 1268 1234 1320 contempla-

208 1343 340 1392 tione,
361 1345 402 1382 et
418 1342 668 1381 indiscretus
698 1341 742 1380 in
771 1340 958 1388 actione,
982 1342 1022 1379 et
1048 1339 1091 1378 in
1121 1351 1233 1391 prae-

206 1412 437 1460 dicatione,
461 1411 566 1451 sicut
587 1411 637 1450 de
662 1411 744 1449 illis
765 1410 919 1449 dicitur
936 1410 949 1431 ³
973 1423 980 1449 :
1001 1424 1019 1446 α
1040 1409 1233 1448 Evanue-

205 1486 307 1524 runt
334 1483 378 1522 in
413 1481 743 1533 cogitationibus
763 1512 775 1530 ,
805 1483 845 1520 et
874 1480 1141 1520 obscuratum
1173 1481 1235 1518 est

206 1553 407 1605 insipiens
428 1564 498 1592 cor
518 1564 614 1591 eum
629 1584 642 1601 ,
667 1566 684 1588 ›>
713 1554 789 1591 etc.
812 1551 899 1591 1100
915 1554 976 1590 est
996 1550 1233 1590 maximum

206 1624 440 1676 periculum
460 1638 469 1673 3
489 1623 582 1663 ideo
604 1623 748 1662 subdit
770 1637 778 1662 :
803 1623 853 1663 In
874 1633 954 1674 quo
975 1621 1231 1663 condietur?

206 1693 332 1742 Quasi
351 1693 459 1734 dicat
477 1708 484 1733 :
504 1692 550 1732 In
566 1692 699 1732 nullo.
724 1692 839 1733 Unde
853 1692 1174 1734 Ecclesiasticus
1187 1692 1200 1713 1*
1220 1704 1229 1731 ε

212 1779 231 1802 (1
258 1765 359 1813 01115
400 1764 667 1804 miserebitur
703 1763 954 1803 incantatori
988 1775 1013 1801 a
1043 1764 1233 1814 serpente

206 1836 433 1887 percusso?
453 1849 472 1872 »
494 1833 619 1883 Quasi
639 1834 818 1874 diceret:
840 1833 948 1873 Talis
968 1845 1143 1885 prorsus
1169 1835 1232 1873 est

206 1906 483 1958 despectibilis
522 1907 562 1944 et
600 1904 760 1944 inutilis
784 1934 797 1953 ,
838 1907 923 1944 tam
964 1916 1108 1943 eoram
1150 1903 1233 1943 Deo

208 1988 338 2028 quam
356 1987 498 2015 coram
521 1974 790 2023 hominibus;
819 1977 902 2013 tam
934 1974 976 2013 in
999 1973 1159 2013 actibus
1181 1973 1232 2023 (a)

207 2045 511 2098 spiritualibus,
525 2057 652 2097 quam
669 2045 709 2083 111
721 2044 1036 2096 temporalibus.
1052 2043 1146 2083 ldeo
1159 2042 1230 2082 ad-

207 2115 268 2156 dit
298 2118 362 2166 (v.
401 2116 483 2168 35)
520 2130 528 2155 :
559 2116 696 2167 Neque
729 2116 777 2156 in
812 2117 989 2164 terram,
1020 2124 1148 2165 neque
1186 2113 1234 2153 in

207 2187 525 2239 sterquilinium
551 2185 656 2227 utile
676 2189 760 2235 est,
783 2185 855 2227 sect
885 2186 999 2235 foras
1030 2184 1231 2226 mittitur.

208 2256 351 2297 Glossa
371 2260 384 2281 ⁵
411 2271 420 2296 ε
451 2271 470 2294 «
497 2255 577 2304 0111
606 2258 698 2308 post
722 2255 767 2307 (b)
791 2255 1052 2307 agnitionem
1084 2253 1235 2293 verita-

160 2327 163 2329 ’
207 2326 260 2366 tis
279 2326 516 2376 retrocedit,
547 2337 684 2378 neque
709 2325 796 2377 ipse
816 2326 1000 2366 fructum
1020 2324 1119 2364 boni
1141 2336 1235 2376 ope-

208 2396 267 2436 ris
296 2396 403 2436 ferre
423 2427 438 2446 ,
468 2408 607 2448 neque
636 2395 739 2435 alios
771 2395 961 2436 excolere
992 2394 1130 2443 valet,
1163 2393 1235 2434 sed

209 2465 390 2518 ejicitur.
419 2479 439 2504 5>

264 2535 352 2576 Imo
381 2535 494 2587 quod
518 2533 613 2586 plus
647 2537 742 2584 est,
771 2534 907 2575 reddit
935 2536 1091 2574 terram
1121 2532 1236 2573 steri-

210 2606 294 2646 lem
313 2637 324 2656 ,
355 2605 455 2658 quia
486 2604 555 2645 vir
583 2605 791 2656 perfectus
821 2605 972 2645 cadens
1012 2616 1088 2644 suo
1123 2604 1234 2643 malo

211 2675 405 2728 exemplo
427 2707 439 2725 ,
471 2675 575 2715 alios
611 2675 746 2716 reddit
782 2675 950 2716 inutiles
986 2675 1038 2715 ad
1075 2675 1235 2715 bonum

210 2746 463 2788 faciendum.
478 2745 528 2786 Et
548 2745 642 2786 ideo
659 2746 725 2786 vir
737 2746 1003 2786 retrocedens
1027 2757 1236 2798 compara-

212 2821 282 2859 tur
309 2816 434 2858 uxori
465 2816 566 2866 Lot,
587 2816 638 2856 de
669 2829 755 2868 qua
787 2816 938 2857 dicitur
959 2820 972 2841 ⁶
995 2815 1107 2868 quod
1136 2831 1154 2854 «
1176 2828 1238 2856 re-

213 2887 392 2940 spiciens
414 2889 507 2938 post
525 2898 583 2937 se,
600 2898 723 2927 versa
736 2889 798 2927 est
815 2886 860 2926 in
880 2887 1061 2926 statuam
1077 2885 1188 2926 salis.
1209 2900 1228 2923 >³

257 2970 263 2987 ¹
283 2968 356 3006 Joh,
379 2977 427 3008 v1,
447 2969 477 3000 6.
498 2985 538 2990 —-
553 2968 567 2988 ²
586 2969 703 3002 Levis..
731 2969 904 3006 11‚13.—
927 2967 939 2988 3
962 2969 1063 3005 Rom„
1086 2976 1111 3006 1,
1132 2970 1236 2998 21.—

213 3016 227 3037 ‘0
250 3015 362 3050 lfa-cll„
396 3023 463 3054 xii,
496 3017 544 3047 13.
576 3032 615 3038 -
643 3016 653 3033 ⁵
686 3015 793 3045 Gloss.
827 3025 868 3045 ex
901 3016 995 3052 Bed,
1022 3014 1077 3045 ubi
1102 3024 1174 3054 sup.
1197 3032 1236 3037 —

214 3062 227 3083 ⁶
248 3061 341 3099 Gen„
366 3069 437 3100 XIX,
462 3064 512 3091 26.
534 3078 572 3083 —
589 3062 602 3083 ⁷
623 3062 733 3100 Pron„
754 3069 801 3100 Vi,
820 3063 868 3092 12.
887 3079 927 3084 ——
945 3061 959 3082 ⁸
978 3061 1112 3099 Jllattlz„
1133 3069 1164 3100 v,
1186 3063 1233 3092 13.

214 3125 254 3130 —
278 3109 289 3125 2'
319 3107 415 3145 ibid„
443 3115 523 3146 xiii,
557 3109 604 3137 15.
628 3125 666 3130 —
697 3109 721 3128 ¹¹¹
744 3107 820 3147 dola,
850 3115 941 3147 xm,
971 3110 1000 3139 5.
1028 3125 1068 3130 —
1094 3109 1118 3128 ¹¹
1149 3108 1236 3139 I’sal.

2252 135 2327 172 627

1310 215 1359 256 Et
1387 216 1480 256 ideo
1512 217 1557 256 in
1587 216 1821 258 Proverbiis
1837 216 1849 237 ⁷
1873 230 1881 255 z
1907 230 1926 253 «
1954 216 2089 258 Homo
2115 222 2326 271 apostata,

1309 286 1377 326 vir
1402 286 1592 337 inutilis,
1624 287 1821 338 gradiens
1852 299 1923 327 ore
1952 299 2176 339 perverso,
2199 303 2218 326 n
2246 291 2323 330 etc.

1309 356 1424 397 Sicut
1450 356 1584 407 igitur
1614 356 1841 396 aedificium
1880 356 2131 409 incoeptum,
2164 362 2204 399 et
2244 370 2332 400 non

1309 429 1650 467 consummatum
1678 459 1691 477 ,
1732 427 1783 467 ad
1817 427 1999 467 nihilum
2036 428 2138 468 utile
2175 431 2258 480 est,
2291 433 2332 469 et

1309 497 1437 536 homo
1457 497 1531 549 qui
1555 497 1725 549 incoepit
1744 528 1754 546 ,
1786 499 1826 536 et
1845 509 1929 536 non
1951 498 2142 548 perfecit,
2165 498 2217 537 ab
2246 510 2332 538 om-

1310 566 1436 605 nibus
1458 566 1692 616 deridetur,
1716 569 1756 606 et
1776 566 1966 606 similiter
1986 567 2054 607 ille
2075 567 2147 619 qui
2166 567 2210 606 in
2229 579 2332 619 prae-

1309 636 1365 676 lio
1399 638 1622 688 superatur
1640 651 1649 684 ;
1680 636 1738 676 510
1768 639 1809 676 et
1840 636 2066 688 discipulus
2097 640 2333 689 apostatans

1310 706 1534 757 despicitur
1558 709 1759 759 tanquam
1782 706 1842 745 sal
1861 706 2127 747 infatuatum.
2152 706 2269 747 Unde
2290 708 2333 747 in

1309 775 1508 817 Mactltceo
1531 776 1576 827 (c)
1609 779 1622 800 ⁸
1656 790 1663 816 ι
1701 791 1720 813 «
1747 776 1810 816 Ad
1842 776 2025 816 nihilum
2058 776 2168 817 valet
2193 776 2330 825 ultra,

1310 845 1392 885 nisi
1431 849 1478 886 ut
1506 846 1698 886 mittatur
1734 846 1871 896 foras,
1907 848 1947 886 et
1986 846 2251 886 conculcetur
2279 847 2332 886 ab

1310 916 1574 956 hominibus.
1598 931 1617 954 ›>

1364 985 1503 1026 Tertio
1524 1017 1534 1035 ‚
1567 989 1776 1038 quantum
1808 986 1859 1026 ad
1889 985 2149 1038 spiritualem
2178 986 2331 1026 intellim

1313 1058 1499 1107 gentiam
1537 1057 1757 1110 utriusque
1777 1090 1786 1108 ,
1822 1057 2075 1109 subjungit:
2103 1057 2182 1105 om:
2217 1057 2334 1098 habet

1312 1139 1432 1170 aleres
1465 1128 1687 1179 audiendi,
1712 1128 1877 1170 audiat.
1913 1128 1958 1167 In
1991 1140 2074 1180 quo
2097 1128 2247 1168 invitat
2282 1128 2332 1168 ad

1309 1200 1532 1250 perfectam
1571 1198 1892 1250 intelligentiam
1928 1229 1937 1244 ‚
1976 1202 2023 1238 ut
2064 1210 2148 1239 non
2195 1198 2332 1238 solum

1309 1269 1438 1308 verba
1454 1269 1650 1320 praedicta
1670 1268 1895 1308 audiantur
1917 1268 2055 1320 quoad
2082 1280 2234 1308 sonum
2254 1280 2329 1309 vo-

1310 1338 1440 1377 calem
1456 1371 1465 1388 ,
1487 1339 1537 1378 de
1569 1351 1654 1390 quo
1680 1338 1831 1378 dicitur
1848 1338 1861 1359 ⁹
1884 1352 1892 1378 :
1922 1353 1941 1375 «
1963 1337 2242 1377 incrassatum
2272 1342 2333 1379 est

1309 1421 1380 1449 cor
1398 1409 1540 1461 populi
1556 1409 1710 1461 hujus,
1733 1411 1773 1449 et
1793 1409 1967 1449 auribus
1990 1408 2175 1459 graviter
2195 1410 2332 1449 audie-

1308 1482 1410 1519 runt
1443 1492 1495 1529 3»
1536 1492 1687 1519 verum
1726 1480 1851 1518 etiam
1889 1479 2027 1531 quoad
2071 1478 2331 1518 intellectum

1310 1549 1592 1600 spiritualem,
1617 1549 1843 1590 secundum
1869 1549 1972 1589 illud
1993 1549 2066 1590 Job
2101 1548 2129 1572 ¹⁰
2157 1562 2164 1587 :
2203 1564 2221 1586 «
2244 1549 2330 1589 Au-

1308 1619 1398 1659 ditu
1429 1621 1543 1659 auris
1577 1620 1719 1660 audivi
1758 1623 1826 1670 te,
1865 1632 1979 1659 1111110
2008 1622 2149 1659 autem
2185 1619 2333 1660 oculus

1308 1701 1428 1730 meus
1459 1691 1572 1730 videt
1602 1694 1654 1731 te.
1691 1704 1708 1727 »
1733 1690 1782 1730 Et
1802 1690 1993 1731 Psalmus
2020 1690 2045 1711 ¹¹
2068 1701 2078 1729 t
2108 1705 2126 1727 «
2151 1690 2331 1730 Audiam

1309 1760 1408 1812 quid
1430 1760 1626 1813 loquatur
1646 1761 1689 1800 in
1717 1773 1783 1800 me
1813 1760 2014 1800 Dominus
2036 1759 2168 1809 Deus,
2189 1774 2208 1796 ›)
2234 1763 2328 1809 etc.;

1309 1834 1348 1870 et
1367 1831 1491 1870 etiam
1508 1831 1644 1883 quoad
1665 1831 1861 1871 effectum
1889 1830 2131 1870 manualem
2156 1831 2183 1851 ¹2
2206 1830 2328 1870 :«Es·

1308 1903 1392 1940 tote
1412 1901 1586 1941 factores
1615 1901 1763 1950 verbi,
1799 1903 1839 1940 et
1873 1911 1958 1939 non
1993 1899 2203 1939 auditores
2234 1901 2330 1938 tan-

1309 1973 1413 2010 tum.
1436 1985 1454 2007 ))
1480 1969 1578 2011 Vult
1606 1971 1740 2021 igitur
1774 1971 1909 2009 dicere
1938 1969 2049 2021 quod
2072 1970 2198 2010 verba
2225 1981 2332 2022 prae-

1310 2041 1438 2080 missa
1463 2044 1561 2081 sunt
1591 2040 1847 2092 parabolica,
1882 2042 1922 2079 et
1950 2039 2041 2079 ideo
2076 2042 2175 2079 sunt
2205 2040 2330 2091 spiri·-

1308 2112 1477 2151 tualiter
1501 2142 1511 2159 ,
1550 2113 1590 2150 et
1628 2122 1713 2150 non
1755 2109 2006 2158 carnaliter,
2045 2109 2253 2149 audienda
2292 2112 2332 2150 et

1309 2181 1586 2229 discutienda,
1612 2180 1843 2220 secundum
1873 2179 1976 2219 illud
2008 2180 2066 2219 ¹³:
2097 2194 2116 2217 (ι
2145 2179 2332 2219 Audiens

1310 2251 1494 2302 sapiens,
1518 2250 1745 2302 sapientior
1764 2250 1842 2290 erit
1870 2262 1880 2289 ε
1911 2252 1951 2289 et
1981 2249 2220 2301 intelligens
2253 2262 2331 2300 gu-

1308 2321 1534 2361 bernacula
1571 2320 1810 2373 possidebit.
1852 2319 2170 2360 Animadvertet
2212 2331 2331 2372 para-

1308 2391 1448 2431 bolam
1486 2393 1526 2430 et
1562 2389 1970 2442 interpretationem,
2003 2389 2132 2429 verba
2169 2388 2330 2441 sapien-

1308 2465 1420 2513 tum,
1445 2465 1485 2502 et
1504 2462 1733 2513 aenigmata
1750 2473 1911 2502 eorum.
1934 2475 1953 2497 ))
1981 2460 2060 2509 0111
2093 2461 2173 2501 1100
2204 2460 2329 2501 1110ᾱο

1309 2532 1486 2572 audiunt
1516 2533 1695 2572 verbum
1728 2531 1797 2571 Dei
1828 2563 1838 2579 ‚
1882 2531 2167 2571 efficacissime
2202 2531 2330 2571 susci-

1308 2604 1443 2655 piunt,
1456 2604 1580 2654 juxta
1592 2603 1694 2643 illud
1709 2602 1998 2643 Ecclesiasticz·
2010 2604 2039 2626 ¹¹·
2061 2616 2070 2641 ε
2087 2601 2201 2650 «Qui
2217 2601 2333 2641 audit

1310 2686 1401 2723 me,
1423 2685 1510 2713 non
1529 2672 1810 2713 contundetur
1832 2686 1840 2712 ε
1864 2674 1904 2711 et
1934 2672 2007 2724 qui
2036 2673 2261 2723 operantur
2285 2670 2330 2709 in

1311 2756 1405 2792 me,
1434 2756 1520 2784 non
1565 2743 1811 2795 peccabunt.
1859 2741 1937 2790 Qui
1982 2742 2192 2782 elucidant
2235 2753 2329 2791 me,

1310 2815 1441 2855 vitam
1463 2815 1666 2854 aeternam
1685 2813 1915 2853 habebunt.
1937 2826 1956 2848 »

1311 2952 1452 2984 Lxxxixr,
1478 2946 1509 2975 9.
1533 2961 1572 2966 -
1596 2944 1621 2964 12
1645 2943 1729 2981 Iac„
1757 2948 1788 2982 1,
1820 2943 1870 2973 22.
1898 2958 1939 2964 —
1967 2941 1989 2959 ¹³
2012 2942 2121 2979 Prov„
2150 2949 2179 2981 1,
2207 2943 2272 2973 5-6.
2292 2959 2333 2965 —-

1312 2992 1339 3013 1¹0
1357 2991 1475 3030 Ecclz‘.,
1496 2998 1591 3030 xxw,
1611 2990 1724 3021 30-31.

1355 3060 1397 3100 (a)
1432 3062 1508 3091 Cret.
1541 3059 1620 3090 edit.
1652 3058 1745 3090 actis.
1768 3075 1803 3081 —
1828 3057 1870 3098 (b)
1892 3067 1964 3098 per.
1999 3075 2032 3080 —
2066 3057 2107 3097 (c)
2139 3057 2218 3089 Coet.
2251 3057 2332 3087 edit.

1312 3108 1407 3139 Unde
1439 3107 1626 3138 Matthaeus.

1017 3257 1151 3291 FlNIS
1190 3260 1309 3292 TOMI
1349 3258 1542 3291 DEClMl.
