2634 3853
982 184 1255 229 EXl‘OSiTlO
1287 184 1339 225 ΙΝ
1370 186 1481 225 CAP.
1513 185 1601 225 ΧΗ.

229 275 334 315 bum
361 273 475 313 istud
499 272 544 312 in
563 275 788 325 conspectu
820 274 957 314 omnis
977 271 1127 321 lsrael,
1148 274 1189 312 et
1206 272 1251 311 in

229 344 453 395 conspectu
482 342 595 383 solis.
625 356 645 380 >³
672 343 835 384 Lumen
866 344 980 384 enim
1010 343 1109 383 solis
1139 342 1253 383 visui

229 415 379 454 caetera
406 412 656 454 manifestat.
682 413 895 463 Quantum
918 416 1059 454 autem
1092 413 1143 453 ad
1166 425 1253 452 nia-

228 483 536 524 nifestationem
559 490 747 537 respectu
779 486 968 534 auditus,
987 485 1141 525 dicitur
1168 497 1177 524 :
1198 485 1253 526 Ec

227 553 340 607 quod
376 555 425 595 in
461 566 605 596 aurem
639 557 764 599 loculi
805 557 906 598 estis
938 558 986 597 in
1024 555 1250 604 cubiculis,

222 623 530 677 proedz‘cabitur
550 627 598 667 in
627 628 767 678 tectis,
790 627 832 667 id
861 629 954 676 est,
986 626 1254 666 audientibus

227 695 402 735 eaeteris.
426 695 513 736 Hoc
530 697 702 748 quidem
731 698 773 737 in
792 697 951 749 Judicio
970 697 1061 747 fiet,
1085 696 1253 748 quando

227 766 401 816 scilicet,
433 768 668 808 secundum
689 769 790 809 illud
812 770 822 790 ¹
847 783 855 808 :
886 783 905 806 α
926 769 1078 809 Omnes
1106 767 1179 819 qui
1210 767 1254 806 in

228 837 514 877 monumentis
533 840 644 888 sunt,
667 839 839 879 audient
857 850 1004 880 vocem
1026 838 1101 878 filii
1122 837 1207 877 Dei.
1229 852 1248 874 »

227 906 278 947 Et
304 909 405 947 tune
435 907 816 949 manifestabuntur
845 909 1154 949 susurrationes
1186 907 1252 947 de-

226 977 481 1018 tractionum
509 1009 521 1028 ,
553 979 786 1019 secundum
819 980 922 1019 illud
954 980 967 1000 ²
1003 994 1011 1020 t
1047 994 1064 1017 c<
1085 979 1163 1027 Qui
1190 978 1254 1018 lo-

227 1048 374 1100 quitur
392 1048 539 1101 iniqua
566 1062 651 1089 non
672 1052 806 1102 potest
829 1050 958 1091 latere
972 1081 981 1099 ‚
1003 1062 1080 1090 nec
1103 1053 1254 1102 praete-

227 1118 305 1158 riet
324 1118 446 1158 illum
467 1119 696 1172 corripiens
710 1121 937 1172 judicium.
962 1120 1009 1160 In
1037 1120 1255 1171 cogitatio-

227 1188 354 1229 nibus
374 1189 511 1240 enim,
539 1204 557 1227 ›)
583 1193 660 1230 etc.
687 1190 782 1231 Ideo
811 1191 1035 1231 consilium
1066 1191 1191 1231 datur
1212 1192 1256 1230 in

228 1259 476 1301 Ecclesiaste
500 1263 513 1295 ἓ
537 1274 546 1300 :
577 1274 595 1297 (ι
623 1260 669 1300 ln
700 1261 957 1312 cogitatione
976 1264 1048 1301 tua
1079 1262 1175 1312 regi
1202 1273 1257 1301 ne

226 1329 446 1380 detrahas,
468 1333 508 1370 et
526 1330 569 1369 in
589 1318 748 1370 secreto
771 1331 955 1370 cubiculi
976 1332 1036 1371 tui
1060 1344 1145 1371 non
1166 1344 1256 1371 ma-

225 1398 422 1439 ledixeris
442 1399 589 1440 diviti:
611 1400 711 1452 quia
733 1403 772 1439 et
793 1413 893 1440 aves
914 1401 1005 1440 coeli
1026 1402 1257 1452 portabunt

226 1479 373 1507 vocem
392 1468 526 1506 tuam,
548 1481 567 1504 >³
595 1466 769 1519 Propter
796 1467 1007 1519 jffltieium
1029 1480 1134 1519 ergo
1166 1481 1256 1508 ma-

225 1536 429 1577 nifestans
449 1540 600 1577 cuncta
627 1537 670 1576 in
703 1538 869 1588 futuro,
892 1538 1065 1578 vitanda
1085 1543 1145 1578 est
1165 1551 1256 1578 om-

226 1607 293 1647 nis
322 1607 556 1660 hypocrisis
587 1608 632 1647 in
662 1608 859 1659 praesenti
895 1608 1063 1648 saeeulo.
1099 1609 1112 1629 ⁴
1147 1624 1165 1647 α
1199 1608 1259 1650 Ne

226 1677 357 1718 fueris
384 1678 606 1731 hypocrita
634 1678 679 1717 in
713 1681 941 1730 conspectu
970 1678 1212 1719 hominum.
1235 1694 1254 1716 ›)

228 1747 431 1800 Sequitur
453 1763 462 1788 ε
491 1762 509 1787 α
530 1748 581 1788 Et
607 1747 764 1788 revelet
794 1748 903 1788 Deus
930 1749 1133 1789 absconsa
1158 1753 1231 1790 tua
1244 1781 1256 1801 ,

230 1820 270 1858 et
290 1819 335 1858 in
366 1818 505 1859 medio
534 1830 771 1871 synagogae
805 1818 930 1859 elidat
955 1821 1009 1859 te.
1041 1834 1059 1857 »
1091 1819 1141 1859 Et
1161 1823 1261 1861 nota

231 1889 344 1942 quod
363 1892 426 1929 est
442 1890 746 1930 notabilissima
765 1902 911 1939 causa,
935 1892 1104 1941 propter
1131 1903 1259 1942 quam

232 1959 469 2013 hypocrisis
499 1963 563 2001 est
591 1961 787 2011 vitanda,
823 1960 977 2001 scilicet
1008 1961 1261 2002 universalis

233 2031 513 2071 manifestatio
527 2034 568 2071 et
583 2031 707 2084 plena
721 2032 991 2082 interiorum,
1021 2045 1116 2084 quae
1132 2034 1263 2073 maxi-

234 2113 302 2142 me
347 2102 575 2155 opponitur
615 2103 875 2142 simulationi
922 2103 1258 2155 hypocritarum.

234 2171 332 2213 Haec
359 2174 502 2213 autem
533 2172 810 2212 manifestatio
842 2173 915 2213 fiet
939 2185 1012 2225 per
1032 2174 1259 2225 Christum,

234 2243 308 2297 qui
328 2245 390 2284 est
410 2247 422 2268 ὅ
448 2243 679 2296 «splendor
700 2243 849 2295 gloriae
869 2247 1076 2296 paternae,
1095 2249 1135 2286 et
1154 2247 1264 2298 figu-

233 2327 282 2356 ra
314 2314 562 2355 substantiae
596 2316 688 2366 eJus
708 2346 718 2364 ,
748 2317 922 2366 portans
954 2316 1097 2356 omnia
1131 2317 1262 2357 verbo

233 2385 404 2427 virtutis
437 2396 541 2425 suae.
574 2398 594 2422 »
629 2384 679 2424 Et
715 2385 814 2437 quia
848 2385 938 2437 ipse
969 2388 1030 2425 est
1066 2386 1263 2438 splendor

233 2456 441 2506 intimus,
473 2456 568 2497 ideo
603 2456 735 2509 ipsius
771 2458 832 2496 est
869 2457 1012 2496 omnia
1046 2457 1259 2509 detegere.

236 2527 249 2550 ⁶
277 2543 296 2566 «
315 2526 432 2568 Oculi
450 2527 618 2568 Domini
638 2527 772 2568 multo
801 2527 898 2580 plus
922 2527 1147 2569 lucidiores
1165 2533 1264 2571 sunt

235 2611 363 2652 super
390 2599 542 2651 solem,
579 2599 963 2652 circumspicientes
994 2610 1141 2640 omnes
1171 2601 1263 2641 vias

235 2669 482 2721 hominum,
514 2673 554 2710 et
584 2670 843 2723 profundum
874 2670 1039 2723 abyssi,
1063 2672 1104 2710 et
1122 2670 1260 2711 homi-

234 2752 340 2781 num
359 2741 485 2781 corda
503 2740 741 2790 intuentes,
762 2754 781 2777 ))
807 2743 884 2780 etc.
917 2739 1023 2789 Quia
1048 2752 1150 2782 vero
1176 2742 1264 2793 ipse

235 2812 298 2851 est
315 2823 453 2851 sermo
473 2811 619 2861 vivus,
641 2811 735 2851 ideo
765 2811 843 2851 sibi
873 2811 1016 2851 omnia
1036 2814 1202 2864 patent,
1225 2815 1265 2852 et

235 2882 380 2923 omnia
412 2882 605 2935 patefacit
634 2884 682 2922 ut
714 2883 894 2924 verbum
924 2882 937 2903 ⁷
966 2894 976 2922 t
1005 2882 1174 2923 «Vivus
1204 2886 1263 2923 est

237 2963 374 2993 sermo
391 2953 489 3005 Dei,
512 2956 553 2994 et
575 2954 724 2994 efficax
738 2984 748 3002 ,
772 2956 812 2993 et
832 2953 1129 3006 penetrabilior
1147 2954 1263 2994 omni

239 3023 380 3075 gladio
399 3025 592 3077 ancipiti,
614 3027 654 3065 et
670 3024 913 3077 pertingens
941 3037 1076 3077 usque
1092 3025 1145 3065 ad
1163 3025 1265 3065 divi-

239 3094 401 3134 sionem
417 3095 595 3146 animae,
617 3110 636 3133 »
663 3098 758 3145 etc.,
787 3107 921 3147 usque
940 3095 998 3134 ibi
1022 3109 1030 3135 :
1056 3110 1074 3133 «
1094 3095 1185 3136 Non
1204 3099 1265 3136 est

238 3164 327 3205 ulla
346 3168 537 3205 creatura
563 3165 785 3208 invisibilis
805 3165 849 3204 in
868 3168 1093 3218 conspectu
1113 3167 1217 3218 ejus.
1239 3181 1258 3204 ›)

241 3235 293 3276 Et
310 3235 404 3277 ideo
422 3235 610 3277 Christus
626 3237 781 3289 judex,
804 3237 903 3289 quia
925 3237 1070 3277 omnia
1097 3237 1265 3290 deteget

289 3368 423 3406 1.Ιοαη.,
443 3373 475 3406 ν,
496 3367 547 3397 28.
566 3383 607 3389 —
625 3367 638 3387 ²
656 3367 748 3408 Sap„
770 3375 794 3407 1,
815 3369 845 3400 8.
866 3385 907 3390 —-
925 3368 935 3386 ³
954 3368 1079 3406 Eccle„
1098 3377 1131 3408 x,
1153 3371 1204 3401 20.
1224 3387 1265 3394 —

243 3413 256 3435 b
278 3412 393 3451 Eccli„
415 3421 438 3448 1,
460 3414 512 3453 37,
533 3414 583 3444 39.
603 3430 644 3436 -
667 3414 678 3431 ⁵
698 3414 809 3454 Hebr„
833 3423 857 3455 1,
885 3417 914 3446 2.
935 3433 975 3438 -
996 3416 1009 3436 6
1031 3415 1144 3452 Ecca„
1165 3424 1264 3457 xxm,

245 3462 296 3493 28.
316 3476 357 3483 —
389 3461 398 3479 ⁷
427 3459 541 3499 Helm,
570 3468 622 3500 lv,
654 3460 756 3493 12-13.
777 3478 818 3484 —
846 3462 857 3480 ⁸
875 3462 1006 3498 Mattlz..
1028 3471 1129 3504 xxw,
1160 3465 1265 3495 27.-

2276 189 2348 227 551

1328 274 1371 314 in
1390 274 1569 325 judicio,
1601 273 1754 314 dicitur
1773 273 1788 295 ⁹
1814 273 1993 313 «venire
2020 273 2128 314 sicut
2151 274 2315 326 fulgur,
2328 289 2347 312 ›>

1329 346 1369 384 et
1390 345 1403 366 ⁹
1424 343 1703 384 «descendere
1722 343 1769 383 in
1787 354 1889 385 voce
1909 342 2164 394 Archangeli
2180 374 2193 394 ,
2214 359 2233 382 »
2254 345 2355 397 quia

1329 415 1471 454 omnia
1490 414 1687 454 omnibus
1705 413 1933 453 clarissima
1951 413 2165 453 reserabit.

1382 488 1422 524 4.
1460 486 1559 526 Dico
1594 488 1730 526 aulem
1762 485 1878 526 vobis
1911 485 2090 534 amicis,
2125 486 2203 524 etc.
2237 483 2356 525 Post-

1331 567 1461 605 quani
1482 555 1726 595 informavit
1745 555 1797 595 ad
1817 555 2047 594 cavendam
2068 554 2327 594 dolositatem
2342 587 2352 605 ,

1329 627 1401 666 hic
1421 628 1604 668 secundo
1624 629 1826 667 confortat
1853 627 1904 666 ad
1933 626 2214 679 repellendam
2236 626 2356 666 timi-

1330 697 1515 738 ditatem.
1552 697 1615 737 Ad
1653 697 1733 738 hoc
1770 699 1912 737 autem
1947 696 2111 736 inducit
2145 697 2356 750 duplicem

1332 770 1706 811 considerationem
1727 801 1738 820 ,
1767 769 1922 809 scilicet
1954 768 2204 821 gehennalis
2233 768 2358 821 puni-

1331 840 1475 890 tionis,
1500 841 1544 881 in
1564 854 1648 893 qua
1668 841 1811 881 nullus
1836 839 2060 880 hominum
2090 842 2224 892 potest
2252 839 2356 879 defi-

1332 923 1450 961 cere3
1475 913 1514 951 et
1536 911 1746 963 generalis
1766 909 2044 962 provisionis,
2067 921 2195 961 quam
2217 909 2360 949 nullus

1332 982 1555 1022 hominum
1587 984 1722 1034 potest
1746 981 1952 1032 effugere.
1975 980 2167 1020 Primum
2194 979 2361 1031 respicit

1333 1053 1520 1092 divinam
1565 1052 1795 1105 potentiam
1816 1066 1825 1100 3
1864 1051 2095 1091 secundum
2120 1082 2132 1100 ‚
2170 1050 2359 1091 divinam

1333 1123 1656 1175 providentiam.
1686 1123 1735 1164 Et
1756 1123 1945 1176 primum
1965 1122 2116 1162 incutit
2136 1134 2287 1162 verum
2306 1120 2358 1161 ti-

1334 1207 1516 1245 morem3
1541 1195 1787 1245 secundum,
1807 1205 1953 1235 veram
1974 1205 2106 1245 spem.
2129 1193 2180 1234 Et
2199 1195 2361 1233 utrum-

1334 1277 1418 1317 que
1437 1265 1593 1305 horum
1614 1268 1674 1305 est
1694 1265 2052 1306 medicamentum
2076 1267 2220 1305 contra
2242 1264 2362 1304 tirno-

1333 1346 1426 1374 rem
1463 1335 1743 1376 mundanum.
1783 1334 1925 1375 Primo
1965 1335 2099 1387 igitur
2139 1336 2307 1375 revocat
2337 1345 2363 1373 a

1335 1405 1487 1445 timore
1507 1405 1756 1456 hominum,
1779 1405 1853 1457 qui
1873 1405 1981 1444 nihil
2010 1408 2187 1457 possunt
2218 1407 2363 1445 contra

1336 1476 1574 1526 gehennale
1596 1476 1871 1527 supplicium,
1900 1476 2012 1527 quod
2043 1476 2181 1515 solum
2214 1479 2276 1515 est
2306 1475 2363 1515 ti-

1337 1546 1554 1586 mendum.
1585 1546 1758 1598 Propter
1787 1546 1899 1597 quod
1930 1546 2058 1585 dicit:
2088 1547 2189 1588 Dico
2222 1550 2364 1589 autem

1336 1616 1454 1657 vobis
1473 1617 1646 1665 amicis,
1668 1615 1709 1655 id
1731 1619 1815 1665 est,
1839 1615 1912 1667 qui
1934 1628 2001 1655 me
2021 1616 2169 1656 amatis
2193 1619 2234 1656 et
2253 1629 2278 1656 a
2296 1629 2364 1657 me

1336 1683 1558 1733 amamini,
1584 1683 1813 1723 secundum
1837 1682 1942 1723 illud
1961 1684 2141 1724 Ioannis
2164 1684 2192 1706 ¹⁰
2215 1698 2254 1724 z«
2273 1684 2365 1738 Ipse

1337 1753 1459 1794 Pater
1476 1757 1590 1793 amat
1606 1766 1700 1805 vos,
1723 1754 1820 1805 quia
1841 1765 1917 1793 vos
1938 1766 2007 1793 me
2025 1755 2194 1794 amastis
2208 1786 2217 1802 ‚
2239 1769 2258 1792 ι)
2284 1758 2361 1796 etc.

1336 1824 1513 1864 'lc‘alibus
1542 1824 1642 1864 dicit
1673 1838 1682 1864 z
1713 1824 1772 1865 Ne
1806 1825 2054 1866 terreamini
2082 1825 2132 1866 ab
2162 1825 2259 1876 his,
2289 1827 2365 1878 qui

1337 1895 1535 1937 occidunt
1565 1906 1715 1947 corpus
1736 1928 1748 1945 ‚
1783 1899 1822 1937 ct
1850 1900 1946 1947 post
1977 1896 2063 1937 hccc
2096 1907 2181 1938 non
2211 1897 2364 1940 habent

1338 1965 1522 2016 amplius
1541 1965 1648 2017 quid
1669 1967 1845 2016 faciant.
1870 1966 1945 2006 Hic
1965 1978 2051 2006 non
2070 1967 2251 2007 timeatis
2279 1979 2366 2007 cor-

1337 2036 1491 2089 poralis
1528 2037 1674 2076 mortis
1707 2037 1988 2089 supplicium,
2025 2037 2125 2089 quia
2152 2038 2366 2089 corporale

1337 2110 1398 2148 est
1418 2111 1458 2147 et
1478 2110 1839 2148 momentaneum.
1860 2107 1977 2148 Unde
1999 2108 2140 2150 [satas
2155 2109 2181 2130 ¹¹
2206 2123 2242 2149 z«
2266 2109 2366 2158 Quis

1337 2182 1384 2219 tu
1404 2181 1451 2218 ut
1484 2179 1650 2219 timeres
1678 2179 1730 2218 ab
1762 2178 1933 2218 homine
1962 2179 2154 2229 mortali,
2176 2181 2217 2220 et
2237 2192 2261 2220 a
2280 2179 2366 2220 filio

1337 2250 1547 2300 hominis,
1571 2250 1644 2302 qui
1667 2250 1786 2302 quasi
1806 2250 1988 2299 foenum,
2008 2250 2066 2289 ita
2085 2251 2360 2291 exarescet&

1337 2320 1388 2361 Et
1407 2321 1508 2360 item
1528 2321 1557 2344 ¹²
1583 2334 1591 2360 :
1620 2336 1639 2359 (‹
1658 2321 1694 2360 A
1713 2320 1854 2361 verbis
1874 2320 1954 2361 viri
1976 2320 2204 2371 peccatoris
2234 2333 2287 2361 ne
2310 2321 2363 2361 ti-

1338 2391 1558 2440 mueritis,
1590 2390 1690 2443 quia
1723 2390 1860 2442 gloria
1891 2391 1983 2442 eJus
2017 2391 2177 2430 stercus
2201 2392 2241 2431 et
2268 2403 2364 2432 ver-

1336 2463 1418 2503 mis
1432 2494 1444 2513 ,
1461 2477 1480 2501 ))
1501 2465 1578 2503 etc.
1607 2462 1740 2513 Unde,
1757 2462 1857 2515 quia
1873 2461 2117 2502 transitoria
2135 2464 2195 2502 est
2215 2473 2365 2504 eorum

1336 2546 1493 2587 poena,
1526 2533 1619 2573 ideo
1652 2545 1737 2573 non
1768 2535 1830 2573 est
1858 2532 2070 2583 timenda,
2102 2544 2180 2572 nec
2215 2545 2365 2575 eorum

1337 2603 1554 2655 supplicia.
1591 2602 1708 2643 Unde
1736 2603 1892 2643 Seneca
1915 2616 1924 2644 ε
1952 2618 1973 2642 (ι
1990 2602 2101 2643 Mors
2122 2634 2131 2652 ‚
2162 2603 2362 2655 exilium,

1336 2674 1476 2715 luctus
1499 2706 1509 2725 ,
1540 2674 1690 2725 dolor,
1728 2686 1814 2714 non
1846 2675 1945 2714 sunt
1982 2673 2260 2725 supplicium,
2294 2675 2366 2716 sed

1336 2745 1493 2784 tributa
1519 2744 1689 2785 vivendi
1712 2756 1721 2784 :
1745 2743 1859 2796 quod
1891 2743 2047 2794 debeo,
2070 2745 2241 2795 paratus
2269 2756 2365 2785 sum

1338 2815 1500 2855 solvere
1519 2846 1534 2866 ,
1567 2816 1641 2855 ubi
1674 2827 1742 2855 me
1774 2815 2000 2854 foenerator
2031 2814 2227 2866 appellat.
2260 2829 2278 2853 n
2315 2815 2366 2856 Et

1339 2886 1660 2939 Chrysostomus
1687 2898 1697 2925 :
1733 2900 1751 2924 α
1780 2884 1823 2925 Si
1861 2885 1995 2936 gratis
2026 2886 2119 2936 post
2151 2885 2364 2926 modicum

1338 2957 1530 2998 morituri
1564 2968 1712 2997 sumus
1731 2988 1742 3006 ,
1775 2968 1906 3008 quare
1932 2968 2018 2995 non
2041 2957 2080 2995 et
2111 2959 2207 2996 ante
2228 2957 2362 2997 modi-

1338 3041 1435 3068 cum
1464 3028 1508 3068 in
1529 3041 1653 3069 causa
1674 3027 1744 3068 Dei
1771 3039 1868 3067 cum
1900 3026 2038 3078 gloria
2058 3027 2299 3067 morimur?
2320 3027 2365 3068 Si

1339 3101 1489 3139 mutuo
1518 3098 1725 3151 acceperis
1751 3098 1905 3138 bovem
1938 3100 2011 3137 aut
2043 3109 2232 3150 equum,
2263 3110 2364 3150 ope-

1338 3170 1445 3210 raris
1473 3170 1698 3218 instanter,
1729 3170 1769 3209 et
1793 3168 1894 3208 dicis
1916 3182 1925 3208 :
1952 3167 2114 3208 «Forte
2135 3179 2225 3207 cras
2245 3168 2361 3208 tolle-

1339 3244 1411 3281 tur
1428 3253 1453 3281 a
1470 3253 1553 3281 me.
1577 3241 1713 3290 Quare
1732 3240 1813 3280 hoc
1834 3251 1919 3279 non
1938 3239 2037 3279 facis
2056 3238 2099 3278 in
2120 3242 2321 3290 corpore?
2339 3253 2357 3276 n

1339 3311 1433 3353 Non
1453 3314 1553 3352 sunt
1571 3311 1696 3352 etiam
1723 3310 1911 3350 timenda
1931 3323 1955 3349 a
1973 3309 2123 3361 spiritu
2142 3321 2238 3361 quae
2256 3310 2365 3350 fiunt

1340 3419 1351 3437 9
1374 3418 1381 3448 Ι
1407 3416 1527 3455 ΤΙιθ.ςε.,
1551 3425 1594 3456 ιν,
1617 3419 1709 3448 m-
1729 3415 1756 3438 ¹⁰
1774 3416 1880 3454 Joan„
1905 3422 1976 3453 xvi,
1996 3415 2089 3446 27.—
2104 3415 2128 3436 11
2149 3415 2225 3456 Isca„
2247 3422 2293 3456 Ll,
2316 3416 2364 3447 12.

1343 3483 1380 3488 -
1398 3464 1592 3505 121Mach.‚
1615 3471 1651 3503 Η,
1672 3465 1722 3494 62.
