2634 3853
242 28 319 67 204

242 115 481 168 mederetur
500 114 649 162 hostis,
669 113 713 154 id
729 115 805 163 est,
827 112 1041 154 diabolus*
1065 125 1073 151 :
1094 125 1112 149 (ι
1128 110 1268 151 Hostis

242 199 362 228 meus
373 186 631 228 terribilibus
651 184 784 225 oculis
803 184 980 224 intuitus
1002 185 1061 223 est
1076 194 1158 230 me,
1181 195 1199 218 >³
1227 182 1267 221 id

242 261 316 309 est,
339 260 559 311 peccatum
585 256 686 297 :Per
702 257 848 307 portas
871 252 1171 303 Jerusalem,id
1187 255 1264 303 est,

242 341 316 381 per
340 328 532 381 praefatos
565 327 615 378 (a)
640 327 683 365 in
716 325 940 365 Ecclesiam
965 338 973 363 :
997 325 1010 345 2
1036 339 1055 361 α
1073 323 1267 374 Singulae

241 401 374 451 portae
395 400 515 438 erant
535 409 587 437 ex
606 395 789 446 singulis
813 394 1072 445 margaritis.
1096 409 1114 431 n
1139 394 1266 443 Quasi

241 469 347 509 illud
369 466 622 520 inopinabile
641 465 740 514 fuit,
761 467 959 505 ettamen
979 465 1089 505 istud
1110 466 1264 507 evenit.

242 539 336 580 Alio
360 539 485 579 etiam
512 536 636 576 modo
664 536 891 588 exponitur
917 536 967 576 de
996 548 1268 589 quocumque

239 611 376 662 Justo,
399 607 471 660 qui
492 606 758 658 inopinanter
779 607 887 646 cadit
905 619 929 647 a
948 607 1204 659 perfectione
1225 607 1268 646 in

243 678 651 732 praevaricationem,
677 677 745 718 vel
773 677 1046 729 apostasiam,
1073 690 1146 730 pei·
1166 689 1267 730 por-

242 752 303 789 tas
341 760 542 790 sensuum
575 759 775 798 suorum,
809 748 929 800 quasi
970 751 1109 801 portas
1146 748 1269 789 Jeru-

243 820 386 862 salem.

295 894 360 931 «13.
382 891 510 932 Mem.
535 890 705 942 Propter
721 892 919 941 peccata,
942 892 1020 930 etc.
1045 888 1149 929 Ecce
1172 901 1266 942 per-

241 964 390 1003 tractat
419 962 608 1013 culpam,
633 972 728 1011 quae
755 972 880 1000 causa
903 963 965 1000 est
994 960 1127 1012 ipsius
1147 960 1266 1000 dissi-

241 1032 421 1084 pationis
446 1031 514 1071 vel
540 1031 841 1071 devastationis
862 1031 1056 1071 Eeolesiae
1079 1043 1088 1071 ε
1111 1031 1266 1083 primo,

239 1104 448 1154 quantum
468 1102 520 1142 ad
543 1104 709 1153 peccata
731 1103 945 1154 maJ'orum
968 1102 1266 1154 p1¹aelatorum3

238 1172 386 1213 deinde
417 1175 623 1224 quantum
661 1173 713 1212 ad
751 1175 917 1224 peccata
949 1173 1187 1223 minorum,
1226 1173 1270 1213 in

238 1253 365 1282 versu
384 1241 589 1293 sequenti,
613 1241 673 1281 ibi
697 1255 706 1281 ι
730 1241 1012 1290 meaverunt,
1035 1244 1113 1282 etc.

294 1312 396 1353 Dicit
424 1324 527 1364 ergo
549 1326 560 1350 :
584 1313 758 1365 Propter
779 1316 973 1365 peccata,
997 1315 1137 1365 repete
1163 1328 1171 1355 :
1194 1316 1267 1355 Ιη-

238 1394 406 1437 =qressus
447 1387 507 1425 est
543 1383 676 1426 hostis
710 1394 784 1436 per
823 1387 970 1436 portas
1010 1385 1237 1427 Jerusalem
1257 1418 1267 1435 ,

234 1458 406 1507 propter
432 1458 604 1507 peecata
629 1455 928 1506 prophetarum
955 1455 1060 1507 ejus,
1093 1457 1270 1509 populos

237 1526 468 1567 adulatorie
499 1526 812 1578 decipientium.
851 1526 990 1579 Supra
1022 1531 1035 1552 ³
1073 1542 1081 1567 ε
1123 1544 1141 1565 «
1173 1527 1271 1569 Pro-

237 1597 374 1650 phetae
406 1597 469 1637 tui
501 1597 701 1638 viderunt
728 1597 804 1637 tibi
832 1597 935 1637 falsa
955 1601 996 1638 et
1022 1598 1171 1649 stulta3
1194 1611 1270 1639 nec

236 1668 479 1721 aperiebant
498 1667 781 1720 iniquitatem.
804 1682 823 1705 »
846 1668 901 1710 Et
923 1669 1179 1721 iniquitates
1199 1681 1268 1711 sct-

235 1738 450 1781 cerdotum
470 1738 561 1790 ejus
584 1753 592 1778 ε
614 1740 733 1789 nota,
757 1739 870 1791 quod
890 1751 1056 1792 semper
1078 1740 1156 1780 fuit
1179 1741 1268 1780 dis-

235 1810 392 1850 tinctus
434 1810 536 1850 ordo
582 1810 804 1850 doctorum
821 1842 831 1861 ,
881 1814 922 1851 et
964 1811 1267 1863 praelatorum3

236 1881 432 1934 quamvis
466 1883 507 1921 et
537 1881 617 1933 ipsi
651 1881 897 1922 auctoritate
935 1881 1019 1922 sint
1061 1882 1266 1923 doctores.

238 1952 374 2001 Quam
406 1952 676 2005 iniquitatem
711 1953 869 2005 aperit,
911 1954 1095 1994 subdens
1135 1968 1143 1993 ε
1190 1954 1271 2001 om·

238 2024 477 2077 effuderunt
497 2024 545 2064 in
567 2022 703 2065 medio
733 2023 846 2075 ejus,
870 2024 911 2064 id
940 2026 1001 2064 est
1033 2025 1179 2077 populi
1202 2026 1267 2077 (b),

235 2096 488 2148 sanquinem
517 2094 756 2146 justorum,
788 2095 832 2135 id
862 2098 944 2145 est,
979 2095 1265 2147 remissionis,

235 2167 398 2208 sortiter
434 2166 654 2206 excitando
692 2166 795 2206 alios
840 2166 892 2206 ad
930 2166 1269 2206 interfectionem

236 2237 556 2290 prophetarum,
580 2249 685 2289 quos
706 2237 1008 2277 interfecerunt
1026 2236 1046 2277 J
1053 2237 1184 2287 udaei,
1208 2237 1270 2276 si-

236 2310 306 2348 cut
326 2311 469 2360 postea
487 2308 530 2348 in
553 2310 732 2348 mortem
753 2308 919 2348 Christi.
943 2308 956 2329 ”
980 2323 1000 2346 α
1019 2308 1267 2360 Apprehen-

236 2380 389 2421 derunt
409 2392 521 2431 eum,
545 2394 563 2417 ›>
590 2379 744 2420 scilicet
764 2379 1007 2430 Jeremiam‚
1036 2394 1054 2417 «
1074 2380 1270 2420 sacerdo-

236 2455 319 2501 tes,
358 2451 759 2503 pseudoprophetae,
802 2454 842 2490 et
880 2450 1032 2491 omnis
1058 2450 1240 2503 populus
1258 2482 1268 2501 ,

237 2521 420 2562 dicentes
445 2535 453 2561 ε
478 2521 611 2561 Morte
635 2521 857 2561 moriatur.
880 2536 898 2559 ›)
924 2522 937 2543 ‘³
962 2536 981 2559 «
1003 2521 1187 2573 Egressa
1208 2525 1270 2562 est

239 2591 441 2643 iniquitas
462 2603 486 2631 a
513 2591 750 2632 senioribus
772 2592 937 2644 populi,
959 2593 1033 2645 qui
1061 2592 1267 2634 videban-

239 2665 308 2702 tur
327 2674 479 2713 regere
508 2662 728 2714 populum.
755 2676 773 2699 n
813 2662 1067 2703 Effuderunt
1098 2664 1269 2715 sangui-
1299 2678 1301 2681 ⁴

238 2744 337 2773 nem
367 2733 516 2785 spiritui
543 2733 740 2782 terroris,
767 2745 914 2786 aspere
933 2734 1197 2787 corripiendo
1222 2735 1234 2756 ⁶
1257 2749 1265 2774 :

243 2818 262 2842 (ι
283 2803 363 2853 Qui
397 2804 670 2845 vehementer
702 2805 923 2856 emungit,
959 2806 1070 2846 elicit
1097 2806 1272 2857 sangui-

240 2886 357 2925 nem3
392 2889 411 2913 »
443 2875 511 2915 vel
539 2878 680 2927 aperte
714 2876 948 2927 peccando,
985 2880 1026 2918 et
1060 2877 1268 2918 scandali-

239 2946 371 2987 zando
397 2945 501 2986 alios
521 2949 534 2970 ⁷
558 2960 566 2985 ε
596 2960 615 2983 «
635 2945 857 2986 Peccatum
878 2949 925 2988 ut
944 2946 1126 2988 Sodoma
1156 2961 1270 3001 prae-

239 3019 509 3068 dicaverunt,
536 3029 613 3058 nec
639 3018 973 3069 absconderunt3
1007 3034 1027 3058 »
1058 3020 1127 3062 vel
1159 3021 1270 3062 bona

239 3089 506 3130 subditorum
537 3088 728 3141 improbe
759 3091 1048 3143 extorquendo
1077 3091 1091 3113 ⁸
1120 3106 1129 3132 ε
1170 3107 1190 3131 c(
1222 3092 1270 3134 In

239 3160 316 3201 alis
351 3160 438 3201 tuis
474 3160 674 3201 inventus
712 3162 774 3200 est
811 3162 988 3213 sanguis
1025 3163 1268 3205 animarum

284 3268 294 3288 ¹
313 3267 388 3305 Joh,
409 3274 488 3307 XVI,
513 3268 561 3298 10.
584 3283 623 3290 —
644 3266 655 3285 ²
675 3265 788 3308 Apoc„
806 3275 887 3307 xxi,
908 3270 960 3299 21.
982 3286 1022 3292 —
1040 3268 1052 3286 ³
1074 3268 1205 3309 Thren„
1229 3278 1268 3312 11,

243 3315 291 3346 14.
306 3331 346 3338 -
364 3314 378 3337 δ
392 3314 527 3356 Jerem„
548 3322 645 3354 xxia,
665 3315 696 3345 8.
716 3332 751 3338 -
774 3315 785 3333 ⁵
806 3315 905 3354 Dan„
923 3322 1002 3355 xm,
1023 3318 1052 3349 5.
1067 3333 1108 3341 —
1127 3317 1138 3336 ὓ
1154 3318 1263 3358 Prov.,

589 22 862 65 EXPOSITIO
896 23 947 65 IN
975 21 1415 64 LAMENTATIONES
1444 23 1685 65 JEREMIAE
1715 22 2025 65 PROPHETAE.

1343 124 1593 165 pauperum.
1615 127 1634 150 n
1660 111 1776 152 Istud
1801 111 1930 152 etiam
1963 124 2114 154 verum
2141 114 2202 154 est
2229 114 2375 166 praeci-

1343 194 1424 235 pue
1443 184 1494 224 de
1512 183 1721 235 sanguine
1738 182 1973 223 scribarum
1989 186 2030 224 et
2047 183 2371 236 pharisaeorum‚

1343 265 1470 305 quem
1491 254 1721 306 pontificeS,
1739 252 1887 293 scribae
1907 256 1948 293 et.
1966 254 2166 306 pharisaei
2183 255 2375 297 fecerunt

1344 322 1518 364 effundi.

1399 398 1462 434 14.
1484 395 1598 436 Nun.
1624 397 1904 444 Erraverunt,
1927 396 2007 434 etc.
2030 393 2106 434 Hic
2125 396 2264 446 tangit
2284 407 2375 448 pec-

1346 468 1435 505 cata
1462 469 1713 508 cunctorum
1746 466 1996 506 clericorum
2024 479 2032 505 z
2066 465 2205 517 primo
2231 477 2280 505 ea
2308 465 2375 511 adf

1345 539 1513 576 struens
1526 552 1537 584 ;
1578 537 1761 577 secundo
1803 536 1985 592 inserens
2025 547 2193 588 poenam
2210 567 2220 587 ,
2261 535 2319 576 ibi
2363 551 2373 576 ι

1345 607 1489 648 Facies
1514 608 1716 658 Domini,
1747 610 1825 647 etc.
1861 606 2037 658 Culpam
2068 606 2208 657 tangit
2239 605 2377 646 multi-

1345 676 1496 728 plicem
1532 692 1540 718 :
1584 678 1723 730 primo
1760 677 2016 728 ignorantiae
2036 691 2045 726 ;
2080 676 2193 716 unde
2228 676 2326 717 dicit
2364 691 2372 717 t

1346 748 1611 790 Erraverunt
1641 750 1755 794 ccecz‘,
1773 749 1964 801 juniores
1985 747 2154 797 scilicet,
2179 747 2374 800 exemplo

1345 821 1572 871 maiorum,
1586 820 1822 860 secundum
1837 820 2075 869 Rabanum,
2089 820 2138 860 in
2146 818 2318 870 plateis,
2336 818 2377 859 id

1345 892 1427 940 est,
1449 890 1494 930 in
1516 889 1600 930 lata
1626 890 1695 931 via
1727 890 1992 942 perditionis.
2020 889 2214 930 Secundo
2235 889 2377 930 subdit

1344 963 1563 1012 peccatum
1595 960 1878 1001 immunditiae
1909 975 1917 1000 ε
1955 961 2112 1002 Polluci
2141 963 2242 1002 sunt
2273 971 2374 1002 san-

1344 1033 1494 1084 quine,
1530 1033 1574 1072 in
1607 1032 1786 1084 peccatis
1818 1032 1956 1072 carnis
1989 1034 2029 1073 et
2063 1031 2285 1083 sanguinis
2313 1035 2326 1056 ⁹
2363 1043 2373 1072 ε

1351 1102 1544 1143 «Infecta
1571 1104 1632 1142 est
1651 1105 1763 1142 terra
1783 1102 2089 1154 sanguinibus,
2113 1104 2153 1142 et
2173 1103 2377 1142 contami-

1344 1175 1442 1213 nata
1460 1175 1522 1213 est
1540 1173 1585 1213 in
1609 1173 1806 1226 operibus
1825 1185 1990 1214 eorum.
2018 1191 2033 1209 »
2059 1172 2170 1213 Alibi
2190 1173 2218 1198 ¹⁰
2239 1187 2284 1212 z«
2305 1172 2378 1214 Li·-

1345 1244 1446 1284 bera
1466 1255 1533 1284 me
1563 1244 1613 1284 de
1633 1244 1931 1296 sanguinibus.
1954 1259 1973 1281 »
1999 1243 2138 1284 Tertio
2159 1246 2376 1296 peccatum

1346 1315 1540 1356 simoniae
1559 1317 1600 1356 et
1620 1315 1955 1367 conspirationis.
1977 1315 2164 1367 Cumque
2184 1325 2269 1357 non
2287 1326 2378 1368 pos-

1345 1390 1438 1428 sent
1467 1386 1608 1438 (aliqui
1634 1386 1815 1436 addunt,
1845 1388 2028 1436 intrare,
2060 1385 2173 1438 quod
2204 1397 2291 1425 non
2318 1389 2379 1426 est

1345 1457 1395 1497 de
1416 1459 1582 1508 textu);
1607 1470 1720 1507 cum,
1744 1458 1898 1509 inqu1t‚
1919 1469 2005 1497 non
2025 1459 2195 1509 possent
2220 1456 2378 1497 deside-

1345 1529 1457 1569 rium
1478 1541 1604 1569 suum
1632 1530 1676 1568 in
1706 1528 1890 1569 Ecclesia
1916 1529 2116 1581 implere,
2151 1532 2379 1572 tenuerunt

1344 1600 1531 1641 lacinias
1551 1610 1667 1650 suas,
1691 1611 1786 1639 oras
1808 1611 1987 1640 suorum
2009 1600 2376 1649 vestimentorum,

1345 1671 1452 1711 sicut
1471 1671 1587 1721 eieci,
1610 1670 1686 1724 qui
1706 1672 1928 1722 expectant
1947 1671 2135 1711 alienum
2156 1671 2376 1712 ducatum.

1345 1742 1534 1783 Lacinias
1554 1744 1713 1792 tenere,
1734 1744 1796 1782 est
1815 1741 1967 1782 ducem
1987 1744 2223 1794 expectare.

1399 1812 1556 1861 Quarto
1574 1812 1766 1865 sequitur
1781 1814 1998 1864 peccatum
2012 1812 2376 1865 praesumptionis,

1345 1895 1430 1936 qua
1444 1883 1546 1923 alios
1561 1883 1866 1936 despiciebant3
1883 1884 1996 1924 unde
2017 1883 2210 1936 sequitur
2228 1883 2288 1936 (v.
2309 1885 2375 1933 15,

1348 1955 1532 2007 Samech)
1551 1970 1559 1995 z
1578 1954 1777 1997 Recedite
1787 1954 1940 2007 polluti
1955 1955 2263 2004 clamaverunt,
2279 1956 2375 2005 etc„

1344 2027 1533 2080 praedicti
1560 2027 1731 2078 superbi
1749 2058 1758 2075 ,
1777 2028 1854 2075 eis,
1876 2026 2166 2078 peccatoribus
2188 2025 2343 2066 scilicet
2363 2038 2373 2066 :

1345 2098 1519 2147 Pollutt,
1542 2096 1734 2139 recedite.
1760 2096 1829 2136 Bis
1849 2096 1962 2146 dicit,
1986 2096 2199 2147 Recedite,
2221 2096 2340 2149 quasi
2365 2111 2372 2137 :

1346 2168 1540 2209 Recedite
1560 2181 1583 2208 a
1602 2168 1693 2208 loco
1713 2180 1844 2217 sacro,
1873 2168 2054 2208 recedite
2075 2181 2098 2208 a
2118 2170 2262 2208 nostro
2283 2180 2379 2208 con-

1345 2240 1489 2290 sortio,
1514 2240 1623 2281 abite
1644 2239 1697 2279 ad
1716 2239 1955 2279 consimiles
1981 2239 2116 2288 vobis,
2137 2239 2266 2281 nolite
2288 2242 2379 2281 tan-

1344 2322 1450 2365 qere.
1485 2310 1606 2350 Tales
1639 2312 1738 2350 sunt
1761 2310 1836 2360 illi,
1868 2310 1918 2350 de
1945 2310 2102 2363 quibus
2133 2310 2285 2351 dicitur
2307 2312 2334 2334 ¹¹
2365 2323 2375 2351 ε

1351 2398 1370 2421 <‹
1392 2381 1629 2424 Comedunt
1647 2393 1793 2422 carnes
1814 2381 1958 2422 suillas
1972 2413 1982 2432 ,
2005 2383 2045 2421 et
2060 2382 2132 2433 jus
2153 2382 2379 2434 profanum

1345 2454 1390 2493 in
1407 2453 1521 2495 vasis
1550 2465 1721 2502 eorum;
1745 2453 1818 2505 qui
1846 2453 1992 2493 dicunt
2016 2466 2025 2493 :
2049 2452 2208 2493 Recede
2228 2465 2253 2493 a
2283 2465 2376 2504 me,

1346 2537 1432 2565 non
1470 2524 1787 2577 appropinques
1828 2523 1957 2573 mihi,
1996 2524 2098 2575 quia
2130 2524 2380 2564 immundus

1345 2608 1405 2636 es.
1427 2609 1446 2633 >³
1472 2596 1641 2647 Jurqacz·
1660 2594 1817 2646 quippe
1838 2597 1939 2635 sunt
1959 2605 1973 2633 .·
1993 2593 2086 2634 haec
2101 2596 2162 2634 est
2180 2606 2266 2635 vox
2283 2593 2379 2634 Pro-

1346 2666 1484 2719 phetae
1499 2681 1508 2715 ;
1525 2665 1696 2718 jurqatz'
1713 2664 1901 2717 praedicti
1919 2664 2106 2715 superbi,
2129 2667 2166 2706 et
2183 2666 2378 2707 commoti

1346 2740 1492 2779 contra
1523 2736 1739 2786 subditos,
1774 2746 1845 2776 eos
1865 2734 2048 2787 superbe
2078 2735 2373 2787 despicientes;

1346 2820 1422 2849 nec
1441 2807 1582 2848 solum
1601 2808 1742 2860 aperte
1763 2807 2001 2858 peccatores
2022 2805 2281 2858 despiciunt,
2304 2806 2376 2847 sed

1346 2879 1473 2920 etiam
1492 2880 1536 2918 in
1554 2877 1743 2918 absentia
1763 2877 1822 2917 eis
1842 2876 2084 2916 detrahunt.
2105 2875 2221 2917 Unde
2237 2878 2377 2930 sequi-

1346 2953 1416 2991 tur
1438 2964 1447 2990 :
1470 2949 1688 2991 Dtoeerunt
1715 2949 1826 2991 inter
1844 2951 2004 3001 pentes,
2027 2946 2217 3000 praedicti
2238 2948 2376 2989 elerici

1345 3022 1633 3076 peccatoribus
1665 3021 1933 3062 detrahentes
1955 3031 1965 3060 ε
1987 3020 2082 3062 Non
2111 3020 2289 3074 adjiciet
2307 3021 2376 3063 ul-

1346 3098 1429 3146 tra,
1453 3093 1657 3135 Dominus
1673 3092 1842 3144 scilicet,
1864 3094 1912 3134 ut
1930 3091 2086 3135 habitet
2106 3093 2154 3134 in
2169 3094 2244 3144 eis,
2268 3105 2376 3146 prae-

1344 3215 1427 3247 xxx,
1445 3208 1497 3238 33.
1517 3223 1558 3229 -
1574 3206 1584 3224 ⁷
1601 3205 1679 3244 [sa.,
1700 3212 1752 3245 111,
1772 3206 1802 3236 9.
1821 3220 1860 3228 -
1880 3204 1893 3225 ²³
1912 3204 2047 3246 Jerem„
2066 3213 2106 3247 11,
2127 3206 2177 3238 34.
2194 3222 2235 3229 —-
2254 3206 2266 3225 ⁹
2284 3205 2371 3237 Psal.

1345 3262 1398 3295 cv,
1418 3254 1470 3285 39.
1491 3269 1530 3277 -
1552 3252 1577 3274 ¹0
1598 3251 1683 3284 Psal.
1708 3259 1741 3292 L,
1762 3252 1812 3283 16.
1832 3268 1873 3275 —
1896 3251 1919 3272 ¹¹
1940 3252 2016 3292 isa„
2038 3259 2117 3293 va,
2140 3254 2170 3285 4.

1389 3319 1430 3360 (α)
1453 3319 1528 3359 Leq.
1549 3317 1741 3358 praefectos.
1764 3333 1805 3340 —
1826 3315 1872 3357 (b)
1894 3316 1972 3348 Coet.
1992 3317 2072 3350 edit.
2090 3318 2228 3359 populo.
