2634 3853
269 206 346 244 606

267 291 431 331 fatuum
450 290 626 343 sapienti
653 290 697 330 in
726 288 1022 343 praedicatione
1047 298 1133 328 non
1161 286 1293 327 socia-

269 361 356 411 bis,
379 364 427 401 nt
442 361 598 414 aequali
618 363 817 413 potestate
837 359 1016 399 verbum
1038 357 1107 397 Dei
1128 368 1290 397 annun-

268 431 387 472 tient.
410 445 428 468 »
451 431 501 471 111
523 443 628 483 ergo
647 430 800 471 cadunt
815 428 859 468 in
880 431 1057 480 puteum
1077 426 1293 478 concupis-

269 501 415 542 centiae
444 513 519 554 per
546 500 751 551 originale
785 500 1003 551 peccatum
1031 529 1041 547 ,
1073 500 1114 537 et
1144 496 1293 536 deinde

268 572 314 612 in
332 571 509 612 limbum
534 569 802 610 infernalem.
826 568 875 608 Et
902 569 981 608 hoc
1001 566 1294 608 universaliter

269 644 365 682 ante
385 640 535 682 Christi
559 639 814 689 adventum;
847 640 1018 691 propter
1050 637 1162 690 quod
1191 637 1292 677 dici-

270 715 341 753 tur
362 714 370 734 ¹
397 726 405 751 :
435 726 453 749 11
470 710 563 751 Νο11
584 722 651 750 me
672 710 891 760 demergat
911 709 1135 760 tempestas
1154 718 1292 759 aquae,

271 793 407 833 neque
440 780 659 821 absorbeat
681 791 748 819 me
769 778 1050 831 profundum,
1069 789 1206 827 neque
1225 789 1297 817 ur-

271 854 368 902 geat
386 863 512 903 super
532 863 599 890 me
617 853 768 902 puteus
787 861 833 889 os
856 861 997 889 suum.
1017 863 1036 885 ›)
1064 847 1171 888 111116
1190 859 1296 898 ergo

273 921 457 961 Christus
477 920 657 961 extrahit
681 920 747 960 die
768 918 952 968 sabbati,
974 918 1016 958 id
1037 920 1099 958 est
1118 917 1297 970 septima

272 991 358 1042 die,
377 1004 473 1044 quae
492 994 553 1032 est
577 991 665 1032 dies
693 990 923 1042 sepulturae
945 988 1094 1029 Christi
1109 1019 1121 1038 ,
1150 988 1193 1028 in
1213 1000 1298 1040 qua

273 1062 394 1114 quies
431 1062 575 1114 incipit
611 1061 850 1101 animarum
865 1091 878 1110 ,
917 1059 1149 1100 secundum
1192 1058 1297 1099 illud

273 1132 487 1174 Zacharia>
506 1133 547 1172 2:
577 1147 596 1169 «
621 1131 685 1172 Tu
713 1143 882 1184 quoque
910 1130 954 1170 111
972 1129 1183 1181 sanguine
1216 1132 1299 1169 tes-

271 1203 445 1243 tamenti
466 1202 528 1243 tui
549 1202 719 1243 emisisti
742 1201 904 1242 vinctos
924 1203 1019 1240 tuos
1039 1199 1089 1240 de
1112 1198 1230 1250 lacu,
1255 1198 1299 1238 in

271 1285 355 1325 quo
375 1286 460 1314 non
479 1276 540 1315 est
558 1285 683 1324 aqua.
705 1286 724 1310 1)

325 1348 363 1385 7.
387 1344 561 1386 Dicebat
582 1337 721 1386 (tatem
742 1343 800 1384 1111.
824 1342 1028 1384 invitatos
1044 1372 1054 1390 ,
1082 1343 1159 1382 etc.
1182 1341 1301 1382 Post-

273 1428 402 1468 quam
432 1415 665 1456 confutavit
695 1416 985 1463 observantes,
1018 1412 1085 1452 hic
1116 1411 1300 1452 secundo

274 1487 473 1527 informat
492 1487 779 1528 convivantes.
802 1484 1013 1525 Dividitur
1044 1486 1188 1524 autem
1208 1483 1301 1522 haec

274 1570 370 1610 pars
394 1557 438 1597 in
463 1560 569 1607 1165,
595 1557 827 1598 secundum
860 1555 1068 1608 triplicem
1099 1554 1299 1594 informa-

273 1629 462 1669 tionem:
494 1628 631 1681 primo
662 1638 848 1679 namque
873 1626 1072 1666 informat
1103 1624 1302 1665 invitatos

273 1699 325 1739 ad
341 1698 584 1739 convivium
599 1697 785 1749 nuptiale
802 1711 812 1746 ;
831 1695 1013 1736 secundo
1025 1695 1224 1734 informat
1243 1694 1302 1733 in-

273 1769 496 1809 vitatantes
515 1768 568 1808 ad
585 1766 833 1808 convivium
853 1765 1074 1815 familiare,
1088 1764 1147 1804 ibi
1164 1767 1177 1789 ³
1201 1779 1209 1804 ε
1233 1765 1301 1806 Di-

272 1840 388 1882 cebat
401 1842 539 1881 autem
556 1841 593 1880 ec
613 1839 651 1880 ez'
667 1838 743 1890 qui
764 1848 805 1879 se
825 1836 1044 1887 invitavit,
1062 1839 1157 1886 ete.;
1175 1835 1295 1876 tertio

272 1911 472 1951 informat
495 1909 735 1951 invitandos
754 1909 807 1949 ad
825 1907 1071 1949 convivium
1086 1906 1299 1957 aeternale,

274 1983 333 2023 1111
344 1983 357 2004 ¹·
370 1982 701 2035 :Homoquz‘dam
714 1983 810 2033 fecit
821 1992 982 2023 coenam
994 1991 1209 2033 magnam,
1222 1982 1300 2020 616.

274 2053 467 2094 Primum
486 2053 641 2094 horum
663 2052 832 2106 respicit
852 2051 1099 2093 convivium
1122 2050 1299 2102 gratiae3

274 2125 528 2175 secundum,
550 2129 714 2165 naturae
732 2136 742 2174 3
781 2123 976 2173 tertium,
1013 2121 1177 2173 gloriae.
1211 2120 1302 2161 Pri-

275 2207 395 2236 mum
426 2194 727 2235 sacramentale
751 2225 764 2244 ,
795 2193 1031 2234 secundum
1061 2190 1300 2241 materiale,

275 2266 446 2307 tertium
486 2264 682 2305 aeternale
721 2266 761 2304 61
799 2262 1031 2315 spirituale.
1068 2261 1304 2302 Informans

276 2336 412 2388 igitur
434 2336 632 2376 invitatos
651 2333 705 2374 ad
723 2333 971 2375 convivium
991 2331 1178 2384 nuptiale
1195 2363 1208 2382 ,
1229 2343 1304 2384 per

276 2406 387 2459 quod
406 2405 656 2456 intelligitur
689 2406 821 2444 status
839 2402 1058 2455 praesentis
1079 2401 1274 2442 Ecclesiae
1291 2433 1300 2453 ‚

276 2477 415 2530 primo
437 2477 649 2529 vituperat
667 2474 899 2515 vanitatem
921 2476 962 2514 et
980 2473 1273 2526 arrogantiam
1289 2487 1299 2523 ;

276 2548 458 2589 secundo
495 2546 761 2588 commendat
795 2544 1080 2585 humilitatem
1112 2540 1153 2585 et
1189 2556 1306 2586 reve-

275 2619 473 2668 rentiam,
487 2618 546 2658 ibi
560 2618 573 2640 5
590 2632 599 2658 :
618 2617 802 2659 8611611111
814 2620 985 2658 vocatus
998 2617 1148 2667 fueris,
1165 2618 1243 2657 etc.
1258 2616 1306 2656 In

278 2688 558 2742 vituperando
578 2690 720 2728 autem
741 2686 1030 2737 arrogantiam
1043 2717 1056 2736 ,
1077 2685 1159 2726 tria
1180 2686 1308 2727 intro-

279 2761 495 2802 ducuntur
512 2792 522 2811 ,
547 2760 702 2800 scilicet.
721 2759 883 2799 occasio
899 2758 1171 2799 introducens
1190 2770 1307 2811 para-

214 2867 220 2873 .
279 2832 418 2872 bolam
431 2864 443 2881 ,
466 2830 681 2884 persuasio
701 2830 1017 2882 reprehendens
1037 2830 1280 2882 superbiam
1294 2861 1304 2880 ‚

280 2905 321 2943 61
341 2903 447 2942 16110
467 2901 681 2954 explicans
702 2900 1017 2941 verecundiam.

334 2972 478 3014 Primo
497 2972 644 3024 igitur,
666 2974 876 3024 quantum
899 2971 950 3011 ad
968 2970 1229 3012 occasionem
1249 2971 1309 3012 in-

281 3043 568 3084 troducentem
590 3041 855 3094 parabolam,
881 3041 979 3081 dicit
1002 3053 1012 3081 :
1034 3041 1208 3084 Dicebat
1228 3052 1306 3083 au-

283 3119 365 3157 tem
397 3117 436 3156 ec
474 3112 531 3154 ad
563 3112 768 3154 invitatos
795 3111 1057 3164 parabolam.
1087 3111 1232 3153 Glossa
1258 3116 1271 3138 ⁶
1296 3126 1305 3152 :

288 3200 307 3223 «
327 3184 575 3226 Parabolam
602 3182 717 3224 aliud
736 3183 912 3235 mystice
931 3182 1260 3234 significantem.
1283 3197 1302 3220 »

283 3255 390 3304 Quia
419 3255 532 3296 enim
560 3252 712 3306 aliquis
743 3255 882 3305 posset
908 3252 1011 3294 illud
1042 3252 1205 3294 Domini
1230 3253 1306 3294 do-

325 3386 335 3408 1
355 3386 446 3418 Psal.
466 3392 587 3425 vaxn,
610 3384 704 3415 16.—
723 3382 735 3401 2
753 3381 866 3420 Zach„
886 3390 934 3422 ix,
957 3384 991 3414 11
1010 3399 1050 3404 —
1070 3382 1081 3400 ³
1103 3381 1197 3422 lnt'r.,
1217 3384 1309 3413 12.—

284 3435 294 3453 ⁴
318 3434 392 3473 inf„
416 3436 465 3464 16.
489 3450 524 3455 -
546 3433 559 3454 ⁵
583 3432 659 3471 ictu,
681 3432 733 3462 10.
755 3446 795 3453 -
814 3429 827 3450 ὅ
848 3429 957 3461 Gloss.
983 3429 1131 3461 interlin.
1158 3430 1192 3460 in
1218 3429 1310 3461 hunc

283 3482 348 3514 106.
375 3498 416 3506 -
447 3479 460 3502 ⁷
485 3479 573 3512 Psal.
600 3485 740 3519 mxvii,
766 3479 797 3509 2.
831 3494 872 3500 —
902 3477 917 3498 ⁸
946 3477 1065 3516 Eccli„
1091 3484 1158 3518 xx,
1187 3480 1239 3509 22.
1267 3492 1309 3500 -

993 196 1273 241 EVANGELll
1303 195 1486 238 SANCTI
1516 197 1666 239 LUCAE

1369 288 1617 327 cumentum
1639 287 1795 328 referre
1814 287 1866 328 ad
1885 287 1985 328 istas
2004 287 2175 340 nuptias
2190 285 2391 336 carnales,

1369 356 1462 397 ideo
1483 357 1570 409 ipse
1590 357 1704 398 Evan
1711 358 1862 410 gelista
1884 389 1896 407 ,
1921 357 2112 409 dirigens
2136 357 2396 398 intellectum

1370 427 1642 479 expositoris,
1675 428 1765 469 vult
1799 427 1902 468 illud
1933 427 2169 479 parabolice
2199 426 2392 477 intelligi.

1370 496 1446 536 Hic
1477 498 1590 537 enim
1622 498 1665 538 in
1696 498 1882 539 docendo
1917 500 2007 539 erat
2047 498 2198 538 modus
2233 497 2399 538 Domini

1371 566 1622 618 Salvatoris‚
1645 569 1880 609 secundum
1900 568 2003 608 illud
2020 567 2181 609 Psalmi
2194 571 2208 593 ⁷
2229 579 2240 608 z
2262 583 2281 606 ((
2295 568 2400 620 Ape-

1370 638 1479 678 riam
1498 638 1541 677 in
1560 637 1769 690 parabolis
1803 649 1849 678 os
1868 649 2014 678 meum
2037 651 2046 676 t
2069 637 2219 690 loquar
2245 649 2397 690 propo·-

1371 708 1541 748 sitiones
1569 708 1621 748 ab
1654 708 1814 759 initio,
1832 722 1850 745 ›>
1886 710 1963 748 etc.
1996 707 2047 748 Et
2076 707 2175 760 quia
2203 708 2401 760 parabola

1372 790 1457 818 non
1477 778 1603 818 habet
1618 777 1801 829 gratiam
1815 777 1894 817 nisi
1914 777 2079 818 dicatur
2097 789 2174 819 suo
2195 780 2399 830 tempore,

1373 848 1606 889 secundum
1636 848 1739 888 illud
1771 848 2063 891 Ecclesiasticz·
2096 852 2110 873 ⁸
2137 863 2146 888 ε
2186 863 2206 887 c<
2235 847 2298 888 Ex
2331 859 2403 888 ore

1373 918 1478 958 fatui
1499 917 1794 970 reprobabitur
1813 918 2033 970 parabola,
2056 930 2143 959 non
2171 919 2285 959 enim
2304 918 2404 959 dicit

1373 988 1488 1028 illam
1518 988 1564 1027 111
1591 990 1782 1040 tempore
1815 1000 1918 1037 suo;
1951 1002 1970 1025 »
2003 991 2044 1028 et
2075 1005 2098 1029 e
2126 988 2335 1030 contrario
2354 992 2367 1013 ⁹
2391 1003 2400 1029 ε

1379 1074 1397 1097 a
1418 1058 1526 1099 Mala
1541 1070 1669 1099 aurea
1699 1058 1742 1098 10
1763 1058 1880 1099 166115
1913 1059 2149 1110 argenteis,
2171 1059 2245 1112 qui
2265 1059 2402 1112 loqui-

1375 1132 1444 1170 tur
1463 1130 1645 1171 verbum
1666 1129 1709 1168 in
1730 1131 1919 1182 tempore
1940 1141 2017 1169 suo
2042 1143 2050 1169 :
2074 1142 2093 1166 1)
2119 1129 2212 1170 11160
2239 1129 2405 1171 additur

1374 1200 1666 1253 opportunitas
1696 1199 1775 1239 loci
1806 1202 1847 1239 61
1878 1199 2081 1252 temporis
2110 1200 2163 1241 ad
2194 1200 2403 1241 inductio-

1375 1283 1474 1312 nem
1495 1272 1623 1323 liuJus
1656 1269 1868 1323 parabolae
1888 1270 1938 1311 de
1972 1270 2167 1311 convivio
2196 1271 2404 1324 nuptiali,

1376 1354 1475 1382 cum
1493 1341 1635 1381 subdit
1657 1355 1666 1380 2
1690 1341 1919 1383 Incemlens
1937 1340 2140 1393 quo-modo
2160 1342 2322 1393 primos
2341 1351 2408 1383 ac-

1375 1411 1542 1454 cubitus
1562 1411 1775 1464 6119616711,
1794 1424 1913 1453 more
1931 1412 2087 1453 scilicet
2107 1412 2386 1465 superborum
2394 1427 2404 1463 ;

1377 1482 1451 1535 qui
1470 1482 1640 1534 quidem
1661 1494 1752 1523 mos
1779 1484 1870 1522 erat
1890 1481 2116 1523 Pharisaeis
2136 1483 2164 1508 1⁰
2185 1496 2193 1522 :
2210 1497 2230 1521 (1
2252 1483 2409 1523 Amant

1377 1552 1491 1593 enim
1510 1551 1671 1604 primos
1697 1553 1911 1593 recubitus
1930 1553 1974 1592 in
1998 1553 2129 1593 coenis
2143 1584 2157 1604 ,
2178 1555 2219 1594 et
2249 1553 2408 1604 primas

1377 1623 1595 1663 cathedras
1627 1623 1672 1662 in
1707 1622 1968 1675 synagogis,
2003 1625 2044 1662 61
2063 1623 2334 1664 salutationes
2363 1623 2409 1663 111

1376 1694 1466 1733 foro
1490 1725 1505 1744 ,
1539 1695 1580 1734 61
1610 1692 1753 1734 vocari
1773 1693 1825 1732 ab
1858 1693 2107 1733 hominibus
2139 1692 2287 1734 Rabbi.
2313 1708 2332 1732 ›)
2358 1693 2432 1733 Et»

1378 1764 1459 1805 hoc
1479 1764 1525 1804 in
1543 1764 1719 1816 signum
1740 1764 1915 1804 honoris
1933 1795 1943 1813 ‚
1964 1764 2199 1805 secundum
2219 1764 2324 1805 illud
2345 1765 2371 1790 ¹¹
2397 1779 2406 1805 :

1380 1847 1399 1871 (‹
1419 1831 1464 1872 Si
1479 1832 1708 1873 voluissem
1722 1831 1784 1872 ire
1797 1831 1850 1872 ad
1868 1843 1954 1882 605,
1972 1831 2169 1872 sedebam
2187 1832 2366 1885 primus.
2383 1846 2402 1870 1)

1377 1902 1571 1944 Ρ11011101
1601 1902 1715 1943 enim
1740 1904 1780 1943 61
1808 1914 2027 1943 summum
2050 1903 2275 1955 conjuncta
2294 1904 2408 1944 sunt.

1378 1974 1429 2015 Et
1449 1974 1669 2026 superbia,
1697 1975 1739 2014 et
1765 1973 1959 2024 ambitio,
1987 1973 2252 2014 inordinatus
2278 1986 2411 2027 appe-

1377 2044 1479 2085 titus
1510 2046 1572 2084 est
1605 2043 1911 2097 superioritatis
1941 2046 1982 2084 et
2013 2044 2258 2097 prioritatis.
2294 2043 2411 2085 Unde

1377 2116 1623 2168 hujusmodi
1653 2118 1853 2168 quaerunt
1884 2116 2088 2168 superbi,
2123 2116 2197 2169 qui
2233 2116 2285 2156 ab
2319 2115 2411 2156 aliis

1378 2186 1554 2239 cupiunt
1573 2187 1799 2235 honorari,
1824 2186 2018 2238 exemplo
2039 2185 2142 2227 Saul
2161 2187 2190 2211 ¹²
2213 2200 2222 2227 z
2254 2185 2411 2226 «Nunc

1378 2257 1542 2297 honora
1561 2269 1629 2297 me
1649 2268 1792 2297 coram
1818 2256 2053 2297 senioribus
2073 2257 2221 2310 populi
2242 2256 2346 2307 mei,
2368 2258 2410 2296 et

1378 2339 1522 2367 coram
1542 2326 1683 2367 Israel.
1707 2341 1726 2364 ›>

1433 2397 1627 2439 Secundo
1647 2409 1770 2448 vero,
1793 2399 2003 2450 quantum
2023 2396 2075 2437 ad
2094 2396 2410 2450 persuasionem

1378 2468 1760 2522 reprehendentem
1779 2467 2048 2521 superbiam,
2069 2467 2211 2509 subdit
2229 2481 2237 2508 :
2256 2468 2410 2509 Dicens

1380 2541 1438 2583 ad
1465 2540 1560 2583 illos
1588 2552 1601 2580 .·
1640 2539 1703 2592 (v.
1726 2539 1767 2592 8)
1803 2539 1908 2581 Cum
1939 2539 2153 2590 invitatus
2185 2539 2322 2590 fueris
2355 2539 2413 2581 ad

1380 2613 1573 2665 nuptiae,
1590 2621 1676 2653 ηοη
1697 2610 1940 2653 discumbas
1955 2610 2003 2651 in
2021 2610 2160 2662 primo
2181 2609 2280 2652 loco.
2296 2609 2413 2651 Licet

1380 2686 1524 2725 autem
1545 2683 1658 2724 istud
1689 2684 1828 2735 posset
1868 2681 2050 2733 intelligi
2093 2681 2144 2721 de
2172 2681 2412 2722 carnalibus

1379 2755 1562 2808 nuptiis,
1589 2757 1732 2795 tamen
1758 2756 1900 2794 textus
1929 2753 2018 2806 ipse
2045 2764 2250 2806 sequens,
2275 2755 2317 2794 61
2341 2765 2409 2794 ex-

1380 2825 1607 2878 positores,
1629 2824 1780 2865 volunt
1811 2823 1993 2877 intelligi
2019 2823 2070 2864 de
2095 2823 2254 2876 nuptiis
2283 2822 2411 2875 spiri-

1381 2896 1582 2937 tualibus.
1608 2894 1723 2936 Unde
1743 2893 1925 2934 Glossa¹³
1947 2906 1957 2934 ι
1977 2909 1997 2933 1(
2011 2893 2116 2935 Cum
2129 2906 2205 2946 per
2227 2893 2411 2945 gratiam

1380 2967 1478 3008 fidei
1497 2969 1673 3009 vocatus
1693 2978 1718 3006 a
1737 2965 2031 3019 praedicatore,
2052 2964 2254 3005 membris
2276 2963 2412 3005 Eccle-

1382 3037 1457 3078 siae
1469 3039 1510 3078 te
1522 3037 1734 3090 Junxeris,
1750 3039 1905 3085 nolite,
1927 3036 1977 3076 de
1992 3035 2152 3076 meritis
2170 3034 2406 3086 gloriando,

1382 3108 1502 3161 quasi
1521 3107 1682 3149 caeteris
1701 3107 1758 3148 sis
1780 3106 2015 3156 sublimior,
2039 3104 2229 3146 extollas.
2255 3119 2275 3144 11
2299 3105 2411 3159 Nup-

1381 3179 1454 3220 tiae
1473 3181 1616 3220 autem
1644 3179 1736 3219 istae
1764 3189 1850 3218 non
1882 3178 1982 3218 sunt
2009 3187 2316 3229 quaecumque,
2338 3177 2410 3218 sed

1381 3249 1543 3303 nuptiae
1564 3248 1700 3302 Agni,
1722 3247 1773 3289 de
1789 3247 1946 3301 quibus
1965 3245 2119 3288 dicitur
2139 3246 2167 3269 ¹⁶
2191 3261 2201 3288 ε
2231 3261 2251 3286 (1
2276 3246 2406 3289 Vene-

1382 3380 1396 3401 ⁹
1414 3381 1527 3421 Prota,
1556 3387 1643 3420 xxv,
1670 3382 1721 3411 11.
1748 3396 1789 3403 -
1812 3379 1841 3400 1⁰
1865 3377 1999 3417 Mutila,
2031 3386 2136 3419 xxm,
2169 3380 2200 3410 6.
2223 3377 2308 3402 -11
2333 3377 2406 3420 Job,

1383 3435 1479 3468 xx1x,
1499 3428 1552 3458 25.
1566 3444 1606 3450 —
1624 3427 1653 3448 12
1673 3427 1682 3457 1
1705 3426 1796 3467 Κεφ,
1815 3432 1872 3463 XV,
1893 3425 1944 3456 30.
1965 3443 2005 3448 -
2024 3425 2050 3447 1³
2070 3426 2119 3457 Ex
2147 3425 2244 3466 Bed„
2264 3426 2299 3456 in
2316 3426 2405 3464 Luc„

1383 3483 1412 3508 6.
1434 3482 1505 3508 mx.
1520 3491 1562 3498 —
1579 3474 1605 3521 1}
1623 3474 1738 3515 Apoc„
1755 3480 1835 3511 xm,
1851 3472 1884 3503 7.
