2634 3853
986 219 1263 262 EXPOSITIO
1293 220 1347 261 IN
1377 219 1490 261 CAP.
1521 218 1591 261 VI.

224 325 351 369 quam
380 310 556 353 retraxit
584 322 609 351 a
639 310 871 351 temeritate
897 309 1143 362 Judicandi‚
1176 309 1245 350 hic

223 384 421 425 informat
450 381 498 423 ad
529 381 798 435 prudentiam
826 380 1110 430 discernendi3
1133 380 1245 433 quod

222 454 393 508 quidem
414 452 510 493 facit
535 452 615 493 hoc
639 452 784 493 ordine
807 464 816 492 :
837 451 975 504 primo
1006 451 1118 491 enim
1148 463 1244 504 pro-

222 525 341 578 ponit
359 523 677 564 similitudinem
697 522 1047 575 metaphoricani3
1065 522 1246 563 secundo

223 596 334 636 elicit
351 595 633 636 eruditionem
653 594 914 646 explicitam;
931 593 1055 634 tertio
1073 605 1174 634 vero
1195 605 1247 633 ex

221 667 303 708 hoc
337 666 557 719 redarguit
597 665 907 706 simulationem
948 664 1243 717 deceptoriam.

224 737 478 791 Proponitur
521 748 626 789 ergo
665 735 952 788 metaphorica
987 734 1243 785 similitudo,

222 822 272 850 cu
281 821 320 849 m
341 809 493 851 dicitur
513 823 522 849 :
546 808 644 852 Non
664 810 723 849 est
740 806 850 849 enim
870 805 992 849 arbor
1012 806 1134 857 bona,
1154 816 1248 858 ‹121oe

224 882 330 932 facil
352 882 517 933 fructus
544 879 690 922 malos.
717 879 844 921 'Enim
864 890 950 919 non
978 880 1040 918 est
1066 877 1135 917 hic
1154 890 1249 918 cau-

224 964 244 991 s
272 952 311 992 le
332 984 342 1004 ,
375 952 445 992 sed
477 950 829 993 continuativum.
862 950 1068 990 Arborem
1099 951 1247 1000 vocat,

221 1033 308 1064 non
328 1023 590 1064 voluntatem
611 1034 706 1076 quae
727 1025 787 1063 est
803 1034 827 1063 a
847 1021 951 1072 Deo,
975 1021 1032 1061 sic
1051 1020 1166 1061 enim
1187 1022 1250 1060 est

223 1094 360 1145 bona3
384 1094 456 1135 sed
474 1093 736 1135 voluntatem
752 1126 762 1144 ,
782 1105 879 1146 quae
911 1104 997 1133 non
1031 1094 1090 1132 est
1111 1091 1221 1132 bona
1235 1123 1248 1141 ,

225 1178 324 1207 eum
344 1166 441 1207 facit
460 1166 641 1216 malum;
664 1177 739 1206 nec
758 1166 884 1206 etiam
913 1168 974 1205 est
995 1164 1126 1215 mala,
1153 1176 1250 1205 cum

224 1238 321 1279 facit
339 1239 526 1288 bonu1n;
547 1237 661 1291 quod
678 1237 791 1278 addit
809 1252 816 1277 :
834 1236 976 1290 Neque
997 1237 1119 1278 arbor
1139 1235 1252 1277 mala

223 1309 385 1360 faciens
403 1306 590 1361 fructum
612 1307 777 1349 bonum.
803 1307 1036 1348 Contorniis
1056 1309 1117 1347 est
1138 1307 1252 1346 enim

223 1379 422 1420 voluntas
447 1378 588 1431 operi,
619 1378 725 1418 sicut
754 1378 879 1418 arbor
904 1377 1086 1418 fructui¹
1114 1391 1122 1417 :
1146 1392 1164 1415 α
1198 1377 1253 1416 De

223 1449 364 1490 fructu
387 1449 471 1490 oris
499 1449 566 1490 sui
593 1449 891 1502 unusquisque
920 1447 1150 1501 replebitur
1175 1447 1250 1488 bo-

223 1519 292 1560 nis
308 1551 318 1569 ‚
340 1521 381 1560 et
403 1520 529 1572 Juxta
548 1531 676 1572 opera
701 1531 910 1560 manuum
939 1531 1115 1560 suarum
1135 1518 1256 1559 retri-

223 1590 380 1631 buetur
399 1591 462 1641 ei3
485 1606 503 1629 n
530 1591 648 1643 quia,
668 1591 777 1631 sicut
801 1591 953 1631 dicitur
972 1592 986 1612 ²
1009 1604 1018 1630 :
1047 1605 1066 1628 α
1086 1589 1256 1630 Excide-

229 1666 309 1711 tur,
333 1662 374 1701 et
399 1660 445 1700 in
472 1661 617 1712 ignem
645 1661 850 1701 mittetur.
880 1676 898 1698 n
921 1659 1038 1702 Unde
1060 1660 1254 1713 spiritua-

226 1730 321 1772 liter
340 1731 513 1772 arbores
537 1732 739 1772 fructibus
760 1732 984 1785 privantur
1003 1743 1077 1784 per
1110 1731 1254 1783 gelici-

227 1801 346 1842 dium
373 1801 640 1855 iniquitatis,
676 1803 908 1844 secundum
939 1802 1042 1842 illud
1071 1801 1191 1843 Judae
1213 1802 1258 1842 in

228 1872 427 1914 canonica
447 1885 526 1914 sua
551 1874 601 1914 de
627 1873 749 1914 malis
771 1876 783 1898 ³
807 1884 817 1913 ε
846 1874 1065 1915 «Arbores
1085 1876 1255 1914 autum-

229 1943 346 1984 nales
370 1974 380 1994 ‚
412 1944 688 1985 infructuosae
716 1976 726 1994 ,
758 1945 823 1985 bis
855 1947 1052 1986 mortuae.
1090 1959 1108 1982 n
1143 1944 1259 1985 Tunc

229 2017 372 2057 autem
400 2015 607 2057 fructibus
636 2016 876 2068 replentur,
908 2028 1006 2056 cum
1036 2015 1260 2070 appropin-

229 2088 361 2139 quant
391 2086 518 2128 calori
549 2086 788 2137 charitatis,
820 2087 1056 2128 secundum
1085 2087 1190 2128 illud
1210 2088 1224 2108 ⁴
1249 2100 1258 2127 :

235 2156 417 2199 «Videte
436 2158 662 2199 ficulneam
696 2160 736 2198 et
763 2170 912 2199 omnes
944 2158 1139 2209 arbores,
1162 2169 1260 2198 cum

230 2229 467 2282 producunt
496 2231 583 2283 jam
612 2242 666 2271 ex
694 2242 737 2271 se
772 2231 984 2281 fructum,
1017 2230 1132 2271 scitis
1161 2242 1263 2283 quo-

229 2300 346 2341 niam
373 2312 502 2354 prope
525 2303 587 2342 est
608 2303 747 2342 aestas.
769 2315 788 2339 ›)
814 2301 932 2342 Unde
958 2301 1146 2354 prudens
1166 2313 1263 2341 con-

230 2371 436 2412 siderator
482 2371 654 2412 arbores
694 2371 895 2411 discernit
939 2384 1014 2424 per
1059 2372 1260 2413 fructum.

233 2439 458 2493 Propterea
490 2440 691 2492 adjungit
724 2441 732 2491 (
758 2453 798 2482 v.
835 2441 910 2494 44)
943 2456 951 2481 :
993 2444 1263 2495 Unaquaeque

235 2512 349 2554 enim
379 2511 503 2554 arbor
538 2511 588 2554 de
619 2512 760 2562 fructu
792 2522 866 2554 suo
901 2515 1179 2566 coqrzoscitmn
1215 2513 1266 2555 Et

234 2580 312 2623 hoc
333 2586 414 2634 est,
437 2582 550 2635 quod
576 2581 729 2623 dicitur
749 2586 761 2607 5
785 2597 794 2623 ι
823 2597 842 2621 <‹
871 2582 934 2624 Ex
962 2584 1167 2625 fructibus
1193 2597 1263 2625 eo-

235 2664 334 2694 rum
351 2653 613 2705 cognoscetis
632 2666 723 2704 eos,
745 2668 763 2692 ›)
788 2654 910 2708 quia,
926 2655 1033 2696 sicut
1052 2655 1206 2697 dicitur
1219 2660 1232 2682 ⁶
1254 2671 1263 2698 :

242 2739 262 2763 (1
291 2722 509 2765 Manifesta
542 2727 642 2765 sunt
674 2737 803 2778 opera
833 2726 1003 2777 carnis,
1036 2738 1134 2780 quae
1168 2729 1268 2768 sunt

240 2796 480 2847 tornicatio,
506 2796 797 2849 immunditia,
824 2797 1110 2850 impudicitia,
1133 2799 1267 2840 luxu-

235 2869 298 2909 ria
312 2901 322 2919 ,
342 2868 556 2909 idolorum
575 2868 778 2920 servitus,
800 2883 819 2907 n
843 2871 921 2910 etc.
944 2884 963 2908 c(
989 2868 1169 2910 Fructus
1188 2883 1265 2911 au-

237 2942 324 2979 tem
343 2938 523 2993 Spiritus
549 2941 612 2980 est
646 2939 851 2990 charitas,
886 2939 1092 2991 gaudium
1108 2972 1121 2991 ,
1155 2953 1238 2994 pax
1254 2973 1266 2992 ,

239 3009 463 3062 patientia,
497 3010 820 3063 longanimitas,
851 3010 1037 3062 bonitas,
1068 3011 1267 3064 benigni-

241 3080 326 3129 tas,
341 3093 361 3117 »
380 3082 458 3121 etc.
481 3080 597 3122 Unde
613 3082 665 3123 de
681 3082 774 3123 viro
788 3083 905 3134 J'usto
922 3081 1073 3122 dicitur
1086 3081 1100 3103 ⁷
1117 3094 1126 3123 :
1149 3081 1271 3123 «Erit

243 3150 446 3202 tanquam
465 3151 655 3204 lignum,
678 3152 792 3205 quod
812 3152 1051 3205 plantatum
1072 3155 1134 3194 est
1152 3165 1273 3195 secus

245 3221 446 3263 decursus
465 3236 696 3278 aquarum,
718 3225 832 3279 quod
851 3226 1038 3267 fructum
1058 3238 1184 3267 suum
1205 3225 1274 3267 da-

288 3330 299 3351 1
320 3330 429 3368 Prov„
452 3338 519 3370 ΧΠ,
547 3334 596 3364 14.
615 3350 656 3357 —
673 3335 684 3353 ²
705 3335 802 3375 Sup.,
825 3341 883 3374 111,
909 3335 938 3366 9.
963 3351 998 3356 —
1021 3333 1035 3355 3
1052 3332 1143 3373 .Ῑ·αά.,
1166 3335 1215 3366 12.
1235 3349 1271 3356 —-

247 3377 257 3396 ⁴
279 3376 355 3418 1nf.‚
380 3385 460 3417 xm,
479 3379 531 3418 29,
552 3380 603 3411 30.
621 3397 662 3404 —
680 3381 693 3402 ⁵
711 3381 847 3421 Mami„
869 3388 939 3422 vix,
962 3382 1012 3412 16.
1034 3397 1074 3404 —
1096 3381 1107 3399 ὅ
1129 3380 1220 3420 Gal„
1239 3389 1272 3421 v,

249 3425 361 3456 19-23.
381 3442 417 3447 —
438 3424 448 3443 ⁷
467 3424 558 3457 Psal.
577 3433 604 3466 1,
624 3428 695 3457 3.—
713 3427 726 3449 8
745 3428 839 3468 Sup.,
863 3436 920 3466 111,
945 3430 995 3460 15.
1010 3444 1052 3451 -
1071 3430 1082 3447 ⁹
1102 3428 1207 3468 Rom„
1225 3435 1274 3467 vt,

247 3473 299 3504 21.
314 3488 353 3495 —
370 3472 396 3493 ¹⁰
415 3472 536 3512 Eccle.,
553 3480 587 3513 V,
604 3476 635 3505 9.
648 3491 689 3498 —
704 3475 728 3496 ¹¹
742 3476 863 3516 Judz'c.,
881 3485 930 3517 ix,
949 3479 1000 3508 11.
1015 3493 1055 3499 --
1071 3476 1207 3516 ¹²1bid„
1224 3477 1274 3508 13.

248 3536 288 3544 —
308 3518 336 3540 ¹³
354 3519 448 3560 Gen„
466 3526 519 3559 111,
540 3521 590 3552 18.
604 3537 642 3544 —
658 3521 686 3543 1¹·
701 3523 728 3553 ll
750 3523 840 3564 Κεφ,
858 3531 960 3564 xxm,
975 3525 1007 3564 6,
1024 3525 1055 3556 7.
1072 3541 1112 3548 ν-
1133 3524 1157 3545 ¹⁵
1178 3524 1275 3564 Gen„

441 3590 540 3620 TOM.
569 3591 614 3620 X.

2267 220 2344 265 385

1319 308 1380 350 bit
1405 309 1450 349 in
1474 312 1663 361 tempore
1696 321 1789 351 suo.
1813 322 1833 347 1>
1859 307 1943 349 Nec
1972 308 2154 360 mirum;
2190 311 2342 364 quia⁸‚

1327 395 1345 418 α
1363 380 1573 421 bonorum
1594 379 1792 421 laborum
1813 379 2024 432 gloriosus
2044 382 2104 420 est
2123 380 2299 432 fructus,
2320 398 2339 421 »

1322 452 1392 492 sed
1415 451 1624 491 malorum
1653 451 1819 492 nullus⁹
1843 465 1851 493 z
1872 466 1892 490 «
1916 451 2046 501 Quem
2068 451 2255 493 fructum
2276 453 2348 494 ha-

1320 521 1471 561 buistis
1493 524 1593 561 tunc
1612 521 1657 561 in
1679 521 1780 573 illis,
1802 522 1847 562 in
1867 522 2022 575 quibus
2043 535 2157 563 nunc
2175 523 2347 563 erubes-

1321 592 1444 632 citis?
1463 607 1481 629 ›)
1510 592 1559 632 Et
1590 593 1683 633 ideo
1717 594 1870 635 dicitur
1900 594 1950 635 de
1976 605 2105 635 avaro
2128 593 2156 615 ¹⁰
2183 608 2192 635 ε
2222 609 2241 632 α
2271 593 2351 643 Qui

1321 665 1436 703 amat
1455 663 1623 703 divitias
1637 695 1648 713 ,
1670 664 1857 704 fructum
1887 676 1973 705 non
2003 664 2138 717 capiet
2157 677 2210 705 ex
2229 664 2303 705 eis.
2326 679 2344 702 n

1321 733 1372 775 Et
1412 733 1524 786 quod
1565 733 1689 775 arbor
1730 735 1992 776 discernatur
2026 748 2101 788 per
2138 736 2321 777 fructum
2339 769 2350 788 ,

1322 804 1524 858 probatur
1544 816 1619 857 per
1645 806 1839 847 sensibile
1864 807 2203 859 experimentum
2220 840 2230 858 ,
2255 820 2352 849 cum

1323 877 1518 918 subditur
1551 891 1560 917 :
1594 877 1735 930 Neque
1762 878 1875 920 enim
1907 877 1957 919 de
1982 878 2123 930 spinis
2152 878 2355 931 colliyzmt

1323 948 1447 998 ficus,
1465 959 1594 1001 neque
1610 948 1660 990 cle
1676 948 1778 991 rubo
1794 948 2066 991 vindemiant
2083 960 2225 992 uvam.
2242 949 2354 990 Duos

1324 1020 1443 1072 ponit
1473 1020 1632 1060 fructus
1664 1021 1878 1074 praecipue
1909 1021 2161 1073 laudabileS,
2199 1022 2356 1063 scilicet

1324 1092 1429 1131 ficus
1450 1094 1491 1132 et
1517 1104 1639 1132 uvas.
1664 1090 1780 1133 Unde
1809 1092 1909 1132 alibi
1940 1092 2270 1134 introducuntur
2299 1095 2353 1144 (a)

1324 1162 1429 1202 ficus
1446 1165 1486 1202 et
1501 1162 1598 1202 vitis
1615 1163 1662 1214 (b)
1683 1175 1757 1216 per
1774 1163 2110 1216 prosopopoeiam
2120 1163 2353 1216 loquenteS.
2411 1183 2513 1208 proso-

1326 1232 1450 1273 Ficus
1466 1233 1523 1273 sic
1539 1234 1564 1255 11
1584 1246 1624 1273 τα
1634 1233 1848 1287 Numquid
1863 1246 2036 1287 possum
2048 1234 2240 1275 deserere
2260 1235 2353 1275 dul·
2375 1222 2500 1258 p⁰poei³'

1326 1303 1516 1344 cedinem
1543 1316 1703 1354 meam,
1727 1305 1976 1358 fructusque
2006 1305 2312 1347 suavissimos?
2332 1321 2351 1344 ›)

1327 1373 1377 1415 Et
1399 1376 1495 1416 vitis
1515 1376 1573 1416 sic
1596 1377 1625 1402 ¹²
1656 1391 1665 1417 :
1693 1392 1711 1415 (ι
1732 1376 1949 1430 Numquid
1969 1389 2142 1429 possum
2167 1378 2358 1419 deserere

1327 1445 1477 1486 vinum
1510 1458 1678 1497 meum,
1702 1447 1815 1499 quod
1847 1447 2031 1487 laetificat
2057 1447 2189 1488 Deum
2210 1451 2251 1489 et
2278 1448 2359 1490 ho-

1329 1517 1500 1558 mines?
1521 1532 1539 1555 »
1565 1517 1655 1559 Duo
1676 1518 1802 1559 etiam
1823 1518 1995 1559 arbusta
2015 1518 2134 1572 ponit
2153 1519 2334 1573 pessima
2348 1551 2359 1570 ‚

1329 1588 1483 1629 scilicet
1502 1589 1661 1630 rubum
1691 1592 1731 1629 et
1751 1589 1915 1642 spinam
1929 1621 1942 1641 ,
1964 1602 2062 1643 quae
2090 1591 2233 1643 gignit
2251 1593 2363 1632 terra

1330 1662 1507 1712 propter
1526 1662 1697 1712 peccata
1716 1660 1919 1711 humana,
1938 1661 2171 1702 secundum
2185 1661 2288 1703 illud
2302 1663 2331 1687 ¹³
2348 1674 2359 1703 ε

1338 1745 1356 1768 (ι
1374 1729 1589 1771 Maledicta
1608 1732 1722 1772 terra
1745 1731 1790 1771 in
1809 1744 1936 1784 opere
1955 1735 2029 1773 tuo
2054 1746 2063 1773 ε
2085 1732 2129 1773 in
2146 1733 2363 1775 laboribus

1332 1801 1524 1842 comedes
1558 1814 1611 1842 ex
1648 1815 1696 1844 ea
1731 1802 1893 1843 cunctis
1929 1803 2077 1845 diebus
2110 1804 2210 1845 vitae
2241 1807 2362 1846 tuae:

1333 1873 1474 1926 spinas
1499 1876 1538 1914 et
1561 1874 1738 1915 tribulos
1759 1875 2017 1927 germinabit
2036 1876 2125 1916 tibi.
2147 1890 2166 1914 n
2189 1876 2270 1918 Sed
2286 1877 2366 1930 spi-

1288 1998 1292 2002 ·
1334 1943 1541 1984 ritualiter
1563 1956 1638 1997 per
1656 1945 1787 1986 ficum
1808 1945 1975 1986 dulcem
2001 1946 2257 1999 intelligitur
2276 1947 2365 1988 dul-

1334 2015 1434 2055 cedo
1468 2015 1665 2068 pietatis;
1707 2028 1782 2069 per
1815 2017 1956 2069 spinas
1987 2017 2185 2058 homines
2215 2017 2367 2059 intelli-

1337 2088 1502 2138 guntur
1539 2086 1729 2127 iracundi
1772 2089 1813 2128 et
1855 2087 2137 2139 schismatici,
2175 2089 2249 2142 qui
2281 2100 2368 2130 non

1335 2159 1511 2210 possunt
1545 2157 1637 2198 aliis
1679 2158 1875 2211 compati.
1909 2159 1937 2180 ¹¹⁸
1976 2174 1996 2198 «
2020 2159 2370 2201 Praevaricatores

1337 2229 1461 2282 quasi
1489 2229 1623 2282 spinae
1653 2230 1887 2271 evellentur
1907 2230 2119 2283 universi,
2156 2244 2251 2284 quae
2281 2244 2370 2273 non

1337 2300 1547 2341 tolluntur
1580 2301 1792 2342 manibus.
1816 2301 1867 2342 Et
1899 2301 1933 2342 si
1967 2302 2062 2354 quis
2095 2304 2273 2355 tangere
2292 2317 2369 2346 vo-

1338 2370 1466 2410 luerit
1496 2383 1589 2421 eas,
1625 2372 1860 2412 armabitur
1895 2372 2030 2424 ferro,
2055 2376 2095 2414 et
2126 2373 2247 2425 ligno
2278 2374 2369 2415 lan-

1340 2444 1470 2482 ceato.
1504 2455 1523 2478 ))
1563 2440 1643 2482 Per
1681 2455 1812 2483 uvam
1858 2443 2112 2495 intelligitur
2148 2446 2386 2497 perspicua

1341 2512 1525 2564 cognitio
1557 2513 1772 2563 veritatis;
1812 2516 1853 2554 et
1884 2526 1959 2567 per
1987 2515 2145 2555 rubum
2177 2516 2372 2558 homines

1341 2583 1553 2635 haeretici,
1576 2596 1601 2624 a
1624 2584 1779 2637 quibus
1811 2584 2052 2627 detinentur
2083 2588 2275 2641 superbi,
2304 2600 2370 2629 se-

1342 2654 1531 2695 cundum
1552 2653 1656 2695 illud
1676 2654 1703 2677 ¹⁵
1723 2669 1731 2695 :
1759 2670 1778 2693 «
1798 2655 1975 2697 Levavit
1990 2657 2208 2699 Abraham
2228 2659 2372 2700 oculos

1344 2737 1473 2776 suos,
1507 2726 1697 2779 viditque
1734 2729 1828 2779 post
1862 2729 2036 2780 tergum
2067 2730 2242 2772 arietem
2281 2733 2374 2784 post

1343 2808 1493 2850 vepres
1522 2796 1758 2838 haerentem
1790 2795 2003 2841 cornibus.
2041 2814 2060 2838 n
2083 2799 2165 2842 Ista
2188 2801 2271 2843 duo
2290 2802 2372 2843 ho-

1345 2866 1513 2908 miuum
1553 2879 1712 2919 genera
1748 2867 1951 2921 dissipant
1991 2870 2163 2912 vineam
2206 2872 2373 2914 Donzini

1346 2939 1612 2980 exercituum
1630 2971 1640 2990 ‚
1672 2938 1828 2980 scilicet
1855 2940 2110 2983 schismatici
2139 2946 2179 2984 et
2205 2944 2376 2986 haereti-

1347 3010 1385 3051 ci
1401 3010 1428 3032 ¹⁶
1453 3023 1462 3052 :
1490 3011 1666 3063 «Super
1686 3009 1870 3052 humum
1900 3013 2045 3065 populi
2067 3015 2151 3055 mei
2179 3016 2312 3069 spinae
2338 3019 2379 3058 et

1348 3093 1498 3135 vepres
1517 3081 1756 3122 ascendent.
1778 3082 1836 3120 »Π
1864 3097 1883 3122 <1
1900 3082 2148 3137 Expectavit
2164 3088 2211 3127 ut
2226 3087 2379 3128 faceret

1348 3163 1477 3204 uvas,
1500 3154 1541 3192 et
1559 3151 1656 3193 fecit
1675 3151 1903 3195 labruscas,
1929 3168 1949 3193 n
1972 3154 2024 3196 Et
2053 3159 2147 3209 post
2169 3159 2197 3182 ¹⁸
2221 3170 2229 3196 :
2260 3172 2279 3196 α
2304 3157 2380 3198 As-

1351 3223 1527 3265 cendent
1547 3235 1675 3276 super
1693 3235 1787 3264 eam
1807 3236 1956 3278 vepres
1976 3229 2016 3267 et
2036 3227 2183 3280 spinae.
2205 3242 2224 3266 n

1405 3293 1597 3336 Secundo
1616 3295 1762 3335 autem
1781 3293 1945 3336 elicitur
1965 3308 2163 3350 expressa
2182 3298 2379 3351 eruditio,

1353 3415 1446 3449 xxu,
1478 3409 1528 3440 13.
1550 3425 1587 3431 -
1616 3407 1641 3430 1⁶
1669 3408 1746 3445 Isa„
1769 3415 1887 3449 xxxu,
1914 3410 1962 3441 13.
1983 3426 2022 3433 —
2048 3410 2075 3432 1⁷
2104 3409 2203 3451 lbid.‚
2232 3419 2265 3453 v,
2291 3415 2322 3445 4.
2342 3425 2381 3437 -·

1356 3456 1380 3478 ¹⁸
1400 3455 1498 3495 thid„
1520 3457 1551 3487 6.

1398 3522 1439 3563 (α)
1459 3521 1540 3554 Caet.
1560 3520 1644 3552 edit.
1663 3518 1942 3554 introducitur.—
1964 3521 2004 3562 (b)
2027 3522 2118 3556 Edit.
2145 3524 2219 3558 Ven.
2240 3526 2342 3558 vitiis.

2149 3587 2201 3624 25
