2634 3853
261 216 338 255 458

258 304 401 344 mento
435 311 565 342 sacrae
598 299 842 352 Scripturas,
864 295 1181 348 multiplicanda
1211 306 1286 348 per

258 373 490 414 orationem
510 384 594 425 qua
612 371 657 411 in
677 370 829 410 coelum
850 366 1087 419 respicitur,
1105 368 1145 406 et
1162 365 1287 407 devo-

257 445 369 485 tione
400 456 484 497 qua
520 442 793 490 benedicitur,
826 442 866 479 et
900 437 1171 478 meditatione
1202 449 1287 489 qua

258 516 483 567 frangitur,
505 517 545 554 et
576 510 873 565 praedicatione
901 520 984 561 qua
1015 507 1287 548 distribuitur

257 590 296 628 et
316 586 562 639 explicatur.
585 581 773 623 Doctrina
792 579 907 620 enim
924 578 1128 619 catholica
1149 578 1287 630 primo

257 657 462 698 sumenda
487 657 547 695 cst
573 653 624 693 de
653 663 770 691 sacra
793 650 1009 703 Scriptura
1040 661 1114 701 per
1142 648 1284 689 lectio-

256 741 369 778 nem,
393 729 514 779 cujus
541 725 671 767 verba
702 725 800 764 sunt
832 733 963 775 panes
993 721 1004 741 ¹
1030 735 1039 762 ι
1075 736 1094 759 1(
1122 719 1213 761 Non
1241 720 1287 760 in

255 800 344 840 solo
375 809 482 851 pane
515 796 620 838 vivit
647 796 795 844 homo,
827 793 899 834 sed
929 793 974 832 in
1008 791 1125 832 omni
1157 791 1287 832 verbo

255 870 367 923 quod
388 868 572 922 procedit
591 867 641 907 de
661 878 733 907 ore
759 865 848 906 Dei.
874 879 894 902 ›>
920 863 1001 904 Sed
1030 862 1199 903 lectioni
1219 861 1288 902 de-

256 939 324 978 bet
359 937 542 990 adjungi
579 936 713 977 oratio
740 940 754 960 ²
786 947 795 975 :
823 950 842 973 «
868 933 1012 984 Petite,
1047 934 1087 973 et
1118 931 1288 972 dabitur

254 1009 374 1051 vobis
406 1022 415 1050 :
447 1008 638 1061 quaerite,
673 1009 714 1047 et
742 1004 966 1047 invenietis
999 1016 1009 1044 :
1043 1002 1220 1055 pulsate,
1248 1003 1289 1042 et

255 1080 466 1132 aperietur
494 1079 631 1120 vobis.
653 1092 671 1115 ›)
710 1076 950 1127 Quaerimus
986 1073 1184 1126 legendo,
1220 1084 1289 1125 pe—

257 1151 388 1191 timus
422 1150 607 1200 orando,
642 1148 863 1201 pulsamus
900 1156 1031 1185 manu
1058 1143 1285 1197 operando.

255 1221 441 1263 Orationi
473 1220 595 1261 debet
633 1218 814 1271 adiungi
850 1216 1017 1257 devotio
1053 1217 1094 1255 et
1135 1213 1288 1266 gratia-

252 1304 351 1333 rum
383 1292 504 1332 actio.
539 1290 656 1331 Unde
676 1290 690 1311 ³
715 1303 723 1330 ε
753 1304 771 1327 (1
801 1286 988 1329 Orationi
1017 1286 1184 1335 instate,
1217 1284 1286 1326 vi-

253 1363 435 1415 gilantes
463 1362 508 1402 in
539 1373 589 1402 ea
618 1361 663 1401 in
698 1361 750 1413 (a)
784 1359 1022 1411 gratiarum
1050 1356 1227 1397 actione.
1261 1370 1280 1394 1)

252 1434 369 1475 Unde
399 1434 501 1474 item
523 1432 536 1454 ¹
560 1445 569 1473 :
605 1446 624 1470 <‹
649 1430 868 1483 Aspiciens
896 1429 942 1469 in
970 1428 1127 1469 coelum
1158 1427 1287 1467 bene-

252 1505 358 1545 dixit
381 1507 422 1545 01
443 1503 585 1555 fregit,
608 1504 648 1543 et
667 1501 780 1543 dedit
801 1500 1016 1553 discipulis
1032 1510 1176 1552 panes,
1199 1498 1287 1539 dis-

253 1576 379 1630 cipuli
399 1578 540 1616 autem
559 1572 710 1614 turbis.
727 1585 746 1608 ›)
763 1570 980 1612 Devotioni
990 1572 1006 1622 j
1016 1570 1216 1622 ungenda
1227 1572 1288 1610 est

253 1646 483 1697 meditatio,
514 1647 555 1685 et
581 1643 771 1685 veritatis
802 1642 1039 1695 explicatio,
1074 1653 1170 1694 quae
1200 1653 1287 1681 non

252 1721 314 1759 est
344 1717 460 1758 aliud
492 1727 622 1769 quam
658 1714 804 1755 fractio
835 1713 956 1766 panis
985 1713 997 1735 ⁵
1029 1726 1038 1754 t
1076 1727 1095 1751 (1
1119 1712 1287 1763 Frange

251 1788 453 1829 esurienti
477 1797 632 1840 panem
652 1786 791 1834 tuum,
809 1786 851 1824 et
875 1793 1034 1835 egenos
1067 1794 1287 1835 vagosque

250 1859 378 1899 induc
405 1858 449 1897 in
490 1857 665 1897 domum
694 1858 828 1895 tuam.
863 1868 882 1891 »
922 1853 973 1894 Et
1000 1856 1103 1894 tunc
1141 1853 1287 1894 distri-

250 1930 416 1979 buitur,
445 1927 614 1981 quando
647 1937 722 1979 pro
755 1925 982 1978 capacitate
1013 1924 1283 1965 audientium

251 2000 514 2042 ministratur
533 1999 546 2021 ⁶
570 2011 580 2040 :
616 2013 635 2037 <‹
656 1996 900 2038 Distribuite
932 1996 1080 2036 domos
1109 1996 1216 2047 eJuS,
1238 1997 1286 2036 ut

251 2071 454 2114 enarretis
474 2071 518 2111 in
533 2069 738 2123 progenie
756 2068 901 2108 altera.
921 2082 940 2105 n
968 2067 1019 2108 Et
1039 2079 1093 2107 ex
1110 2067 1190 2107 hoc
1206 2078 1283 2106 au-

250 2144 409 2185 dientes
431 2142 691 2190 saturantur,
714 2138 949 2179 secundum
967 2137 1073 2177 illud
1093 2137 1106 2159 '¹
1137 2151 1146 2178 ε
1177 2151 1196 2175 (1
1219 2136 1283 2177 Ci-

251 2215 367 2256 babit
386 2213 509 2254 illum
530 2223 638 2265 pane
657 2211 755 2252 vitae
775 2212 816 2250 et
835 2209 1086 2259 intellectus,
1108 2210 1148 2248 et
1175 2219 1287 2260 aqua

251 2285 466 2339 sapientiae
495 2282 688 2324 salutaris
720 2281 878 2335 potabit
908 2281 1044 2321 illum.
1079 2294 1098 2317 ›)
1136 2279 1187 2320 Et
1227 2280 1286 2320 sic

251 2359 363 2410 patet
389 2355 501 2409 quod
534 2354 737 2395 Dominus
763 2352 1057 2405 praedicatores
1086 2351 1287 2392 informat

251 2439 337 2468 non
357 2426 495 2467 solum
515 2425 710 2477 exemplo
729 2424 901 2477 proprio
921 2426 962 2464 et
981 2422 1195 2473 familiari,
1214 2423 1286 2465 sed

251 2501 291 2540 et
323 2496 502 2551 mystico
531 2498 572 2537 et
597 2495 788 2548 figurali.
812 2494 911 2536 Plus
939 2494 1055 2535 enim
1081 2493 1178 2535 fecit
1211 2494 1287 2535 Do—

252 2570 396 2610 minus
416 2568 497 2609 hoc
514 2567 718 2608 miraculo
734 2566 787 2607 ad
810 2565 1155 2606 informationem
1173 2576 1287 2606 men-

251 2641 378 2691 tium,
399 2651 530 2693 quam
550 2638 600 2679 ad
621 2638 890 2679 refectionem
910 2648 1156 2689 corporum3
1179 2648 1286 2689 quo-

252 2712 382 2763 niam,
418 2711 526 2752 sicut
556 2709 709 2750 dicitur
737 2712 750 2734 ⁸
787 2722 796 2749 :
834 2723 853 2747 <‹
886 2708 1025 2749 Parcis
1060 2708 1282 2758 omnibus3

254 2783 459 2837 quoniam
497 2784 573 2822 tua
612 2782 731 2831 sunt,
774 2779 970 2830 Domine,
1010 2779 1084 2832 qui
1122 2779 1287 2820 animas

254 2855 433 2896 animas.
455 2868 474 2891 »

308 2929 373 2967 18.
395 2926 457 2968 Et
490 2925 649 2976 factum
678 2926 752 2973 est,
780 2933 874 2963 cum
908 2922 1039 2972 solus,
1062 2924 1139 2963 etc.
1168 2922 1286 2963 Post-

255 3010 386 3051 quam
406 2994 679 3047 Evangelista
698 2993 903 3047 expressit
930 2993 1114 3034 formam
1133 2994 1289 3046 praedi-

254 3068 390 3117 candi,
424 3067 469 3107 in
507 3068 625 3119 parte
663 3065 742 3105 ista
776 3064 978 3117 exprimit
1015 3064 1129 3106 viam
1158 3065 1288 3117 profi-

255 3138 405 3180 ciendi.
427 3137 491 3178 Ad
511 3137 744 3190 profectum
765 3138 909 3176 autem
937 3136 1016 3176 ista
1035 3136 1118 3176 duo
1147 3135 1288 3176 consi-

255 3210 441 3252 deranda
474 3210 752 3258 concurrunt,
782 3207 936 3248 scilicet
957 3207 1160 3260 asperitas
1188 3207 1284 3258 viae,

257 3282 302 3322 in
337 3293 421 3334 qua
449 3279 635 3321 consistit
666 3279 888 3329 meritum3
923 3281 961 3320 et
993 3279 1182 3321 suavitas
1213 3291 1287 3330 pa-

300 3415 310 3436 ¹
333 3412 470 3446 Mami..
490 3419 537 3452 iv,
555 3413 584 3443 4.
604 3429 645 3436 —
666 3410 790 3450 ²1bid.,
811 3419 872 3452 vn,
893 3413 923 3443 7.
944 3431 980 3435 —
1002 3413 1016 3434 ³
1032 3413 1171 3453 Coloss„
1192 3423 1239 3455 lv,
1257 3417 1290 3448 2.

257 3478 298 3485 —
324 3462 335 3479 ⁴
361 3460 497 3498 Mami„
525 3467 594 3499 xw,
625 3460 674 3491 19.
701 3476 742 3483 —
767 3459 780 3481 ὃ
801 3461 880 3498 lsa.,
909 3468 1012 3501 Lv111,
1035 3462 1066 3491 7.
1093 3478 1132 3484 —
1159 3462 1170 3479 ⁴³
1198 3464 1289 3494 Psal.

261 3515 375 3549 xnvu,
402 3509 451 3540 14.
478 3524 514 3530 —
545 3508 554 3526 ⁷
580 3506 700 3542 Eccli„
727 3514 784 3546 xis,
810 3508 841 3538 3.
869 3523 910 3530 -
936 3508 947 3526 ⁸
971 3508 1066 3549 Sap„
1091 3516 1146 3549 xi,
1171 3511 1223 3541 27.
1251 3527 1286 3532 —-

985 206 1266 248 EVANGELII
1298 206 1467 250 SANCT
1471 208 1486 249 Ι
1516 210 1663 252 LUCAE

1362 298 1471 348 triae,
1498 299 1544 339 in
1575 311 1659 352 qua
1690 298 1880 339 consistit
1911 300 2153 352 praemium.
2178 300 2274 341 Ideo
2299 303 2393 353 post

1362 369 1674 421 expressionem
1699 369 1934 421 asperitatis
1966 371 2064 422 viae,
2095 370 2296 424 exprimit
2325 383 2391 411 se-

1362 439 1501 480 cundo
1528 438 1801 491 Evangelista
1831 439 2085 481 suavitatem
2113 441 2274 493 gloriae,
2299 442 2355 482 ibi
2379 455 2388 481 ε

1362 509 1536 551 Factum
1566 514 1626 552 esc
1648 514 1785 552 (tutem
1803 513 1899 561 post
1927 509 2014 551 liceo
2046 512 2186 560 verba,
2214 515 2293 553 etc.
2317 512 2393 552 Via

1363 582 1505 620 autem
1525 581 1577 620 ad
1605 581 1784 633 patriam
1806 580 2020 633 potissime
2040 580 2084 621 in
2104 581 2267 622 duobus
2299 596 2393 624 con-

1364 650 1486 701 sistit,
1518 651 1672 692 scilicet
1701 651 1742 691 in
1768 651 1949 704 perfecta
1973 652 2215 703 cognitione
2243 652 2395 695 Christi

1363 732 1438 772 per
1466 721 1620 771 fidem,
1653 724 1693 762 et
1723 722 1905 774 perfecta
1936 721 2170 762 imitatione
2198 734 2272 775 per
2303 736 2396 764 cru-

1362 802 1467 831 cem.
1500 791 1595 832 ldeo
1621 792 1759 844 primo
1789 791 2032 832 insinuatur
2063 792 2185 832 nobis
2216 792 2397 845 qualiter

1363 861 1551 902 Christus
1585 875 1661 916 per
1692 863 1820 903 fidem
1857 865 1920 903 est
1957 863 2296 915 cognoscendus3
2331 877 2395 905 se-

1362 933 1498 973 cundo
1531 945 1660 984 vero,
1697 933 1878 986 qualiter
1909 945 1983 985 per
2014 945 2183 974 crucem
2212 938 2275 975 est
2303 935 2397 975 imi-

1361 1003 1527 1054 tandus,
1550 1004 1609 1043 ibi
1641 1004 1696 1056 (v.
1723 1007 1786 1056 23)
1818 1019 1827 1045 :
1854 1004 2030 1047 Dicebat
2057 1009 2198 1048 autem
2226 1005 2285 1047 ad
2313 1016 2397 1048 om-

1362 1085 1436 1116 nes
1457 1086 1470 1114 .·
1495 1074 1540 1115 Sz'
1559 1076 1671 1127 quis,
1694 1077 1771 1115 010.
1795 1075 2009 1124 Quantum
2029 1076 2077 1116 ad
2098 1076 2302 1128 primum,
2324 1089 2394 1117 no-

1361 1147 1539 1187 tandum
1567 1147 1678 1199 quod
1707 1147 1890 1199 perfecta
1919 1146 2067 1187 notitia
2097 1147 2194 1187 fidei
2225 1147 2268 1187 in
2298 1160 2399 1200 qua-

1361 1219 1458 1258 tuor
1496 1217 1704 1268 consistit,
1742 1217 1897 1259 scilicet
1925 1218 1969 1258 in
2002 1217 2307 1271 approbatione
2341 1218 2398 1259 di-

1362 1288 1451 1329 vini
1481 1288 1668 1339 honoris,
1692 1290 1987 1342 reprobatione
2016 1289 2195 1329 humani
2227 1290 2396 1341 erroris,

1362 1360 1620 1402 confessione
1652 1361 1806 1403 Christi
1849 1360 2115 1411 Mediatoris,
2148 1364 2190 1402 et
2215 1362 2400 1402 conside-

1362 1432 1526 1473 ratione
1568 1432 1759 1486 mysterii
1786 1432 2100 1485 redemptionis.
2138 1432 2203 1473 Ad
2245 1433 2400 1485 perfec-

1360 1506 1448 1544 tam
1480 1504 1594 1544 enim
1628 1504 1758 1544 fidem
1787 1503 1999 1544 concurrit
2027 1502 2275 1556 approbatio
2305 1503 2401 1544 reli-

1363 1575 1526 1627 gionis,
1568 1575 1786 1616 detestatio
1821 1574 2160 1627 superstitionis,
2196 1575 2400 1616 confessio

1361 1648 1528 1699 patens,
1551 1649 1592 1687 et
1611 1646 1909 1699 contemplatio
1930 1646 2080 1686 latens.

1415 1717 1559 1758 Primo
1597 1717 1761 1770 igitur,
1793 1719 2001 1770 quantum
2038 1717 2091 1757 ad
2129 1718 2399 1770 approbatio-

1360 1800 1460 1830 nem
1479 1788 1612 1831 divini
1635 1788 1827 1839 honoris,
1848 1788 2002 1829 dicitur
2030 1803 2039 1829 :
2063 1789 2119 1831 Ec
2134 1790 2299 1840 factum
2323 1792 2396 1839 est,

1360 1871 1455 1902 cum
1475 1859 1589 1902 solus
1611 1863 1718 1902 esset
1735 1870 1878 1910 orans,
1899 1861 1947 1900 ut
1966 1859 2050 1900 Deo
2073 1859 2189 1900 Patri
2208 1859 2399 1900 debitum

1361 1931 1524 1972 cultum
1554 1933 1595 1972 et
1623 1931 1907 1972 reverentiam
1935 1929 2169 1980 exhiberet,
2191 1932 2232 1971 et
2258 1934 2397 1971 osten-

1361 2002 1478 2044 deret
1514 2002 1830 2052 exhibendum;
1881 2013 1978 2054 quae
2023 2001 2240 2054 potissime
2281 2001 2400 2042 exhi-

1360 2073 1484 2114 betur
1514 2074 1558 2114 in
1594 2074 1808 2124 oratione,
1829 2074 1958 2126 juxta
1995 2073 2100 2114 illud
2130 2073 2143 2095 9
2182 2085 2191 2111 :
2231 2072 2399 2115 «Venit

1359 2145 1480 2195 hora,
1509 2147 1550 2185 et
1580 2157 1695 2186 nunc
1728 2147 1805 2192 est,
1836 2144 2006 2197 quando
2035 2144 2126 2185 veri
2158 2144 2398 2185 adoratores

1359 2215 1594 2256 adorabunt
1624 2215 1792 2255 Patrem
1830 2215 1874 2254 in
1914 2214 2065 2267 spiritu
2103 2217 2145 2255 et
2181 2215 2393 2256 veritate:

1359 2285 1466 2328 Nam
1513 2289 1554 2327 et
1600 2285 1722 2327 Pater
1763 2285 1867 2326 tales
1913 2285 2082 2338 quaerit.
2125 2300 2144 2323 n
2195 2285 2312 2327 Unde
2352 2287 2395 2326 in

1358 2357 1527 2399 Psalmo
1549 2357 1576 2378 ¹⁰
1601 2370 1610 2397 :
1630 2371 1647 2395 (1
1668 2356 1822 2397 Invoca
1842 2368 1909 2397 me
1930 2357 1975 2396 in
1994 2357 2061 2397 die
2076 2356 2361 2397 tribulationis
2384 2370 2392 2396 :

1359 2439 1507 2468 eruam
1537 2430 1594 2478 te,
1623 2429 1664 2468 et
1702 2427 2000 2468 honorificabis
2034 2439 2116 2468 me.
2138 2442 2157 2465 »
2189 2427 2396 2477 Quoniam

1359 2502 1505 2539 autem
1540 2499 1632 2539 haec
1670 2499 1908 2540 reverentia
1944 2499 2067 2540 debet
2101 2510 2243 2539 carere
2279 2500 2397 2540 omni

1360 2571 1664 2622 ostentatione,
1700 2571 1794 2612 ideo
1833 2571 1984 2612 dicitur
2019 2571 2131 2624 quod
2161 2571 2276 2612 501115
2307 2574 2397 2613 erat

1360 2654 1501 2693 orans,
1525 2642 1761 2683 secundum
1784 2642 1887 2683 illud
1914 2643 1940 2664 ¹¹
1972 2657 1981 2684 z
2008 2642 2108 2684 «Tu
2130 2646 2275 2684 autem
2298 2656 2397 2684 cum

1359 2713 1562 2764 oraveris,
1585 2713 1698 2754 intra
1717 2713 1762 2754 in
1782 2713 2026 2755 cubiculum
2039 2716 2178 2764 tuum,
2192 2727 2211 2751 n
2231 2717 2309 2755 etc.
2328 2713 2398 2755 Ca-

1358 2798 1452 2826 rere
1486 2787 1614 2827 etiam
1645 2787 1767 2827 debet
1793 2787 1910 2827 omni
1939 2787 2270 2840 inquietatione;
2302 2786 2396 2827 ideo

1358 2857 1486 2897 etiam
1504 2857 1619 2898 solus
1638 2858 1799 2909 orabat,
1822 2857 2056 2898 secundum
2078 2856 2184 2897 illud
2203 2860 2231 2882 ¹²
2253 2869 2263 2897 :
2283 2871 2302 2895 α
2325 2856 2396 2897 Se·

1359 2928 1473 2969 debit
1509 2928 1720 2970 solitarius
1755 2930 1796 2969 et
1823 2928 1999 2978 tacebit,
2036 2927 2135 2980 quia
2164 2926 2322 2968 levavit
2351 2939 2395 2967 se

1359 3011 1489 3052 supra
1517 3011 1576 3050 se,
1596 3014 1615 3037 ))
1639 3012 1692 3040 110
1721 2999 1875 3040 50111001
1894 2999 2036 3050 aliquo
2056 2996 2234 3050 strepitu
2261 3000 2396 3038 retra-

1359 3070 1503 3111 hatur.
1537 3070 1589 3111 Et
1625 3070 1719 3112 ideo
1763 3070 1916 3111 dicitur
1948 3069 1976 3091 ¹³
2008 3067 2145 3120 quod,
2185 3068 2396 3109 «dimissa

1359 3143 1500 3192 turba,
1522 3141 1707 3182 ascendit
1728 3141 1772 3182 in
1793 3142 1981 3181 montem
1996 3138 2109 3178 solus
2129 3139 2178 3178 ut
2197 3141 2349 3181 oraret.
2369 3153 2388 3178 »

1362 3211 1443 3254 Sed
1474 3212 1677 3266 quoniam
1708 3212 1837 3264 hujus
1871 3209 2123 3250 reverentiae
2152 3220 2238 3249 non
2275 3212 2395 3252 erant

1362 3283 1555 3336 discipuli
1587 3283 1902 3336 perturbatores
1927 3292 2003 3333 per
2035 3279 2391 3333 inquietudinem,

1361 3397 1375 3418 ⁹
1394 3396 1504 3436 Joarz„
1526 3403 1572 3436 1v,
1593 3397 1646 3427 23.
1668 3412 1709 3418 —
1728 3395 1755 3417 ¹⁰
1775 3393 1864 3426 Psal.
1886 3401 1988 3433 xmx,
2011 3394 2061 3425 15.
2086 3410 2121 3415 —
2143 3393 2167 3414 11
2188 3392 2325 3434 Mami„
2345 3401 2392 3436 vi,

1362 3445 1393 3476 6.
1412 3461 1447 3466 ——
1470 3443 1494 3464 ¹²
1516 3442 1646 3478 Thren„
1667 3450 1719 3483 111,
1740 3443 1792 3473 28.
1813 3457 1853 3464 -
1872 3440 1897 3462 1³
1920 3439 2055 3481 Matth„
2074 3447 2145 3481 XIV,
2166 3440 2218 3472 23.

1406 3510 1447 3550 (a)
1472 3508 1556 3541 Caet.
1577 3507 1661 3540 edit.
1681 3507 1768 3539 deest
1786 3506 1833 3539 in.

2450 521 2504 548 Via
2519 521 2555 548 ad

2414 562 2548 596 patriam.
