2587 3845
18 1887 151 1915 Forsitan

13 1931 81 1955 nota
114 1928 150 1954 li-

13 1970 142 1997 berlatis.

1063 159 1231 201 CAPUT
1261 158 1349 200 XlIl
1360 189 1369 199 .
2224 158 2275 197 93

156 254 262 304 liter,
277 251 317 292 id
337 253 398 292 est
414 250 535 291 oculo
555 250 846 300 intellectuali,
866 261 953 290 non
970 248 1173 300 sensibili,

154 325 314 376 poterat
330 325 494 364 creator
518 331 660 363 eorum
685 321 840 363 videri.
868 320 1138 370 Augustinus
1164 333 1173 358 :

161 408 180 432 <‹
194 392 342 434 Omnia
351 392 533 432 clamant
549 406 558 432 :
573 392 681 432 Deus
693 403 759 432 me
776 390 872 430 fecit
890 404 898 429 2
912 404 931 426 n
939 391 1049 429 totus
1064 388 1177 428 enim

155 462 341 503 mundus
384 463 447 502 est
491 462 611 514 quasi
643 462 750 501 liber
785 460 980 512 quidam,
1015 458 1060 498 in
1095 470 1178 511 quo

157 533 323 574 Creator
341 534 475 584 potest
491 532 688 584 cognosci
708 543 783 584 per
808 532 900 582 eJus
920 531 1150 583 potentiam
1164 562 1176 580 ,

157 602 420 655 sapientiam,
443 602 693 652 bonitatem,
708 601 940 641 relucentes
956 599 1002 639 in
1022 602 1181 640 creatu-

156 674 229 714 ris.
268 673 386 714 Unde
427 674 439 694 ¹
477 687 486 714 :
515 688 534 711 «
562 673 660 714 Haec
688 672 831 713 omnia
869 671 975 711 liber
1006 671 1119 711 vitae.
1154 685 1172 707 »

158 743 370 785 Isidorus²
398 758 406 783 :
438 758 457 782 «
486 743 652 785 Creator
681 755 756 796 per
787 745 1023 783 creaturam
1059 754 1180 782 suam

156 813 389 866 laudatur3
420 817 462 855 et
495 816 655 867 quanto
700 814 753 854 sit
787 813 1057 854 excellentior
1080 844 1090 863 ,
1127 825 1181 854 ex

158 884 295 937 operis
317 885 384 925 sui
403 885 637 925 conditione
662 886 936 925 monstratur.
954 898 973 922 »

210 957 249 995 6.
276 954 357 996 secl
378 958 516 997 tamen
532 987 542 1006 ,
570 957 647 996 etc.
667 970 676 995 :
699 955 769 995 hic
803 955 983 996 ostendit
1015 954 1182 1008 culpam

159 1025 384 1081 colentium
404 1029 617 1067 creaturas
631 1027 675 1066 in
688 1026 1001 1079 comparatione
1017 1027 1068 1067 ad
1082 1026 1184 1067 alios

163 1096 413 1137 idololatras.
436 1097 487 1138 Et
506 1098 644 1150 primo
663 1098 842 1138 ostendit
868 1100 1062 1150 respectu
1091 1097 1182 1137 illo-

161 1178 260 1208 rum
279 1167 421 1220 aliquo
440 1168 565 1209 modo
596 1168 879 1218 excusabiles;
903 1168 1086 1209 secundo
1112 1180 1184 1209 os—

163 1237 293 1277 tendit
311 1238 422 1290 quod
443 1241 584 1279 tamen
618 1241 715 1278 sunt
741 1238 984 1291 simpliciter
1015 1238 1186 1279 inexcu-

164 1308 314 1348 sabiles
336 1322 345 1348 ;
368 1309 528 1350 lterum
550 1312 689 1354 autem
708 1340 716 1358 ,
737 1312 814 1349 etc.

219 1376 300 1418 Sed
319 1381 480 1428 tamen,
508 1381 610 1428 etc.;
643 1379 760 1431 quasi
795 1378 904 1418 dicat
927 1393 935 1418 :
959 1378 1024 1419 Sic
1045 1380 1188 1417 errant

164 1447 225 1487 illi
242 1462 252 1497 ;
273 1447 348 1489 sed
371 1451 510 1490 lamen
531 1448 670 1489 adhuc
692 1450 741 1490 in
763 1449 820 1489 iis
836 1480 846 1498 ,
869 1447 1021 1488 scilicet
1046 1459 1188 1487 erran—

163 1519 298 1568 tibuS‚
320 1519 461 1562 minor
481 1524 541 1561 esi
571 1518 762 1571 querela,
786 1519 826 1558 id
851 1521 934 1569 est,
957 1519 1063 1558 ratio
1082 1531 1188 1571 que-

165 1589 280 1640 relae,
292 1602 420 1642 quam
442 1590 485 1630 in
504 1590 777 1630 adorantibus
794 1589 1059 1642 sculptibilia,
1073 1589 1186 1641 quia,

167 1661 273 1702 sicut
301 1662 454 1703 dicitur
470 1663 640 1704 Baruch
657 1663 670 1684 ³
695 1677 703 1703 :
732 1678 750 1700 (ι
772 1661 863 1703 Non
890 1662 1120 1711 lucebunt,
1145 1664 1190 1701 ut

166 1733 228 1773 sol
252 1748 260 1773 ε
286 1746 424 1787 neque
441 1734 763 1784 illuminabunt,
784 1736 832 1773 ut
851 1733 973 1783 luna,
996 1747 1013 1769 »
1037 1732 1192 1772 scilicet

168 1804 257 1857 ipsa
289 1805 558 1858 sculptibilia.
593 1805 645 1847 Ei
677 1804 723 1845 hi
753 1804 888 1853 enim,
920 1802 1094 1852 scilicet,
1117 1801 1191 1854 qui

171 1874 314 1915 colunt
341 1878 552 1916 creaturas
567 1907 579 1926 ,
600 1875 785 1927 forsitan
808 1877 953 1916 errant
977 1889 984 1913 :
1010 1873 1192 1923 forsitan

170 1948 231 1986 est
248 1945 316 1986 hic
336 1949 434 1987 nola
452 1946 655 1987 libertatis
674 1946 834 1986 arbitrii
851 1977 861 1995 ,
884 1957 970 1985 non
994 1947 1092 1984 nota
1112 1944 1189 1984 du-

170 2016 396 2058 bitationis
421 2018 550 2059 Deum
571 2020 816 2069 quaerentes,
838 2016 992 2055 scilicet
1011 2014 1193 2067 quadam

171 2088 427 2138 curiositate,
450 2088 679 2128 secundum
699 2087 802 2128 illud
823 2085 1027 2128 Actziumt
1051 2099 1059 2124 z
1085 2101 1103 2123 (ι
1118 2084 1192 2124 Fe-

171 2158 227 2198 cit
245 2170 297 2198 ex
315 2171 401 2199 uno
417 2171 542 2200 omne
562 2172 700 2211 genus
719 2158 942 2199 hominum
956 2157 1195 2198 inhabitare

171 2240 298 2281 super
330 2229 572 2270 universam
605 2229 870 2282 superficiem
902 2230 1027 2269 terrae
1046 2260 1058 2278 ,
1097 2230 1192 2278 etc„

173 2310 364 2351 quaerere
383 2299 517 2340 Deum
531 2332 541 2351 ,
563 2301 597 2340 si
617 2301 721 2341 forte
742 2301 963 2340 attrectent
983 2310 1098 2348 eum,
1122 2301 1195 2338 aut

174 2368 403 2410 inveniant.
433 2385 453 2408 »
485 2372 543 2412 Et
563 2370 745 2413 volentes
783 2371 1001 2419 invenire,
1043 2369 1197 2408 scilicet

174 2438 404 2480 intentione
424 2440 596 2480 affectus
615 2448 628 2468 ὅ
650 2455 657 2479 ;
689 2455 708 2478 α
729 2439 934 2491 Surgam,
954 2442 994 2479 et
1013 2438 1197 2478 circuibo

177 2508 409 2560 civitatem,
430 2524 449 2547 >³
475 2510 516 2550 id
537 2513 598 2550 est
616 2542 626 2561 ,
663 2512 955 2550 creaturarum
987 2508 1195 2549 universi-

178 2580 320 2620 tatem.
343 2579 586 2622 Secundum
607 2581 720 2621 enim
742 2580 934 2621 Boetium
954 2580 966 2600 ⁶
980 2579 1029 2621 de
1052 2578 1200 2620 Conso-

179 2649 335 2693 latione
355 2683 367 2702 ,
411 2667 430 2689 «
464 2653 677 2693 mentibus
714 2652 937 2692 hominum
974 2650 1100 2689 insita
1139 2651 1200 2688 est

178 2721 267 2762 veri
287 2722 470 2774 bonique
490 2723 706 2775 cupiditas.
729 2737 748 2760 »
770 2722 849 2763 Sed
870 2721 1079 2774 objicitur,
1099 2719 1201 2772 quia

179 2791 301 2832 Lucoe
323 2791 336 2812 ⁷
355 2792 508 2833 dicitur
531 2807 540 2832 :
573 2793 771 2843 «Omnis,
793 2792 867 2844 qui
886 2791 1060 2844 quaerit,
1083 2790 1201 2830 inve-

179 2861 242 2901 nit
273 2876 281 2901 :
315 2876 335 2900 »
359 2875 464 2915 ergo
489 2864 592 2916 justi
621 2864 845 2904 inveniunt
871 2875 1022 2903 verum
1051 2861 1198 2901 Deum.

181 2930 431 2985 Dicendum,
453 2934 566 2989 quod
585 2934 690 2975 illud
721 2933 973 2985 intelligitur
1003 2932 1052 2972 de
1082 2942 1202 2984 quae-

180 3003 371 3044 rentibus
391 3005 480 3057 pie,
503 3017 589 3046 non
608 3005 784 3046 curiose.

235 3076 272 3113 7.
295 3074 462 3117 Etenim
481 3087 576 3118 cum
596 3078 644 3118 in
672 3076 862 3129 operibus
883 3074 1003 3117 illius
1033 3083 1203 3115 conver-

183 3146 348 3195 sentur,
367 3145 522 3187 scilicet
541 3147 591 3188 de
607 3147 688 3187 illis
705 3146 975 3200 disputando,
995 3147 1204 3197 quantum

185 3212 236 3253 ad
266 3213 551 3268 intellectum,
581 3218 815 3259 secundum
843 3216 946 3257 illud
966 3219 979 3241 ⁸
1003 3230 1012 3256 z
1042 3230 1061 3254 α
1087 3214 1206 3255 Mun-

233 3292 244 3313 1
259 3294 375 3334 Eccli.,
394 3305 488 3340 xx1v,
507 3301 557 3331 32.
579 3317 618 3323 —
640 3300 654 3321 2
673 3300 766 3341 lsid.‚
785 3301 890 3341 Sent„
910 3299 967 3332 lib.
996 3300 1022 3339 l,
1049 3307 1078 3329 c.
1100 3305 1144 3329 iv.
1166 3315 1206 3321 -

189 3339 200 3357 ³
215 3339 347 3383 Barac„
368 3350 414 3384 vi,
435 3346 486 3377 66.
503 3364 543 3369 -
562 3347 576 3369 ¹·
592 3347 682 3388 Act„
702 3355 788 3387 xvii,
809 3349 859 3381 26.
875 3365 916 3371 —
936 3348 949 3369 ⁵
966 3346 1078 3384 Cant„
1099 3353 1150 3385 ¹11,
1174 3347 1204 3377 2.

188 3402 229 3410 -
249 3387 358 3420 6Boet
373 3414 384 3430 ‚
401 3390 439 3422 de
458 3392 601 3435 Consol„
624 3394 682 3427 lib.
704 3396 762 3436 lll,
780 3397 879 3427 metr.
900 3396 932 3426 9.
952 3410 992 3417 —
1013 3393 1023 3415 ⁷
1045 3393 1136 3430 Luc„
1156 3399 1206 3432 Χῖ,

190 3434 241 3464 10.
262 3451 301 3457 ——
323 3435 337 3456 ⁸
354 3437 475 3477 Eccle.,
497 3448 548 3481 111,
570 3444 618 3474 11.
639 3460 680 3466 —
698 3443 709 3460 ⁹
730 3443 864 3481 matth„
886 3449 916 3480 V,
937 3444 987 3473 45.
1007 3458 1048 3464 -
1070 3441 1092 3458 ¹⁰
1111 3438 1205 3476 Gen„

1248 248 1350 289 dum
1368 246 1541 288 tradidit
1561 244 1835 298 disputationi
1864 254 2036 291 eorum;
2058 256 2077 280 >³
2103 243 2143 283 et
2159 245 2276 284 uten-

1250 318 1329 368 do,
1359 317 1514 358 scilicet
1546 318 1755 369 quantum
1783 315 1835 355 ad
1862 314 2060 354 affectum
2087 314 2128 353 et
2157 312 2277 353 effec-

1250 390 1365 438 tum,
1387 388 1539 440 quia⁹z
1568 403 1586 425 a
1607 387 1747 427 Solem
1769 397 1895 426 suum
1914 383 2012 424 facit
2030 382 2131 423 oriri
2153 393 2278 434 super

1250 461 1385 501 bonos
1405 463 1444 500 et
1464 460 1610 500 malos.
1639 473 1657 496 >³
1685 459 1918 510 Inquirunl
1936 487 1945 505 ‚
1980 455 2136 496 scilicet
2154 453 2280 494 ratio-

1252 531 1451 580 cinand03
1474 536 1510 572 ei
1523 540 1773 582 persuasum
1798 527 1953 569 habent
1972 558 1981 577 ,
2003 525 2160 566 scilicet
2189 535 2281 563 sen-

1251 602 1393 642 tiendo
1407 614 1416 652 ;
1433 602 1634 654 quoniam
1650 601 1755 642 bona
1769 602 1883 648 sunt,
1898 607 1992 650 quae
2007 595 2207 638 videniur
2224 593 2252 615 ¹⁰
2269 605 2278 633 :

1258 671 1410 713 «Vidit
1440 672 1550 712 Deus
1583 674 1732 711 cuncta
1762 681 1858 722 quae
1888 669 2064 717 fecerat,
2096 668 2136 706 et
2162 666 2284 705 erant

1253 743 1375 785 valde
1394 744 1521 784 bona.
1543 757 1562 780 »
1590 742 1636 781 In
1655 742 1736 782 hoc
1756 743 1855 781 sunt
1877 739 1945 779 isti
1965 737 2175 786 meliores,
2196 735 2283 776 sive

1254 814 1396 854 minus
1416 813 1541 864 mali,
1565 812 1668 865 ipsis
1687 809 1955 859 Manichaeis,
1978 807 2050 861 qui
2069 807 2162 847 haec
2190 805 2285 846 visi-

1254 884 1356 925 bilia
1374 883 1520 924 dicunt
1538 894 1628 923 esse
1647 881 1773 922 mala.

1310 958 1351 994 8.
1387 955 1540 997 Iterum
1574 957 1712 995 autem
1740 962 1814 993 nec
1846 951 1905 992 iis
1936 949 2053 991 debet
2084 948 2250 1001 ignosci
2270 958 2284 987 .·

1256 1026 1437 1078 simplex
1465 1025 1579 1066 enim
1604 1022 1848 1075 ignorantia
1875 1022 2063 1062 meretur
2082 1018 2253 1060 veniam
2268 1030 2278 1065 ;

1256 1097 1370 1137 unde
1390 1097 1415 1118 ¹¹
1439 1108 1449 1136 z
1479 1110 1498 1134 «
1525 1093 1852 1135 Misericordiam
1882 1092 2131 1132 consecutus
2159 1099 2282 1138 sum,

1258 1167 1358 1219 quia
1376 1167 1583 1218 ignorans
1603 1165 1679 1205 feci
1703 1178 1711 1204 :
1735 1178 1754 1200 n
1781 1163 1848 1202 sed
1871 1160 2112 1213 ignorantia
2146 1169 2285 1199 crassa
2305 1180 2444 1213 Ignoran-

1259 1237 1298 1275 et
1318 1234 1491 1287 supina,
1513 1242 1613 1273 non.
1637 1231 1753 1272 Unde
1776 1231 1804 1255 ¹2
1828 1244 1835 1270 ς
1866 1244 1884 1267 «
1912 1228 1955 1269 Si
1975 1228 2070 1280 quis
2087 1227 2284 1278 ignorat,
2323 1220 2369 1294 ¹1st
2373 1219 2430 1287 ἔξω

1258 1304 1542 1355 ignorabitur.
1570 1318 1588 1339 ))

1312 1377 1352 1414 9.
1379 1374 1424 1415 Si
1445 1375 1556 1415 enim
1573 1372 1978 1423 tantumpoiucrunl
1994 1369 2114 1418 scire,
2135 1370 2183 1409 ut
2197 1376 2289 1418 pos-

1260 1448 1354 1487 sent
1368 1445 1582 1486 aestimare
1597 1442 1814 1490 soeculwn,
1830 1439 1872 1480 id
1883 1441 1946 1479 est
1960 1440 2132 1478 naturas
2144 1448 2240 1476 reru
2249 1448 2287 1476 m

1262 1514 1530 1555 saecularium
1568 1523 1823 1564 cognoscere
1866 1524 1875 1550 t
1926 1507 2131 1562 quomodo
2162 1506 2289 1558 hujus

1263 1587 1503 1634 Dominum,
1529 1584 1683 1625 scilicet
1717 1582 1874 1631 saeculi,
1910 1580 2086 1631 facilius
2106 1589 2192 1621 non
2220 1579 2289 1620 in·

1264 1657 1498 1699 venerunt?
1518 1655 1637 1708 quasi
1667 1654 1778 1694 dicat
1810 1667 1817 1692 :
1849 1651 2029 1692 Facilius
2061 1649 2293 1702 potuissent

1266 1728 1400 1769 Deum
1420 1737 1689 1778 cognoscere.
1714 1724 1792 1764 Sed
1825 1725 1969 1763 contra
1989 1722 2018 1746 ¹³
2042 1735 2049 1760 ε
2083 1736 2101 1757 (‹
2124 1718 2293 1759 Difficile

1267 1798 1528 1839 aestimamus
1544 1828 1553 1845 ,
1592 1807 1690 1848 quae
1729 1794 1771 1833 in
1810 1798 1923 1833 terra
1960 1792 2058 1830 sunt
2091 1804 2099 1829 :
2135 1800 2232 1841 quae
2251 1790 2293 1827 in

1267 1868 1381 1909 coelis
1402 1870 1523 1917 sunt,
1546 1866 1641 1919 quis
1660 1862 1966 1914 investigabit?
1998 1875 2017 1898 n
2050 1858 2293 1907 Dicendum,

1267 1939 1482 1992 quodnon
1502 1937 1593 1978 vult
1613 1936 1775 1984 dicere,
1806 1933 1918 1986 quod
1951 1930 2116 1971 facilius
2145 1931 2292 1982 potue-

1268 2012 1369 2050 runt
1385 2019 1640 2061 cognoscere
1656 2007 1787 2046 Deum
1802 2015 1892 2044 esse
1912 2003 2111 2042 factorem
2127 2000 2296 2047 horum,

1269 2080 1534 2133 simpliciter3
1575 2077 1645 2118 sed
1685 2077 1825 2128 ipsum
1858 2074 1997 2126 potius
2023 2083 2114 2112 esse
2149 2069 2296 2118 Deum,

1269 2163 1398 2204 quam
1418 2163 1467 2190 ea
1486 2160 1583 2202 quae
1604 2147 1806 2188 colebant.

1325 2226 1389 2262 10.
1412 2220 1607 2271 Infelices
1628 2222 1784 2267 alitem,
1799 2218 1874 2256 etc.
1898 2213 1974 2254 Hic
1993 2213 2165 2265 ponitur
2183 2222 2302 2251 error

1271 2293 1499 2334 colentium
1520 2292 1700 2331 facturas
1720 2286 1910 2341 proprias
1929 2300 1937 2325 ;
1960 2284 2099 2337 primo
2119 2282 2301 2321 facturas

1271 2365 1463 2417 proprias
1494 2363 1537 2402 in
1573 2359 1748 2401 materia
1776 2356 2016 2405 metallina3
2052 2352 2236 2394 secundo
2256 2351 2301 2390 in

1273 2434 1448 2474 materia
1466 2433 1609 2483 lignea
1632 2445 1640 2470 ι
1664 2432 1751 2471 Aut
1770 2428 1937 2480 siquis,
1962 2428 2040 2466 etc.

1328 2503 1431 2543 Dicit
1448 2514 1552 2554 ergo
1575 2516 1584 2542 ι
1607 2499 1802 2551 Infelices
1823 2501 1961 2538 aulem
1989 2497 2113 2542 suni,
2147 2492 2300 2532 scilicet

1273 2586 1348 2626 per
1368 2573 1646 2626 privationem
1674 2570 1878 2611 felicitatis
1909 2568 2013 2616 viae,
2049 2565 2100 2605 de
2119 2575 2203 2616 qua
2223 2574 2299 2602 su-

1275 2657 1352 2697 pra
1373 2648 1402 2669 ¹¹*
1424 2658 1432 2684 ε
1463 2659 1482 2681 «
1502 2641 1756 2695 Sapientiam
1778 2642 1819 2680 et
1839 2637 2102 2690 disciplinam
2128 2634 2200 2686 qui
2224 2633 2300 2672 ab·

1273 2715 1376 2767 jicit,
1401 2714 1545 2755 infelix
1561 2715 1635 2753 est.
1658 2726 1677 2748 n
1709 2711 1761 2752 El
1781 2710 1895 2752 inter
1915 2710 2124 2754 mortuos,
2147 2702 2302 2743 scilicet

1276 2788 1434 2826 aeterna
1467 2787 1625 2833 morte,
1645 2792 1739 2835 spes
1764 2781 1933 2824 illorum
1965 2781 2046 2828 est,
2070 2775 2113 2816 id
2133 2776 2195 2815 est
2225 2785 2298 2814 ex·
2321 2805 2418 2838 Spem

1277 2857 1455 2909 pectatio
1480 2867 1601 2908 :spes
1620 2857 1762 2895 autem
1781 2852 1850 2892 hic
1862 2844 2298 2899 sumiturimproprie,
2341 2846 2441 2872 ”iffidss

1278 2928 1378 2981 quia
1397 2939 1491 2980 spes
1511 2925 1678 2979 proprie
1698 2924 1805 2964 dicta
1824 2934 1909 2963 non
1929 2922 1989 2961 est
2006 2919 2089 2960 nisi
2109 2918 2158 2958 de
2172 2917 2298 2957 bono.

1277 2999 1393 3041 Inter
1411 3001 1621 3047 mortuos,
1660 2995 1860 3047 inquam,
1898 3002 1990 3044 spes
2027 2989 2196 3032 illorum
2225 2989 2299 3034 esi,

1278 3082 1354 3123 per
1390 3069 1671 3122 privationem
1707 3065 1914 3107 felicitatis
1945 3065 2135 3111 aeternae,
2160 3069 2304 3099 secun-

1279 3141 1381 3182 dum
1402 3140 1505 3181 illud
1536 3138 1693 3181 Psalmi
1709 3138 1737 3163 ¹⁵
1762 3152 1770 3178 :
1800 3152 1819 3174 α
1839 3135 1955 3177 Sicut
1976 3130 2184 3174 vulnerati
2205 3129 2304 3169 dor-

1280 3213 1458 3253 mientes
1478 3212 1524 3252 in
1543 3209 1790 3265 sepulchris,
1831 3217 2019 3260 quorum
2051 3214 2135 3243 non
2160 3212 2203 3241 es
2224 3209 2306 3238 me=

2355 2887 2430 2913 bono

2333 2930 2448 2962 proprie

2333 2969 2448 2997 dicitur.

1282 3351 1312 3384 1,
1333 3344 1384 3375 31.
1405 3359 1445 3365 -—
1469 3343 1493 3365 ¹¹
1519 3342 1528 3372 l
1559 3341 1655 3380 Tim„
1687 3348 1716 3379 1,
1744 3340 1794 3370 13.
1816 3355 1855 3360 -
1886 3336 1914 3358 ¹²
1952 3336 1962 3366 l
1991 3334 2081 3371 Corn,
2105 3336 2175 3369 xiv,
2197 3328 2247 3359 38.
2272 3342 2307 3348 -

1284 3390 1306 3409 ¹³
1336 3390 1428 3430 Sap„
1461 3396 1515 3429 IX,
1558 3389 1607 3420 16-
1640 3403 1679 3410 —
1712 3386 1739 3408 ¹⁴
1771 3385 1863 3425 Sap.,
1896 3391 1956 3423 111,
1994 3383 2043 3412 11.
2081 3394 2121 3402 -
2159 3375 2183 3397 ¹⁵
2221 3371 2308 3404 Psal.

1283 3444 1438 3475 Lxxxvn,
1459 3438 1490 3467 6.
