2634 3853
52 582 158 608 Doctor

48 622 168 656 scriptu-

36 671 76 690 rae
87 670 175 690 evan-

54 704 154 738 gelioae

38 745 142 780 qualis.

1099 132 1416 174 PROOEMIUM.

196 228 410 283 sequentia
438 237 523 266 non
547 225 627 265 erit
657 224 849 264 difficilis.
872 223 1063 263 Primum
1088 222 1220 272 igitur

195 298 456 354 propositum
475 295 677 344 verbum,
702 294 933 334 secundum
962 291 1220 331 intellectum

195 370 261 411 sui
290 367 531 420 generalem
547 399 559 417 ,
581 367 735 407 indicat
761 365 881 406 nobis
907 364 1002 416 quis
1027 366 1067 402 et
1088 362 1221 414 qualis

195 439 339 481 debeat
357 450 446 478 6556
464 438 606 479 doctor
632 437 764 489 hujus
789 435 1008 487 scripturae
1034 446 1218 484 evauge—

194 509 307 559 licae,
329 509 570 560 adjungens
588 506 867 547 nihilominus
887 505 1055 557 qualem
1076 504 1222 543 debeat

194 579 348 619 habere
381 580 422 618 et
447 578 695 618 auditorem.
730 576 877 616 Doctor
908 577 1049 615 autem
1085 574 1221 626 scrip-

197 652 301 690 turae
321 648 578 700 evangelicae
603 647 725 688 debet
744 658 833 686 esse
859 646 1057 685 inunctus
1078 645 1223 684 divina

197 719 356 772 gratia,
378 718 597 758 institutus
625 729 741 757 mera
770 715 1027 765 obedientia,
1054 715 1222 754 inflam-

197 791 337 832 matus
354 787 647 829 benevolentia
665 787 863 827 fraterna.
882 786 1089 825 Inunctus
1103 786 1225 825 debet

196 872 285 901 6556
299 859 437 912 primo
450 858 595 900 divina
610 857 761 909 gratia,
777 859 819 897 et
831 857 910 896 hoc
923 859 1108 906 notatur,
1124 868 1223 895 cum

197 930 325 972 dicit:
355 945 374 967 «
393 928 573 982 Spiritus
592 927 755 967 Domini
775 939 903 979 super
926 938 1013 976 me,
1034 938 1083 966 eo
1112 927 1225 978 quod

198 999 368 1040 unxerit
382 1011 450 1039 me
468 998 719 1039 Dominus.»
740 997 788 1037 In
804 999 926 1049 quus
944 998 1005 1037 rei
1020 998 1222 1049 figuram,

197 1069 242 1109 in
259 1068 399 1111 Veteri
416 1068 682 1125 Testamento
702 1068 1024 1119 inungebantur
1044 1068 1225 1120 prophe-

198 1142 266 1181 tae.
290 1139 406 1181 Unde
430 1139 536 1180 dixit
562 1139 766 1180 Dominus
794 1138 924 1179 Eliae¹
950 1150 959 1178 ε
985 1154 1003 1176 α
1027 1138 1226 1179 Elisa—ium

198 1210 335 1250 filium
353 1209 525 1262 Saphat,
541 1210 615 1261 qui
636 1212 697 1251 est
710 1208 764 1249 ’(16
779 1208 1073 1257 Abelmahula,
1089 1221 1226 1260 unges

197 1278 447 1331 prophetam
480 1267 556 1331 pro
588 1282 641 1319 te.
663 1293 691 1316 4))
723 1279 773 1319 Et
806 1279 855 1319 de
887 1279 1017 1319 David
1054 1279 1221 1330 dicitur,

197 1347 310 1401 quod
327 1350 549 1400 postquam
569 1349 770 1389 inunctus
790 1352 851 1388 est
866 1350 896 1396 2,
923 1363 941 1386 c<
962 1348 1145 1388 directus
1166 1352 1228 1388 est

198 1417 381 1472 Spiritus
401 1419 565 1459 Domini
594 1419 639 1459 in
667 1431 767 1459 eum
786 1419 839 1459 ab
865 1419 936 1459 illa
966 1418 1032 1458 die
1059 1419 1104 1458 in
1129 1419 1227 1459 reli-

199 1501 349 1544 quum.
371 1504 389 1528 »
413 1489 510 1531 Ideo
536 1490 650 1530 enim
673 1490 1012 1542 inungebantur,
1033 1492 1080 1530 ut
1101 1489 1228 1542 Spiri—

199 1564 293 1602 tum
311 1560 477 1600 Domini
495 1561 748 1613 acciperent,
770 1573 845 1614 per
871 1574 998 1614 quem
1027 1562 1149 1603 nobis
1170 1563 1229 1603 di-

199 1631 302 1673 vina
320 1633 477 1671 secreta
501 1634 755 1673 reserantur.
778 1632 821 1672 Si
849 1645 953 1684 ergo
974 1634 1121 1674 eodem
1142 1635 1225 1687 spi-

200 1702 288 1742 ritu
321 1702 581 1754 exponendae
610 1704 711 1742 sunt
742 1702 980 1755 scripturae,
1017 1716 1100 1756 quo
1128 1716 1227 1744 con-

200 1773 298 1814 ditae
318 1774 438 1823 sunt,
469 1775 509 1812 et
530 1773 543 1794 ³
570 1787 588 1811 (‹
608 1771 766 1824 Spiritu
787 1776 929 1813 sancto
959 1774 1147 1826 inspirati
1165 1775 1226 1815 10-

203 1842 287 1883 cuti
312 1843 414 1883 sunt
439 1843 570 1883 sancti
600 1842 669 1883 Dei
700 1843 918 1883 homines:
955 1858 973 1880 ))
1001 1844 1052 1884 ad
1078 1845 1158 1885 hoc
1183 1849 1230 1886 ut

204 1914 300 1967 quis
337 1913 391 1953 sit
419 1913 563 1954 doctor
599 1913 774 1953 idoneus
808 1925 979 1964 eorum,
1023 1927 1120 1966 quae
1156 1928 1230 1967 per

203 1983 416 2024 Christum
436 1986 534 2023 sunt
562 1985 704 2034 gesta,
729 1986 769 2023 et
798 1995 872 2035 per
891 1983 1096 2036 Spiritum
1114 1997 1230 2026 sanc-

201 2055 294 2094 tum
321 2053 494 2105 scripta,
515 2065 683 2094 necesse
712 2056 774 2094 est
802 2054 915 2106 quod
946 2054 998 2094 sit
1030 2055 1229 2097 inunctus

202 2135 385 2177 superna
403 2123 555 2175 gratia.

253 2193 381 2235 Debet
400 2194 527 2234 etiam
547 2193 765 2235 institutus
785 2207 873 2236 esse
892 2208 1008 2236 mera
1028 2197 1227 2237 obedien-

200 2267 280 2317 tia,
308 2268 349 2306 et
372 2266 454 2307 hoc
482 2268 667 2316 notatur,
695 2278 793 2306 cum
819 2267 937 2308 dicit:
969 2269 1039 2310 Ad
1059 2280 1226 2310 <mmm-

203 2336 401 2379 nandum
441 2337 676 2378 mansuetis
721 2338 841 2379 misit
888 2349 949 2379 me
975 2350 988 2378 .·
1037 2340 1230 2391 exemplo

201 2407 378 2460 Moysis,
399 2407 452 2447 ad
480 2419 608 2459 quem
634 2406 838 2447 Dominus
862 2408 969 2448 dixit
988 2409 1000 2429 '⁸
1025 2422 1033 2448 :
1064 2409 1227 2461 «Veni,

203 2478 369 2518 mittam
390 2479 431 2517 te
458 2477 511 2517 ad
543 2476 826 2529 Pharaonem,
849 2481 896 2518 ut
917 2479 1069 2519 educas
1096 2492 1229 2532 popu-

203 2547 295 2588 lum
323 2559 469 2588 meum
496 2547 603 2587 filios
627 2547 756 2588 lsrael
784 2548 834 2588 de
859 2551 1054 2602 AEgypto.
1076 2564 1094 2587 ›)
1120 2551 1232 2591 Dixit

204 2617 366 2672 Moyses
385 2619 438 2660 ad
455 2618 611 2660 Deum:
629 2618 764 2667 «Quis
780 2631 862 2670 ego
882 2632 995 2670 sum,
1014 2623 1060 2661 ut
1078 2622 1231 2662 vadam

204 2689 258 2730 ad
287 2688 576 2740 Pharaonem,
611 2691 651 2730 et
682 2689 857 2730 educam
890 2690 998 2730 filios
1024 2690 1150 2731 Israel
1182 2692 1232 2732 de

203 2759 422 2813 AEgypto?
450 2774 470 2798 >³
507 2759 690 2813 Moyses,
727 2760 801 2812 qui
834 2759 912 2800 fuit
946 2760 1160 2812 legislator
1192 2766 1232 2803 61

204 2829 376 2881 eductor
407 2830 593 2871 filiorum
621 2830 749 2870 Israel
778 2830 827 2870 de
850 2829 1057 2883 AEgypto,
1089 2832 1234 2884 signat

206 2900 417 2941 doctorem
442 2901 554 2953 legis
575 2900 751 2952 divinae,
775 2902 849 2954 qui
869 2902 1006 2943 educit
1024 2905 1230 2956 populum

206 2969 372 3011 Domini
405 2971 456 3012 de
486 2971 670 3012 tenebris
698 2972 953 3024 ignorantia}
983 2973 1133 3027 culpae.
1169 2975 1232 3016 Ad

208 3039 320 3094 quod
337 3041 509 3093 quidem
529 3042 715 3082 officium
733 3054 859 3083 nemo
879 3043 1000 3083 debet
1020 3044 1228 3094 accedere,

207 3109 290 3150 nisi
312 3111 521 3162 mittatur3
544 3124 683 3165 neque
697 3112 792 3165 quis
814 3113 893 3154 hoc
912 3114 990 3153 sibi
1005 3126 1232 3166 procurare

209 3180 350 3231 debet,
372 3181 444 3222 sed
471 3193 663 3224 recusare
690 3184 852 3235 magis,
881 3185 980 3237 quia
1011 3185 1155 3225 nullus
1180 3186 1233 3227 ad

209 3250 291 3292 hoc
319 3250 504 3293 officium
523 3263 566 3293 56
584 3253 705 3295 debet
729 3254 930 3296 idoneum
954 3258 1166 3308 reputare.
1189 3257 1232 3298 Si

255 3355 263 3377 ¹
283 3355 324 3386 111
346 3355 437 3397 Κεφ,
452 3364 531 3396 XIX,
550 3359 599 3389 16.
613 3376 648 3381 —
669 3359 819 3401 21Req.‚
836 3368 909 3402 xvi,
927 3362 978 3393 13.
992 3379 1033 3385 -
1053 3361 1063 3381 ³
1081 3363 1107 3393 ll
1130 3363 1230 3402 Petra,

211 3409 236 3443 1,
264 3404 316 3435 21.
336 3419 376 3426 -
395 3402 407 3421 ⁴
425 3402 548 3444 Exod„
572 3407 697 3446 111,10‚
718 3409 766 3438 11.
787 3423 827 3432 —-
848 3407 861 3430 ⁵
888 3409 899 3439 1
921 3408 1042 3449 Thess,
1068 3417 1114 3450 11,
1143 3411 1174 3450 7,
1202 3411 1232 3441 8.

2242 134 2319 172 213

1293 222 1405 260 enim
1425 233 1523 261 cum
1544 220 1723 260 Domino
1739 231 1824 259 non
1839 221 1901 258 est
1913 218 2095 267 10611165,
2115 217 2318 269 indignus

1293 295 1373 341 est3
1398 293 1463 331 sin
1492 292 1529 332 61
1552 291 1755 331 Dominus
1784 289 1970 341 loquitur
1999 288 2051 328 ad
2082 300 2168 337 cor,
2197 289 2321 327 sentit

1293 363 1475 414 profecto
1495 375 1539 403 se
1559 360 1834 414 impeditioris
1859 371 1948 399 esse
1969 362 2009 398 et
2029 358 2220 398 tardioris
2239 358 2319 396 lin-

1296 445 1395 483 guae
1416 446 1512 472 cum
1542 434 1681 485 Moyse
1706 432 1923 471 effectum.
1946 429 1998 469 Et
2023 429 2115 468 ideo
2136 428 2171 468 si
2192 428 2324 468 nescit

1297 504 1437 555 eloqui
1458 504 1600 544 diviua
1621 503 1834 555 mysteria,
1859 513 1956 554 quae
1977 500 2141 553 aperuit
2161 500 2221 538 1111
2241 499 2320 539 Do-

1294 573 1460 624 minus,
1484 586 1569 613 nou
1597 574 1718 613 debet
1744 584 2003 624 praesumere
2028 574 2076 611 ut
2105 582 2155 610 ea
2180 570 2325 610 doceat

1295 645 1419 695 alios,
1441 644 1523 683 nisi
1545 656 1663 684 mera
1683 643 1920 683 obedientia
1940 642 2174 682 institutus.

1347 714 1485 754 Tertio
1523 715 1645 754 debet
1689 714 1976 752 inflammatus
2016 724 2105 752 6556
2142 713 2326 752 fraterna

1296 784 1588 825 benevolentia
1608 800 1616 833 3
1652 784 1765 836 quod
1796 785 1935 832 notat,
1973 795 2068 823 cum
2104 781 2201 822 dicit
2221 796 2229 822 :
2278 781 2327 824 Ut

1296 856 1481 898 mederer
1500 857 1698 897 contritis
1713 854 1851 903 corde,
1874 858 1912 896 et
1929 853 2210 906 praedicarem
2226 863 2328 905 cap-

1297 929 1399 970 tivis
1430 926 1771 979 ¹incliilgyeniium9
1797 929 1836 967 et
1863 925 2021 966 clausis
2051 925 2322 976 apertionem.

1297 999 1346 1039 Et
1365 999 1464 1048 hoc,
1493 997 1687 1049 exemplo
1708 995 1846 1047 Pauli,
1870 995 1945 1048 qui
1974 995 2024 1035 de
2053 994 2189 1046 seipso
2209 995 2268 1034 ait
2286 1000 2324 1034 ⁵:

1305 1084 1323 1107 (ι
1351 1068 1463 1109 Facti
1495 1080 1643 1108 sumus
1673 1066 1841 1119 parvuli
1870 1066 1915 1105 in
1950 1065 2085 1106 medio
2117 1067 2324 1116 vestrum,

1298 1143 1500 1192 tanquam
1520 1138 1553 1178 si
1573 1138 1720 1178 nutrix
1738 1138 1878 1177 foveat
1898 1136 2006 1176 filios
2028 1147 2126 1175 suos
2145 1150 2154 1176 ς
2178 1135 2236 1175 116
2256 1136 2326 1176 de-

1300 1210 1529 1250 siderantes
1561 1220 1662 1257 vos,
1703 1207 1853 1260 cupide
1883 1207 2129 1248 volebamus
2165 1206 2329 1247 tradere

1299 1280 1419 1320 vobis
1441 1291 1526 1318 non
1546 1278 1684 1318 solum
1704 1277 1988 1328 Evangelium
2008 1276 2094 1326 Dei,
2113 1276 2184 1316 sed
2203 1277 2330 1316 etiam

1300 1350 1463 1389 animas
1485 1352 1663 1388 nostras.
1685 1362 1703 1384 ))
1723 1346 1839 1387 Sicut
1859 1346 1973 1386 enim
1996 1345 2134 1397 proles
2153 1346 2332 1387 carnalis

1300 1431 1386 1458 non
1419 1420 1552 1470 potest
1580 1416 1776 1468 generari
1797 1416 1886 1455 sine
1910 1426 2051 1455 amore
2071 1415 2250 1465 carnali,
2274 1416 2333 1456 sic

1300 1502 1378 1530 nec
1409 1488 1637 1541 spiritualis
1666 1487 1753 1527 sine
1784 1486 2079 1527 benevolentia
2106 1486 2330 1538 spirituali.

1303 1560 1422 1601 Unde
1442 1558 1671 1610 Gregorius
1690 1573 1697 1599 :
1728 1573 1747 1596 <‹
1769 1557 1848 1607 Qui
1872 1557 2119 1597 charitatem
2146 1569 2250 1609 erga
2269 1558 2330 1598 al-

1301 1636 1441 1671 terum
1479 1642 1566 1670 non
1605 1630 1759 1679 habet,
1799 1628 2109 1681 praedicationis
2145 1628 2332 1669 osticium

1303 1712 1575 1753 nequaquam
1602 1700 1814 1751 suscipere
1844 1699 1980 1756 debet.
2004 1712 2022 1734 ))
2047 1698 2332 1749 Evangelium

1303 1775 1444 1812 autem
1466 1771 1536 1811 Dei
1560 1782 1768 1822 exponere
1789 1772 1862 1810 aut
1879 1770 2048 1819 docere,
2071 1771 2133 1808 est
2151 1769 2333 1810 verbum

1303 1843 1496 1883 divinum
1516 1842 1768 1894 praedicare3
1789 1844 1830 1880 et
1848 1840 1942 1881 ideo
1962 1840 2105 1880 doctor
2125 1840 2248 1880 debet
2266 1840 2330 1880 in-

1304 1912 1546 1952 flammatus
1565 1924 1655 1952 esse
1675 1912 1860 1951 fraterna
1875 1910 2184 1950 benevolentia.
2203 1909 2333 1951 (36316-

1304 1996 1423 2033 rum,
1446 1985 1493 2023 ut
1518 1982 1708 2023 doctrina
1736 1981 1972 2033 evangelici
1999 1981 2178 2021 doctoris
2205 1993 2334 2021 suum

1305 2054 1504 2095 sortiatur
1532 2052 1747 2101 effectum,
1776 2052 1899 2093 debet
1916 2051 2074 2092 habere
2098 2050 2334 2092 auditorem

1304 2124 1467 2174 mitem,
1488 2123 1696 2163 humilem
1717 2125 1757 2164 et
1775 2123 1956 2163 fidelem.

1357 2195 1536 2235 Auditor
1561 2207 1744 2246 namque
1765 2194 1966 2235 doctrinae
1987 2194 2249 2245 evangelicae
2269 2195 2334 2236 de-

1304 2268 1375 2307 bet
1394 2278 1484 2306 esse
1516 2266 1628 2305 mitis
1654 2266 1698 2305 iu
1725 2266 1856 2305 affatu
1885 2277 1959 2317 per
1981 2266 2335 2307 accommodatio-

1305 2349 1404 2376 nem
1419 2336 1609 2384 auditus3
1634 2335 1747 2386 quod
1761 2337 1944 2384 notatur,
1967 2335 2068 2375 dum
2086 2336 2238 2376 dicitur
2255 2336 2306 2389 (α)
2323 2351 2332 2378 z

1306 2406 1375 2447 Aci.
1396 2404 1764 2454 anmmiicmclum,
1786 2404 1954 2455 scilicet,
1979 2407 2229 2457 mansuetis,
2250 2419 2337 2448 non

1306 2477 1500 2529 dyscolis,
1517 2477 1635 2517 misit
1655 2486 1729 2516 me.
1747 2475 1833 2515 Soli
1847 2475 1962 2515 enim
1979 2476 2189 2516 mansueti
2206 2477 2338 2518 verba

1306 2548 1451 2588 divina
1486 2549 1526 2587 et
1576 2546 1826 2598 evangelica
1861 2549 1974 2587 recte
2012 2547 2257 2599 intelligunt
2288 2548 2333 2589 ⁶:

1309 2634 1327 2656 (‹
1349 2615 1445 2658 Esto
1484 2620 1731 2657 mansuetus
1769 2617 1821 2657 ad
1858 2618 2117 2658 audiendum
2157 2619 2338 2659 verbum

1307 2688 1394 2739 Dei,
1417 2693 1463 2729 ut
1484 2688 1717 2739 intelligas3
1743 2702 1762 2726 1)
1775 2691 1815 2729 61
1833 2689 1876 2728 in
1894 2688 2109 2731 Psalmffl:
2129 2704 2147 2726 «
2169 2689 2339 2731 Docehit

1307 2760 1429 2800 mites
1450 2760 1541 2801 vias
1563 2772 1675 2800 suas.
1692 2774 1711 2797 ))
1726 2759 1776 2800 Ε1
1791 2763 2012 2813 propterea
2032 2760 2228 2801 dicitur⁸2
2251 2776 2270 2800 c(
2290 2761 2338 2801 In

1309 2831 1634 2871 mansuetudine
1677 2831 1875 2883 suscipite
1917 2831 2090 2871 insitum
2130 2832 2334 2883 verbum,

1308 2901 1419 2954 quod
1450 2903 1585 2953 potest
1617 2900 1780 2942 salvare
1812 2901 1975 2941 animas
1995 2904 2172 2943 vestras,
2193 2915 2213 2940 ))
2232 2902 2335 2944 Doc-

1307 2972 1418 3012 trina
1433 2972 1589 3012 etenim
1610 2971 1853 3022 evangeHca
1873 2971 1992 3012 docet
2011 2972 2229 3013 hominem
2251 2984 2339 3014 esse

1307 3042 1563 3095 discipulum
1586 3041 1757 3092 Christi,
1788 3043 1862 3095 qui
1887 3043 1988 3083 dicit
2020 3047 2033 3068 ⁹
2059 3058 2068 3084 ε
2097 3058 2116 3082 α
2145 3043 2296 3086 Discite
2314 3056 2340 3085 a

1308 3125 1398 3163 616,
1420 3113 1519 3165 quia
1548 3113 1660 3153 mitis
1686 3124 1798 3152 sum.
1818 3127 1837 3150 ))
1862 3112 2070 3165 Litigium
2095 3126 2197 3155 vero
2217 3118 2258 3155 et
2280 3115 2336 3155 al-

1308 3184 1481 3224 tercatio
1498 3196 1584 3224 non
1604 3183 1801 3225 convenit
1825 3184 2040 3237 discipulis
2057 3185 2336 3238 evangelicis,

1309 3312 1349 3318 -
1370 3296 1383 3318 6
1407 3295 1525 3333 Ε66ἰ1.,
1549 3304 1583 3337 v,
1612 3297 1663 3328 13.
1686 3313 1726 3318 —-
1751 3295 1767 3317 .7
1791 3295 1880 3328 Psal.
1905 3304 1999 3336 xx1v,
2030 3298 2061 3328 8.
2090 3313 2126 3319 —
2160 3297 2171 3315 ⁸
2196 3296 2281 3337 Jac.‚
2308 3304 2337 3336 1,

1310 3345 1360 3375 21.
1377 3359 1419 3367 —
1437 3344 1449 3362 ⁹
1468 3343 1604 3383 Matth„
1625 3351 1681 3383 xi,
1698 3345 1748 3375 29.

1351 3407 1394 3447 (α)
1417 3407 1496 3442 Coet.
1517 3407 1597 3440 edit.
1619 3407 1710 3439 dicit.

2364 2211 2485 2239 Auditor

2363 2260 2433 2279 evan
2437 2260 2486 2288 ge-

2355 2296 2402 2322 liei
2426 2296 2496 2323 doc-

2355 2337 2438 2365 toris.
