2634 3853
1189 214 1359 257 CAPUT
1386 214 1457 255 III.

291 317 355 354 10.
389 309 556 353 Dalech.
601 308 755 358 Ursus,
789 309 867 348 etc.
898 305 974 346 Hic
1012 304 1261 346 describitur

236 385 482 428 Judaeorum
502 380 715 421 inclinatio
735 380 780 419 in
799 381 979 419 mortem
1000 377 1169 418 Christi.
1191 377 1260 417 Di-

237 456 292 495 cit
310 465 413 505 ergo
435 451 610 505 (Daleth)
632 463 645 491 .·
671 451 799 492 Ursus
819 448 1053 498 insidians,
1073 447 1262 499 intellige

236 535 402 576 semper
426 521 698 574 permissive,
723 522 862 568 sactus
883 522 945 562 est
965 518 1101 568 miht3
1133 518 1193 560 leo
1213 519 1262 560 in

236 591 512 635 absconditis.
535 592 585 632 In
604 602 705 632 urso
723 589 937 639 atrocitas,
966 589 1011 628 in
1032 588 1153 628 leone
1172 588 1263 628 ani-

236 662 409 702 mositas
452 661 705 713 intelligitur
747 659 1020 708 Judaeorum3
1061 659 1174 699 unde
1218 658 1264 697 in

237 732 435 773 Psalmo¹
461 745 469 772 :
502 746 521 770 «
544 730 668 773 Salva
696 743 764 771 me
792 730 841 770 de
873 741 946 770 ore
974 728 1132 778 leonis,
1167 730 1208 769 et
1240 740 1264 767 a

238 802 434 843 cornibus
452 801 722 842 unicornium
751 799 1034 840 humilitatem
1064 810 1217 839 meam.
1240 811 1259 835 n

238 872 349 913 Alibi
367 875 382 896 ²
406 884 416 912 :
444 886 464 910 «
491 871 762 924 Aperuerunt
785 881 913 922 super
942 881 1012 909 me
1042 880 1089 909 os
1110 880 1262 919 suum,

238 942 346 983 sicut
366 942 432 982 leo
452 942 620 994 rapiens
645 943 685 981 et
709 940 902 992 rugiens.
933 954 952 977 »
990 939 1078 980 Hoc
1106 939 1265 979 factum

239 1014 325 1063 est,
348 1024 445 1053 cum
464 1012 663 1053 dixerunt
695 1012 709 1033 ³
741 1023 750 1050 :
791 1026 809 1049 α
848 1010 960 1051 Reus
989 1013 1050 1051 est
1081 1010 1260 1050 mortis:

239 1083 457 1134 crucifige,
479 1082 682 1133 crucifige
704 1094 817 1122 eum.
842 1096 860 1119 υ

294 1157 358 1193 11.
396 1153 558 1195 Daleth.
592 1153 804 1203 Semitas,
843 1154 921 1192 etc.
958 1151 1034 1191 Hic
1069 1150 1264 1192 describit

242 1224 376 1276 ipsam
414 1223 733 1263 crucifixionem
771 1222 917 1262 ordine
959 1221 1209 1262 resolutorie
1254 1236 1263 1262 :

242 1294 394 1346 primo,
414 1296 462 1333 ut
481 1292 581 1334 vitae
602 1283 961 1343 interemptoriam
973 1305 982 1341 3
1006 1292 1206 1342 secundo,
1221 1293 1268 1331 ut

241 1363 498 1403 afflictivam.
539 1364 598 1404 Et
639 1363 847 1414 confregit
878 1373 939 1403 me
967 1375 981 1400 .·
1018 1361 1121 1401 Dicit
1165 1374 1268 1413 ergo

245 1432 416 1484 (Daleth)
432 1431 640 1474 :Semitas
659 1443 788 1482 meas,
811 1432 851 1471 id
872 1434 945 1482 est,
968 1431 1055 1472 dies
1077 1432 1127 1483 (a)
1154 1443 1270 1483 pere-

241 1502 494 1555 grinationis
514 1513 621 1543 meae
639 1505 774 1542 rectos
790 1503 830 1541 et
850 1504 998 1551 arctos,
1016 1503 1062 1541 ut
1076 1502 1263 1553 semitas,

241 1573 457 1623 subvertit,
478 1585 564 1613 non
580 1573 728 1613 merita
738 1572 996 1621 evacuandO,
1010 1571 1082 1612 sed
1098 1575 1269 1624 tempus

243 1643 383 1684 meriti
404 1646 539 1684 morte
565 1643 895 1696 praescindendo.
919 1642 994 1683 Vel
1012 1642 1117 1683 illud
1140 1642 1268 1682 refer-

243 1718 313 1756 tur
330 1716 381 1755 ad
400 1726 566 1768 corpus.
587 1715 793 1767 Amplius,
817 1714 1009 1754 eamdem
1030 1716 1078 1753 ut
1097 1714 1265 1753 afflicti-

243 1797 344 1827 vam
362 1784 556 1825 describit
575 1799 584 1825 :
606 1785 762 1837 primo,
782 1787 989 1836 quantum
1006 1785 1058 1825 ad
1082 1784 1268 1836 corporis

242 1855 460 1896 laesionem
482 1867 492 1896 :
520 1856 572 1898 Et
592 1856 819 1908 confregit,
842 1855 1037 1903 seeundo,
1060 1857 1270 1907 quantum

245 1926 298 1966 ad
318 1925 454 1966 cordis
481 1925 779 1966 desolationem
803 1941 811 1965 ;
838 1926 983 1967 Posuit
1012 1936 1075 1967 me
1107 1925 1272 1967 desola-

247 2000 360 2047 tam,
396 1996 546 2044 tertio,
585 1998 791 2048 quantum
829 1997 880 2036 ad
919 1996 1106 2048 corporis
1144 1996 1272 2036 totius

245 2066 576 2117 ignominiosam
596 2066 914 2118 suspensionem
938 2081 945 2106 :
985 2066 1177 2109 Tetendit
1200 2076 1272 2108 ar-

245 2147 370 2187 cum,·
387 2139 559 2189 quarto,
583 2139 791 2189 quantum
810 2137 862 2178 ad
892 2137 1184 2178 omnimodam
1218 2136 1273 2176 af-

245 2206 475 2247 flictionem
498 2220 506 2247 :
528 2207 651 2249 Misit
671 2208 719 2248 in
738 2207 930 2258 remiba-53
953 2208 1119 2260 quinto,
1141 2220 1274 2260 quan-

245 2282 338 2317 tum
373 2277 426 2318 ad
460 2277 790 2329 ignominiosam
828 2278 1033 2319 visionem
1068 2291 1078 2318 :
1119 2279 1276 2321 Factus

247 2359 342 2389 sum
366 2349 414 2390 in
435 2347 645 2398 derisum,
679 2351 820 2398 sexto,
855 2352 1063 2401 quantum
1096 2350 1149 2389 ad
1181 2361 1275 2389 om-

248 2419 369 2458 nium
399 2429 604 2458 sensuum
636 2419 946 2469 turbationem,
984 2422 1024 2459 et
1059 2419 1272 2471 praecipue

248 2487 354 2527 aceti
374 2488 631 2539 potationem
655 2504 662 2529 :
689 2489 877 2540 Replevit
896 2499 975 2529 me.
999 2489 1104 2528 Dicit
1131 2501 1235 2540 ergo
1261 2504 1270 2529 ε

251 2556 305 2598 Et
323 2557 528 2608 confreqit
546 2567 609 2598 me
623 2588 634 2607 ,
655 2569 729 2608 per
749 2557 928 2598 vulnera
947 2558 1132 2611 corporis
1162 2559 1273 2609 mei,

251 2626 364 2667 unde
381 2626 426 2666 in
447 2627 612 2669 Psalmo
631 2627 645 2648 ¹'
667 2641 676 2667 t
707 2642 727 2666 α
744 2627 1122 2668 Foderuntmanus
1139 2640 1271 2679 meaS,

251 2699 292 2737 et
310 2697 434 2748 pedes
453 2709 583 2738 meos.
604 2711 624 2735 n
649 2698 796 2740 Posuit
817 2709 879 2740 me
899 2698 1127 2740 desolatam
1142 2731 1156 2749 ,
1178 2711 1275 2739 cum

250 2766 356 2808 dixit
377 2767 390 2788 5
413 2781 421 2807 :
449 2782 469 2806 a
496 2767 642 2808 Tristis
668 2770 731 2809 est
759 2768 901 2809 anima
931 2781 1026 2810 mea
1055 2781 1191 2822 usque
1221 2769 1274 2810 ad

250 2839 444 2878 mortem.
471 2852 490 2876 i>
522 2838 628 2886 Cum
655 2852 783 2892 supra
811 2840 965 2880 dixerit
995 2841 1038 2880 in
1068 2840 1273 2893 principio

249 2920 399 2949 versus
422 2924 430 2947 :
453 2909 540 2962 qu
559 2911 629 2951 vir
646 2910 798 2952 videns
813 2914 1108 2963 paupertatem
1123 2922 1274 2960 meam,

250 2978 290 3017 in
324 2991 429 3019 sexu
463 2979 725 3031 masculino,
757 2980 876 3021 nullo
910 2981 991 3021 alio
1027 2981 1275 3033 interposito

250 3047 390 3088 subdit
425 3049 717 3100 foemininum,
751 3052 800 3090 ut
835 3051 1024 3091 ostendat
1052 3050 1133 3091 hoc
1166 3050 1275 3091 acci-

251 3117 359 3159 disse
377 3118 538 3160 Christo
558 3121 791 3162 secundum
811 3121 1090 3162 infirmiorem
1111 3122 1178 3162 sui
1198 3134 1275 3161 na-

253 3189 419 3240 turam,
453 3202 581 3243 quam
613 3193 661 3231 ut
691 3203 891 3245 sponsam
922 3191 1001 3231 sibi
1038 3191 1111 3231 Dei
1144 3191 1277 3233 Filius

253 3258 476 3310 copulavit.
495 3260 570 3302 Vel
589 3263 701 3301 certe
727 3262 840 3302 istud
860 3261 1187 3313 intelligendum
1216 3265 1278 3303 est

301 3386 417 3418 ¹Psal.
444 3396 523 3429 xxi,
550 3391 600 3422 22.
625 3408 666 3413 —
690 3391 703 3411 2
731 3391 827 3429 ibid„
855 3394 905 3423 14.
925 3407 967 3414 ·-
991 3391 1004 3413 ³
1023 3390 1158 3431 Mami„
1181 3399 1276 3432 xxvi,

254 3434 314 3472 663
338 3433 426 3473 Luc„
451 3442 559 3476 xxiii,
582 3438 634 3468 21.
653 3455 695 3460 —
718 3437 731 3458 ¹*
751 3437 840 3470 Psal.
868 3446 947 3479 xxi,
980 3440 1030 3470 17.
1052 3455 1092 3460 —
1110 3439 1124 3460 ⁵
1142 3438 1278 3478 Matth„

255 3486 355 3520 xxvi,
376 3481 470 3513 38.—
497 3482 508 3500 ⁶
532 3483 638 3523 Joan„
665 3492 743 3525 xix,
770 3486 822 3517 34.
849 3502 884 3509 —
913 3487 924 3505 ⁷
944 3484 1075 3525 Ezech„
1101 3492 1156 3525 11,
1183 3487 1214 3518 2.
1237 3502 1278 3509 —

2281 217 2356 256 187

1337 302 1389 343 ad
1409 301 1636 342 Ecclesiam
1665 301 1712 354 (b)
1734 302 1958 354 pertinere,
1981 301 2213 341 secundum
2238 314 2361 354 regu-

1336 372 1421 412 lam
1442 371 1665 420 Ciceronis,
1682 385 1767 424 qua
1786 384 1810 412 a
1829 371 1964 424 capite
1983 370 2185 410 transitur
2201 371 2253 410 ad
2274 384 2361 413 cor-

1337 454 1418 495 pus
1441 457 1448 483 :
1466 443 1558 494 Jam
1578 441 1749 494 patebit.

1392 516 1456 553 12.
1481 512 1562 553 Sed
1582 525 1658 565 pro
1676 513 1765 565 ipsa
1778 511 1964 564 corporis
1978 509 2178 550 dominici
2195 521 2365 563 suspen-

1339 583 1470 631 sione,
1487 583 1626 623 subdit
1638 583 1823 634 (Daleth)
1838 594 1847 622 ε
1867 580 2057 623 Tetendit
2068 591 2213 622 arcam
2223 591 2363 631 suum,

1340 652 1382 692 id
1402 654 1477 701 est,
1499 653 1724 705 complevit
1741 652 1946 705 Judicium
1965 662 2107 700 suum,
2131 650 2203 690 ubi
2225 650 2364 702 passio

1339 722 1617 763 humanitatis
1637 725 1758 776 quasi
1777 724 1980 775 rigorem,
2002 721 2071 763 vel
2083 721 2279 773 Justitiae,
2298 721 2367 762 vel

1340 793 1513 833 ultionis
1532 795 1676 845 Justae‚
1700 793 1879 842 inflexit,
1902 796 1942 833 et
1967 791 2234 833 severitatem
2253 791 2367 833 divi-

1340 863 1497 904 nitatis.
1528 864 1585 905 Et
1605 865 1750 916 posuit
1769 875 1832 905 me
1853 863 1979 915 quasi
2008 863 2202 914 siquam,
2232 861 2286 902 ad
2306 861 2369 900 lit-

1341 935 1499 984 teram,
1528 934 1658 986 stipiti
1685 934 1884 982 affixum3
1907 932 1965 975 ad
1997 933 2224 984 sagittam,
2257 930 2370 983 quod

1341 1006 1382 1044 et
1410 1005 1544 1056 patuit
1564 1005 1733 1057 quando
1763 1005 1776 1027 ⁶
1811 1018 1831 1042 ι(
1864 1014 1978 1044 unus
2012 1002 2197 1042 militum
2225 1001 2371 1041 lancea

1341 1074 1454 1114 latus
1482 1076 1574 1127 ejus
1603 1075 1781 1128 aperuit.
1803 1089 1823 1112 ›>
1850 1073 1958 1114 Huic
1986 1072 2140 1125 triplici
2168 1071 2371 1112 clausulae

1343 1145 1602 1197 praeponitur
1619 1146 1757 1185 littera
1771 1144 1932 1195 Daleth,
1956 1155 2051 1196 quae
2069 1143 2371 1195 interpretatur

1336 1216 1492 1268 janua,
1508 1216 1576 1258 vel
1596 1217 1763 1267 tabuloe,
1784 1217 1853 1258 vel
1868 1218 2101 1268 paupertas
2122 1216 2188 1265 (c).
2210 1213 2374 1266 Pauper

1344 1287 1411 1326 vel
1446 1286 1610 1328 advena
1642 1287 1830 1330 Christus
1863 1285 1999 1326 voluit
2036 1285 2200 1325 insidiis
2231 1285 2373 1337 depre-

1344 1358 1488 1408 hendi,
1511 1360 1560 1398 ut
1578 1358 1744 1398 doceret
1765 1357 2100 1410 simplicitatem;
2122 1356 2258 1398 voluit
2275 1355 2372 1398 vul—

1347 1427 1485 1467 nerari
1504 1459 1513 1477 ,
1539 1430 1587 1467 ut
1605 1428 1772 1468 doceret
1801 1428 2087 1480 asperitatem3
2108 1426 2244 1467 voluit
2262 1425 2376 1466 ludi-

1344 1498 1437 1537 brio
1459 1508 1692 1549 suspensus
1712 1498 1884 1550 exponi,
1907 1499 1953 1537 ut
1974 1497 2139 1537 doceret
2157 1495 2376 1536 humilita-

1345 1570 1430 1607 tem
1461 1581 1470 1608 :
1492 1567 1704 1619 primum,
1728 1570 1874 1607 contra
1893 1567 2202 1617 curiositatem3
2233 1578 2377 1607 secun-

1345 1638 1470 1686 dum,
1509 1640 1654 1678 contra
1681 1637 1994 1687 carnalitatem3
2030 1637 2202 1677 tertium
2233 1639 2377 1677 contra

1345 1708 1570 1748 elationem
1593 1720 1602 1749 ε
1621 1710 1662 1748 et
1675 1708 1718 1747 in
1729 1708 1779 1747 iis
1793 1708 1928 1748 tribus
1942 1707 2182 1749 tabularum
2197 1707 2252 1759 (d)
2268 1707 2377 1759 legis

1346 1778 1673 1828 consummatio,
1688 1781 1728 1819 et
1748 1778 1857 1818 iniis
1872 1778 2142 1830 paupertatis
2156 1777 2373 1830 perfecti03

1346 1850 1391 1889 in
1428 1849 1480 1889 iis
1518 1849 1645 1889 etiam
1683 1848 1809 1900 regni
1849 1848 2028 1889 coelestis
2053 1848 2196 1899 janua
2232 1850 2274 1888 et
2309 1848 2378 1888 in-

1348 1932 1535 1973 gressus.

1402 1993 1467 2031 13.
1490 1990 1567 2030 He.
1591 1989 1713 2031 Misit
1732 1990 1781 2030 in
1799 1987 2000 2038 renibus,
2023 1990 2101 2028 etc.
2125 1987 2229 2028 Ecce
2249 1998 2378 2039 gene-

1348 2061 1447 2101 ralis
1480 2060 1634 2100 Christi
1670 2059 1841 2099 afflictio
1873 2073 1881 2098 ε
1923 2059 1967 2098 in
1996 2058 2170 2099 renibus
2201 2057 2375 2107 Christi,

1347 2131 1580 2171 incarnatio
1601 2132 1692 2183 ejus
1713 2128 1964 2180 intelligitur
1985 2129 1998 2150 ⁷
2027 2142 2035 2168 :
2065 2142 2084 2166 (‹
2103 2127 2154 2168 Et
2171 2130 2380 2168 atramen-

1349 2202 1506 2242 tarium
1540 2200 1754 2254 scriptoris
1786 2200 1839 2240 ad
1874 2210 1997 2239 renes
2027 2199 2133 2251 ejus.
2174 2212 2193 2236 »
2231 2197 2282 2238 Et
2315 2198 2328 2218 ⁸
2366 2212 2376 2239 ε

1354 2287 1374 2311 ει
1403 2273 1440 2312 Α
1471 2272 1629 2312 lumbis
1660 2273 1754 2323 eJus
1791 2281 1929 2322 usque
1964 2270 2018 2310 ad
2058 2269 2256 2310 deorsum
2293 2269 2380 2311 vidi

1349 2344 1471 2396 quasi
1519 2343 1700 2395 speciem
1748 2341 1864 2393 ignis
1912 2340 2167 2393 splendentis
2211 2340 2255 2380 in
2297 2340 2378 2380 cir-

1349 2415 1488 2463 cuitu,
1511 2427 1531 2451 >³
1557 2418 1635 2453 etc.
1674 2413 1735 2453 lbi
1768 2422 1919 2462 arcus,
1956 2412 2190 2452 secundum
2225 2411 2380 2463 Grego-

1349 2484 1478 2533 rium,
1501 2483 1712 2523 dominica
1733 2483 1967 2522 incarnatio
1986 2482 2261 2534 intelligitur3
2278 2482 2380 2534 pha-

1350 2557 1487 2603 retra,
1510 2552 1647 2593 omnis
1681 2552 1976 2592 amaritudinis
2006 2552 2273 2603 contentiva,
2301 2551 2380 2605 Sy-

1349 2635 1522 2675 nagoga
1544 2622 1815 2675 intelligitur,
1837 2624 1961 2675 quus
1978 2623 2147 2674 sagitta,
2169 2635 2243 2664 seu
2261 2623 2376 2674 filiae,

1349 2696 1522 2736 fuerunt
1541 2697 1678 2747 sputa,
1701 2694 1892 2746 colaphi,
1915 2694 2124 2745 convicia,
2148 2694 2289 2746 plagae
2303 2725 2316 2744 ,
2338 2696 2379 2734 et

1350 2765 1585 2807 consimilia
1612 2769 1625 2791 ⁹
1662 2779 1670 2806 :
1710 2780 1730 2804 «
1761 2764 1927 2816 Sagitta
1957 2764 2187 2806 vulnerans
2217 2765 2379 2817 linguae

1350 2849 1516 2878 eorum.
1539 2851 1558 2874 ›>

1404 2911 1469 2948 14.
1490 2907 1570 2948 Pro
1582 2906 1820 2958 ignominia
1833 2905 2055 2955 irrisionis,
2069 2905 2258 2958 sequitur
2275 2906 2379 2958 (He):

1350 2979 1404 3020 Et
1424 2979 1564 3029 factas
1591 2988 1684 3018 sum
1710 2977 1757 3017 in
1783 2975 1972 3017 derisam
2005 2977 2121 3018 omni
2141 2977 2292 3028 populo
2311 2977 2341 3001 ¹⁰
2363 2989 2378 3015 .-

1355 3064 1375 3088 (ι
1395 3048 1546 3089 Factus
1567 3059 1662 3088 sum
1685 3047 1729 3086 in
1749 3046 1934 3087 derisum
1955 3046 2140 3099 quotidie
2162 3061 2170 3086 :
2193 3060 2212 3084 >³
2232 3046 2276 3087 in
2296 3059 2380 3100 quo

1350 3119 1491 3161 omnis
1504 3118 1644 3158 irrisio
1660 3119 1700 3157 et
1710 3116 1851 3156 illusio
1864 3116 2131 3168 intelligitur,
2147 3129 2232 3169 qua
2244 3117 2266 3158 J
2270 3117 2380 3157 udaei

1351 3190 1515 3232 Christo
1535 3188 1778 3229 illudebant.
1810 3186 1861 3227 Et
1885 3189 1985 3228 nota
2013 3187 2127 3240 quod
2156 3187 2380 3227 irriserunt

1352 3259 1565 3300 Christum
1602 3257 1756 3309 triplici
1791 3257 1956 3298 ratione
1998 3271 2007 3298 ι
2053 3257 2098 3297 in
2138 3255 2375 3306 miraculis,

1352 3346 1363 3363 ³
1395 3343 1493 3382 ibid„
1525 3349 1559 3382 Ι,
1591 3342 1644 3372 27.
1676 3356 1715 3363 -
1747 3340 1760 3361 9
1791 3340 1926 3380 Jerem„
1958 3347 1992 3372 lx
2007 3363 2018 3380 ,
2053 3341 2083 3371 8.
2115 3356 2155 3361 —
2190 3339 2214 3359 1⁰
2243 3338 2377 3378 Jerem„

1351 3398 1415 3431 xx,
1441 3391 1513 3422 8.-
1536 3387 1581 3428 (a)
1605 3387 1683 3419 Coet.
1701 3386 1780 3418 edit.
1801 3387 1910 3418 omitt.
1932 3387 2014 3419 dies.
2031 3403 2071 3410 —
2090 3385 2132 3426 (b)
2151 3385 2203 3417 Al.
2220 3384 2377 3417 essentia.

1351 3454 1391 3461 —-
1403 3437 1440 3477 (c)
1458 3437 1538 3468 Caet.
1559 3434 1639 3466 edit.
1656 3434 1897 3475 interpretatur
1916 3433 2039 3467 tabuloe
2057 3432 2111 3464 vel
2131 3431 2379 3465 tabularum.-

1352 3485 1399 3526 (d)
1418 3485 1499 3516 Item
1517 3481 1594 3514 add.
1615 3482 1661 3513 et.
