2587 3845
1112 164 1281 205 CAPUT
1310 165 1379 207 XI.
2246 180 2295 217 79

223 257 286 294 16.
317 252 443 299 Quem
471 251 601 301 enim,
628 252 705 291 eto.
735 251 856 303 quasi
887 265 894 292 :
928 251 977 292 Et
1007 263 1106 292 vere
1137 252 1196 292 ita

167 326 248 374 est3
279 333 419 376 quem,
453 322 607 362 scilicet
642 323 848 375 populum
898 323 1192 371 israeliticum,

166 394 234 436 vel
249 393 434 447 Moysen,
460 395 506 435 in
520 395 781 445 expositione
800 405 935 446 prava
944 394 1189 447 projectam,

165 465 207 506 id
227 468 302 515 est,
325 464 434 505 male
454 468 494 504 et
515 465 744 517 periculose
765 467 1017 517 proiectum,
1039 466 1194 506 scilicet

165 536 211 576 in
243 536 444 586 flumine,
486 535 751 586 deriserunt,
788 536 943 576 scilicet
983 535 1191 588 AEgyptii,

164 610 369 659 tanquam
386 607 623 659 periturum
643 606 889 656 influmine,
902 618 986 646 non
1003 607 1194 647 obstante

165 677 320 718 fiscella
356 678 437 719 :in
468 678 597 729 finem
627 682 800 719 eventus
832 678 981 718 mirati
1013 682 1128 728 sunt,
1153 678 1193 718 id

165 751 247 800 est,
264 751 358 801 post
377 750 507 789 finem
527 751 704 791 eventus
732 749 816 799 rei,
839 749 1049 799 videntes,
1083 749 1193 788 scili-

166 822 229 860 cet
246 819 419 872 Moysen
430 820 490 859 ita
501 820 778 860 sublimatum
790 819 1019 869 miraculis,
1035 819 1147 859 unde
1163 823 1189 859 ¹:

172 906 191 930 «
210 890 305 931 Fuit
323 891 382 930 ita
402 893 565 943 Moyses
589 892 654 931 vir
685 902 868 942 magnus
900 890 1021 930 valde
1050 902 1193 930 coram

166 961 298 1003 servis
325 961 557 1002 Pharaonis
588 964 629 1001 et
657 961 773 1001 omni
801 961 970 1014 populo.
993 975 1012 998 ))
1051 960 1124 1001 Vel
1145 962 1193 1002 in

167 1033 292 1084 linem
312 1033 462 1075 mirati
487 1036 609 1082 sunt,
643 1031 798 1072 scilicet
826 1031 1029 1084 populum
1062 1031 1191 1072 mira-

167 1104 306 1145 culose
324 1104 549 1144 liberatum
568 1108 582 1128 ²
605 1117 614 1142 :
640 1119 658 1141 «
678 1102 739 1143 Fu
747 1103 917 1153 giamus
936 1102 1047 1142 enim
1060 1102 1190 1143 lsrae-

167 1175 251 1216 lem
274 1191 283 1216 ε
305 1175 508 1216 Dominus
538 1174 651 1214 enim
685 1175 852 1226 pugnat
880 1185 955 1226 pro
973 1173 1032 1212 eis
1049 1176 1194 1213 contra

169 1258 298 1286 nos.»
337 1246 403 1286 Sic
434 1247 554 1285 erant
583 1244 729 1296 impii,
764 1255 848 1282 non
883 1243 1194 1283 considerantes

166 1316 295 1355 finem
311 1317 546 1367 Justorum,
568 1314 639 1353 sed
668 1317 832 1353 tantum
862 1316 1113 1365 praesentem
1131 1314 1190 1352 af-

165 1388 391 1428 flictionem
409 1388 423 1410 ³
446 1400 456 1428 τ
485 1396 505 1425 <‹'
524 1386 607 1427 Nos
628 1387 830 1427 insensati
863 1387 993 1426 vitam
1021 1386 1192 1426 illorum

166 1458 480 1499 aestimabamus
513 1458 748 1507 insaniam,
783 1460 824 1498 et
854 1458 983 1497 finem
1019 1457 1191 1497 illorum

165 1528 254 1569 sine
274 1528 447 1570 honore.
470 1544 489 1567 »
512 1529 607 1571 Non
628 1529 848 1579 similiter,
872 1532 967 1578 eto,
990 1529 1113 1581 quasi
1133 1528 1192 1568 di-

165 1602 230 1640 cat
249 1614 258 1638 z
282 1599 349 1640 Sic
367 1600 518 1653 impios
539 1599 853 1649 condemnasti,
877 1602 917 1639 et
935 1586 1072 1651 justos
1090 1599 1191 1640 libe-

165 1671 280 1719 rasti,
293 1674 354 1721 tu,
370 1671 475 1721 dico,
488 1681 574 1712 non
585 1672 686 1712 simi
691 1671 784 1712 liter
791 1670 814 1722 j
820 1671 927 1713 ustis
938 1671 1101 1721 faciens
1120 1670 1189 1722 (a),

166 1741 309 1782 Glossa
340 1757 349 1782 :
391 1757 408 1780 t(
428 1745 475 1782 ut
499 1741 667 1793 injustis
692 1757 710 1778 »
739 1755 748 1781 z
771 1741 870 1793 quia
890 1740 901 1761 '⁴
924 1756 944 1779 c(
967 1742 1118 1793 septies
1148 1742 1192 1782 in

165 1813 233 1853 die
253 1813 362 1854 cadit
377 1815 532 1866 Justus,
557 1815 596 1852 et
614 1812 828 1863 resurgit;
853 1812 972 1864 impii
992 1815 1132 1852 autem
1150 1812 1193 1851 in

168 1885 326 1925 malum
361 1887 572 1925 corruent.
608 1898 626 1921 n
662 1883 780 1924 Ratio
814 1895 916 1924 vero
943 1883 1193 1923 diversitatis

167 1967 253 1996 non
271 1958 332 1996 est
351 1968 403 1995 ex
421 1958 536 2008 parte
557 1954 641 2005 Dei,
665 1967 762 1995 cum
777 1955 790 1976 ⁵
810 1970 828 1992 (‹
848 1967 934 1995 non
967 1955 1018 1995 sit
1046 1967 1190 2008 accep-

166 2027 232 2065 tor
248 2037 545 2078 personarum3
564 2040 581 2062 ›)
607 2025 676 2066 sed
700 2038 751 2066 ex
774 2028 892 2078 parte
915 2026 1188 2078 injustorum,

166 2097 276 2137 unde
315 2097 506 2150 sequitur
540 2098 593 2150 (v.
633 2099 691 2147 16)
721 2111 729 2137 :
762 2097 839 2140 Pro
862 2098 1194 2150 cogitationibus

165 2171 315 2209 autem.
331 2167 442 2209 Bene
472 2168 557 2209 dixi
582 2182 590 2209 :
614 2168 707 2210 Non
729 2169 932 2211 similiter
950 2173 1103 2221 <etatem
1117 2181 1193 2222 pro

165 2238 238 2280 sed
273 2239 424 2292 potius)
459 2250 536 2292 pro
575 2240 909 2292 cogitationibus
939 2242 1190 2291 insensatis,

165 2310 208 2350 id
227 2314 303 2361 est,
326 2311 371 2350 in
391 2312 501 2352 malo
521 2311 741 2361 induratis,
761 2313 1013 2364 iniquitates
1036 2311 1083 2364 (b)
1100 2311 1191 2353 illo-

165 2389 281 2429 rum,
304 2378 459 2419 scilicet
488 2379 716 2419 exteriores
737 2382 854 2428 sunt;
891 2379 1011 2431 quasi
1049 2379 1158 2419 dicat
1180 2391 1193 2418 .·

167 2447 248 2488 Pro
284 2449 407 2489 malis
438 2449 768 2500 cogitationibus
802 2451 1106 2502 permittuntur
1124 2462 1191 2489 ca-

168 2519 267 2559 dere
295 2519 340 2559 in
378 2519 511 2560 malas
541 2521 805 2572 operationes
817 2533 834 2572 ,·
869 2520 983 2560 unde
1018 2519 1192 2560 Glossa:

175 2603 195 2627 (‹
213 2588 363 2642 Iniqua.
387 2602 513 2643 opera
542 2603 594 2630 ex
615 2591 942 2642 cogitationibus
971 2591 1192 2643 prodeunt,

167 2660 267 2713 quia
291 2661 461 2713 reprobi
491 2673 576 2701 non
610 2664 776 2701 mutant
798 2673 869 2701 cor
901 2661 1010 2700 inter
1028 2660 1197 2712 flagella

167 2730 370 2771 Domini.»
386 2735 400 2757 ⁶
417 2731 684 2772 «Secundum
709 2732 908 2772 duritiam
929 2735 1046 2772 tuam
1065 2734 1106 2772 et
1125 2744 1196 2771 cor

167 2801 435 2855 impoenitens
476 2803 735 2843 thesaurizas
776 2803 851 2843 tibi
902 2803 1009 2843 iram
1048 2803 1091 2842 in
1130 2803 1197 2843 die

169 2870 260 2921 irae,
284 2885 304 2908 »
327 2874 403 2912 etc.
420 2872 434 2894 ⁷
461 2886 480 2910 «
502 2871 581 2920 Qui
615 2871 659 2911 in
679 2871 873 2912 sordibus
893 2875 967 2922 est,
987 2871 1199 2912 sordescat

170 2941 321 2982 adhuc.
343 2957 362 2980 »
409 2941 529 2992 Quod
552 2941 730 2995 quidam
758 2947 964 2993 errantes,
995 2945 1072 2982 etc.
1098 2942 1196 2982 :hio

166 3013 354 3064 tangitur
373 3013 536 3066 punitio
556 3012 859 3066 AEgyptiorum
875 3016 1045 3066 propter
1063 3013 1197 3053 idolo-

165 3082 346 3134 latriam,
371 3087 413 3125 et
431 3084 512 3125 hoc
523 3085 912 3137 perimmissionem
925 3096 1170 3124 muscarum
1183 3098 1192 3134 ;

167 3155 208 3193 et
225 3154 456 3196 ostenditur
477 3156 608 3207 huius
629 3167 764 3208 poenae
787 3155 1035 3207 congruitas
1056 3155 1195 3208 primo

169 3234 220 3263 ex
237 3228 353 3277 parte
371 3226 603 3278 peccantis;
629 3226 813 3267 secundo
835 3239 888 3266 ex
908 3228 1026 3278 parte
1045 3225 1196 3278 judicis

213 3305 223 3326 ¹
248 3306 366 3345 Exest„
386 3316 436 3349 XI,
459 3311 487 3340 1.
509 3325 547 3331 —
571 3309 584 3329 ²
601 3308 724 3343 Exod„
743 3316 814 3348 x1v‚
838 3309 889 3339 25.
910 3325 950 3332 —
967 3309 978 3326 ³
998 3309 1091 3347 Sap„
1113 3316 1144 3348 v,
1164 3311 1195 3340 4.

171 3368 202 3374 -—
227 3351 241 3374 δ
263 3355 370 3392 Ρνου.,
394 3362 486 3396 xxw,
508 3357 558 3387 16.
582 3372 621 3378 -
645 3356 656 3374 ⁵
676 3356 762 3390 Act„
784 3365 824 3396 x,
850 3357 902 3386 34.
925 3373 965 3378 ——
991 3356 1002 3374 Β
1028 3356 1135 3392 Rom„
1158 3363 1195 3395 11,

170 3401 201 3431 5.
216 3418 256 3424 —
276 3400 290 3422 ⁷
309 3401 419 3442 Apoc„
442 3411 530 3444 xxm,
552 3405 601 3436 11.
616 3421 657 3427 —
677 3404 688 3422 ⁸
712 3403 822 3442 Prov„
841 3411 910 3443 xw,
932 3405 982 3436 22.
1001 3421 1042 3426 —
1057 3403 1070 3425 ⁹
1090 3404 1194 3443 Rom„

171 3454 200 3488 ι,
220 3448 272 3478 23.
292 3464 332 3470 —
361 3448 382 3466 ¹⁰
400 3449 491 3481 Psal.
515 3458 654 3490 Lxxvn,
676 3452 728 3482 45.
748 3468 782 3473 —-
815 3452 839 3472 ¹¹
864 3451 973 3490 Estlz„
996 3457 1059 3491 vu,
1086 3451 1135 3481 10.

1270 255 1502 306 punientiS,
1521 256 1578 295 ibi
1603 270 1612 296 ;
1633 256 1726 298 Non
1739 258 1852 298 enim
1866 259 1978 311 quod
1992 261 2183 313 quidam,
2199 267 2293 316 etc„

1272 326 1390 377 quasi
1412 326 1521 366 dicat
1544 341 1552 366 ε
1585 326 1698 367 Sicut
1720 328 1855 379 puniti
1894 334 1991 370 sunt
2024 343 2099 383 pro
2133 332 2297 373 Israeli-

1268 398 1411 436 tarum
1446 397 1685 449 punitione,
1719 398 1832 450 quod
1856 401 1946 451 (pro
1975 403 2091 453 quia)
2123 403 2298 454 quidam

1269 464 1568 518 AEgyptiorum
1589 472 1791 518 errantes,
1808 471 1962 511 scilicet
1980 484 2005 511 a
2022 473 2104 513 fide
2124 473 2137 494 ⁸
2157 488 2165 512 :
2193 489 2211 511 (ι
2229 473 2298 514 Er-

1270 541 1381 588 rant,
1401 539 1474 590 qui
1497 543 1728 591 operantur
1750 541 1924 582 malum.
1952 557 1971 579 »
1995 544 2295 586 colebantmu-

1270 611 1332 649 tos
1352 613 1563 661 serpentes
1593 624 1602 650 t
1622 615 1761 653 mutos
1779 612 1899 662 dicit,
1934 612 1986 653 ad
2018 613 2300 655 differentiam

1269 680 1472 731 serpentis
1489 681 1562 731 qui
1582 681 1748 722 locutus
1763 686 1825 723 est
1841 683 1942 724 Evae
1955 685 1997 724 in
2010 686 2202 738 paradiso
2218 689 2298 726 ter-

1268 749 1406 788 restri.
1429 749 1482 791 Et
1500 750 1656 792 bestias
1673 762 1972 804 supervacuas,
1996 755 2038 795 id
2053 759 2113 796 est
2127 756 2300 797 inutiles

1269 819 1319 859 ad
1340 820 1584 872 colendum3
1609 822 1799 863 colebant
1819 826 1931 865 enim
1953 826 2139 879 AEgyptii
2160 827 2301 868 AEscu-
2343 845 2455 879 „Egyp-

2335 885 2441 912 tiorum

1267 890 1429 942 lapium
1468 892 1547 932 sub
1586 893 1721 944 specie
1757 896 1982 946 serpentis;
2026 897 2296 947 Mercurium,

1268 1031 1394 1084 Apim
1417 1032 1495 1072 sub
1525 1033 1660 1085 specie
1682 1034 1802 1074 bovis
1826 1049 1834 1075 :
1859 1039 1872 1059 ⁹
1906 1051 1925 1074 (ι
1958 1036 2228 1078 Mutaverunt
2245 1039 2298 1078 si-

1269 1101 1553 1144 militudinem
1569 1104 1900 1158 incorruptibilis
1911 1107 1983 1148 Dei
1994 1108 2037 1147 in
2055 1108 2295 1150 similitudi-

1270 1184 1369 1212 nem
1393 1175 1678 1226 coiruptibilis
1705 1176 1911 1228 hominis,
1932 1182 1972 1218 et
1999 1179 2237 1228 volucrum,
2259 1187 2300 1220 et

1268 1244 1620 1296 quadrupedum,
1653 1250 1693 1286 et
1718 1249 1993 1300 serpentium.
2017 1264 2036 1287 ›>
2072 1251 2299 1294 Jmmzststi

1267 1313 1354 1354 illis
1386 1315 1707 1358 nmttitaclz'nem
1730 1322 1941 1359 matorum
1963 1321 2221 1362 animalium
2249 1324 2298 1363 in

1266 1383 1518 1435 vindictam,
1542 1386 1695 1426 scilicet
1716 1400 1857 1438 ranas,
1883 1394 1923 1429 et
1943 1402 2132 1441 muscaS,
2153 1392 2299 1433 cinifes

1266 1457 1307 1494 et
1325 1454 1522 1506 locustas,
1547 1458 1779 1498 secundum
1799 1460 1904 1500 illud
1930 1460 1956 1482 ¹⁰
1977 1476 2017 1501 z«
2037 1462 2206 1502 Misitin
2228 1476 2299 1504 eos

1266 1526 1546 1577 coenomyiam
1572 1527 1632 1579 (c),
1656 1531 1696 1568 et
1722 1530 1902 1570 comedit
1929 1543 2000 1571 eos
2010 1547 2019 1581 3
2057 1536 2098 1573 et
2131 1546 2296 1585 ranam,

1266 1597 1306 1635 et
1325 1595 1567 1648 disperdidit
1587 1610 1677 1648 eos;
1713 1602 1753 1639 et
1773 1600 1885 1640 dedit
1917 1603 2104 1654 aerugini
2135 1605 2299 1646 fructus

1266 1678 1430 1716 eorum,
1455 1670 1494 1707 et
1513 1668 1677 1709 labores
1706 1682 1853 1710 eorum
1874 1672 2061 1714 locustae.
2083 1689 2102 1712 ›>

1321 1739 1384 1776 17.
1416 1737 1463 1779 Ut
1494 1739 1675 1790 scirent,
1702 1742 1807 1792 quta
1834 1752 1910 1793 per
1939 1755 2058 1795 quse,
2081 1745 2121 1785 id
2142 1750 2203 1786 est
2226 1760 2299 1800 por

1265 1807 1426 1859 qualia,
1446 1813 1588 1860 peccat
1608 1812 1727 1862 qais,
1748 1822 1822 1863 per
1844 1812 1953 1863 liceo,
1975 1814 2015 1855 id
2033 1818 2124 1867 est,
2149 1829 2221 1869 per
2241 1819 2298 1858 si-

1266 1879 1402 1927 milia,
1427 1883 1464 1920 et
1484 1880 1494 1931 (
1514 1880 1555 1920 id
1585 1884 1648 1921 est
1680 1882 1829 1933 etiam)
1853 1887 2099 1936 torquetur3
2125 1886 2295 1929 Glossa:

1271 1963 1290 1986 (ι
1320 1948 1369 1989 Ut
1403 1962 1456 1989 ex
1494 1951 1770 1992 similitudine
1804 1966 1967 2005 poenae,
1991 1962 2296 2007 cognoscerent

1266 2020 1511 2072 qualitatem
1531 2021 1690 2074 culpae3
1708 2038 1726 2060 »
1754 2024 1860 2064 sicut
1882 2025 1902 2046 ¹¹
1925 2025 2064 2066 Aman
2090 2042 2109 2065 ((
2126 2040 2299 2081 suspen-

1266 2103 1337 2131 sus
1373 2097 1435 2132 est
1470 2093 1679 2145 patibulo,
1713 2095 1825 2147 quod
1864 2101 2088 2148 paraverat
2128 2098 2297 2141 Mardo-

1267 2162 1418 2212 chaeo;
1459 2177 1476 2199 υ
1507 2166 1548 2203 et
1580 2164 1870 2218 Holophernes
1904 2169 2074 2221 proprio
2109 2171 2298 2223 pugione

1266 2233 1428 2274 occisus
1452 2238 1515 2275 est
1541 2248 1565 2276 a
1597 2236 1777 2278 muliere
1799 2269 1808 2288 ,
1841 2250 1972 2290 quam
2004 2241 2114 2281 male
2141 2254 2295 2283 concu-

1267 2305 1416 2357 pierat.

1322 2382 1386 2418 18.
1408 2378 1504 2419 Non
1525 2381 1636 2421 enim
1657 2381 1951 2433 impossibilis,
1971 2386 2047 2424 ete.
2072 2384 2146 2426 Hic
2163 2389 2298 2428 osten-

1267 2447 1384 2487 ditur
1415 2460 1553 2499 poenae
1585 2452 1866 2501 congruentia
1899 2465 1950 2492 ex
1991 2458 2108 2505 parte
2141 2457 2298 2507 judicis

1267 2517 1504 2569 punientis,
1527 2519 1601 2571 qui
1632 2521 1770 2571 potius
1792 2521 1883 2562 vult
1906 2523 1965 2562 uti
1985 2524 2293 2579 misericordia,

1268 2600 1397 2639 quam
1423 2589 1622 2640 potentia.
1652 2589 1704 2630 Et
1732 2591 1869 2642 primo
1900 2594 2158 2646 ostenditur,
2184 2599 2297 2650 quod

1267 2657 1399 2710 huJ'us
1416 2658 1522 2698 levis
1542 2660 1706 2712 punitio
1728 2673 1815 2701 non
1845 2662 1923 2702 fuit
1951 2675 2004 2703 ex
2022 2665 2292 2719 impotentia3

1268 2728 1467 2779 secundo,
1490 2730 1604 2782 quod
1623 2730 1701 2770 fuit
1720 2744 1772 2771 ex
1793 2732 1848 2783 (d)
1871 2733 2182 2778 misericordia:
2209 2739 2296 2781 Sea

1269 2801 1583 2852 omnia,·tertio
1613 2802 1808 2842 subditur
1840 2805 2030 2856 probatio
2063 2810 2259 2859 potentiae
2285 2826 2293 2852 :

1267 2869 1450 2912 Multam
1476 2872 1588 2913 enim
1611 2886 1620 2922 ;
1655 2876 1805 2924 quarto
1836 2875 2025 2926 probatio
2055 2878 2294 2922 misericor-

1268 2941 1350 2982 diae
1373 2956 1381 2982 ε
1407 2944 1465 2984 Et
1483 2943 1712 2985 misereris.
1737 2943 1783 2984 In
1807 2945 1943 2997 prima
1962 2949 2162 3001 ostendit,
2184 2953 2297 3005 quod

1269 3016 1431 3066 poterat
1461 3026 1531 3055 eos
1563 3014 1682 3054 aliter
1718 3015 1890 3067 punire,
1927 3018 2081 3060 scilicet
2114 3025 2188 3062 aut
2223 3036 2297 3076 per

1268 3085 1602 3126 instrumentum
1631 3085 1828 3127 vindictae
1853 3088 1944 3139 jam
1978 3093 2194 3144 creatum,
2224 3098 2296 3135 aut

1268 3166 1343 3206 per
1365 3155 1479 3196 aliud
1498 3168 1610 3196 novo
1631 3156 1882 3208 creandum,
1902 3157 1959 3198 ibi
1982 3171 1992 3198 :
2016 3161 2102 3203 Aut
2119 3165 2221 3205 novi
2232 3176 2296 3217 96—

1268 3228 1400 3277 neris,
1422 3229 1518 3277 etc.;
1540 3230 1615 3267 aut
1635 3228 1876 3269 immediate
1898 3241 1972 3281 per
1990 3231 2130 3283 ipsum
2155 3249 2163 3274 :
2185 3235 2295 3277 Nam

1269 3302 1307 3341 et
1325 3301 1416 3341 sine
1436 3300 1508 3350 iis,
1535 3302 1613 3340 etc.
1643 3299 1748 3339 Dicit
1767 3311 1872 3351 ergo
1895 3315 1904 3342 ε
1927 3302 2022 3344 Non
2040 3305 2166 3355 enim,
2189 3310 2290 3349 eto:

1311 3406 1353 3445 (a)
1386 3406 1484 3447 Vulg.
1528 3406 1689 3437 sitientes.
1723 3423 1762 3428 -—
1801 3405 1847 3447 (b)
1883 3407 1979 3448 Vulg.
2020 3409 2220 3451 iniquilatis,
2255 3431 2296 3440 -.

1271 3453 1310 3492 (e)
1332 3453 1413 3484 Coet.
1434 3453 1514 3485 edit.
1538 3462 1756 3494 cynomyam.
1775 3470 1815 3475 —
1836 3453 1881 3494 (α’)
1905 3455 1985 3485 Item
2004 3455 2089 3490 haec.

2331 928 2449 956 idolola-

1268 961 1348 1001 sub
1369 962 1503 1014 specie
1523 963 1660 1013 canis;
1683 966 1846 1015 tlovem,
1876 967 1954 1006 sub
1974 968 2110 1019 specie
2130 969 2294 1019 arietis3
2318 970 2384 997 “12³-
