2634 3853
900 192 1173 237 EXPOSITIO
1204 190 1259 234 IN
1285 191 1400 234 CAP.
1430 189 1539 233 VIII.

150 293 286 335 ratem
307 289 471 333 liberati
505 289 618 330 sunt.
648 301 667 326 n
692 286 832 329 Tertio
856 296 958 327 vero
982 316 993 336 ,
1024 282 1177 324 Christi

153 361 429 411 consortium,
451 360 551 413 quia
579 359 707 400 simul
740 369 838 399 cum
865 355 967 409 ipsis
1001 355 1047 395 in
1078 353 1179 395 navi

153 432 411 474 transierunt
432 432 443 453 1
466 445 475 471 :
506 446 526 470 α
557 431 661 472 Cum
688 427 906 470 transieris
925 438 1000 479 per
1018 435 1149 477 aquas
1166 456 1175 474 ,

150 506 291 544 tecum
316 515 408 554 ero,
432 505 472 544 et
494 503 673 544 flumina
690 514 777 543 non
804 498 992 552 operient
1013 499 1068 537 te.
1090 511 1108 533 >³
1134 496 1180 536 In

151 574 317 617 Psalmo
331 575 345 596 ⁹·
367 589 377 615 ·.
401 589 420 613 «
438 574 542 616 Cum
562 575 652 627 ipso
674 585 768 614 sum
789 573 835 611 in
853 568 1139 610 tribulatione.
1158 580 1176 604 ))

152 645 203 686 Et
216 645 260 686 in
273 646 475 689 Macthoeo
492 646 543 699 (a)
564 647 577 668 ³
594 661 632 687 z«
645 645 747 686 Ecce
759 656 837 695 ego
851 640 1070 683 vobiscum
1085 651 1183 679 sum

153 717 351 758 omnibus
369 717 537 768 diebus,
560 728 695 770 usque
709 714 761 756 ad
774 710 1184 754 consummationem

156 788 316 829 saeculi.
335 802 354 826 ›>

208 859 325 901 Circa
343 860 548 913 impeturn
569 857 788 912 procellae,
811 855 857 896 in
877 866 962 908 quo
990 852 1186 905 designa-

154 932 227 972 tur
257 930 431 971 tentatio
460 931 640 980 animae,
663 927 746 968 tria
775 928 874 968 sunt
902 924 1155 966 attendenda
1180 938 1188 964 :

155 1002 343 1055 primum
365 1004 426 1043 est
447 1001 701 1043 obdormitio
732 998 915 1049 Christi,
951 996 1063 1050 quod
1092 995 1185 1048 qui-

157 1072 254 1113 dem
281 1074 343 1113 est
375 1073 544 1126 quando
576 1072 727 1113 Christi
758 1081 877 1111 amor
909 1071 950 1109 et
984 1066 1190 1108 memoria

157 1143 355 1196 torpescit
372 1144 417 1184 in
436 1144 581 1194 corde,
602 1155 703 1184 nam
723 1145 767 1183 in
794 1153 838 1182 se
865 1153 951 1182 non
974 1138 1188 1181 obdormi-

159 1215 251 1256 vit:
280 1215 324 1255 in
348 1215 518 1258 Psalmo
542 1215 555 1237 ¹⁶
580 1230 589 1255 ε
618 1230 637 1254 α
668 1214 774 1255 Ecce
806 1225 892 1254 non
923 1210 1189 1259 dormitabit,

161 1298 300 1338 neque
319 1286 499 1327 dormiet
518 1286 593 1339 qui
621 1285 800 1326 custodit
824 1283 952 1324 Israel
975 1297 983 1324 :
1007 1296 1025 1319 n
1054 1281 1125 1322 sed
1147 1281 1191 1320 in

160 1355 283 1395 nobis
300 1370 310 1405 ;
332 1355 426 1396 ideo
449 1356 602 1396 dicitur
621 1356 634 1376 ‘¹’
655 1370 663 1396 :
691 1354 904 1405 «Vigilate
921 1356 961 1394 et
980 1355 1095 1393 orate
1110 1384 1122 1402 ,
1144 1354 1193 1392 ut

160 1437 247 1467 non
268 1425 433 1466 intretis
458 1426 503 1466 in
526 1425 817 1466 tentationem.
849 1438 869 1461 »
891 1423 942 1464 Et
974 1423 1122 1464 Petrus
1143 1427 1156 1447 ⁰
1180 1436 1189 1462 t

168 1511 187 1534 «
207 1496 344 1538 Sobrii
365 1498 516 1547 estote,
532 1498 574 1537 et
592 1495 790 1548 vigilate,
807 1509 826 1533 >³
844 1497 921 1536 etc.
939 1494 990 1535 Et
1009 1495 1023 1517 ⁷
1041 1508 1050 1534 z
1073 1492 1194 1534 «Non

162 1568 423 1609 dormiamus
452 1567 559 1608 sicut
591 1568 632 1608 et
666 1566 833 1618 caeteri3
863 1566 935 1607 sed
964 1565 1195 1618 vigilemus

164 1640 205 1680 et
223 1639 352 1679 sobrii
374 1639 507 1679 simus
534 1653 542 1679 :
566 1638 640 1691 qui
660 1638 775 1696 enim
808 1637 1051 1688 dormiunt,
1075 1638 1196 1677 nocte

165 1709 397 1751 dormiunt.
428 1724 447 1748 ›)
473 1708 716 1750 Secundum
753 1710 816 1749 est
840 1709 1065 1749 descensus
1095 1720 1196 1760 pro—

166 1779 281 1820 cellas
304 1780 447 1830 venti,
469 1780 513 1820 in
532 1791 617 1833 quo
637 1779 888 1831 designatur
916 1779 1090 1820 tentatio
1111 1778 1198 1819 dia-

165 1851 251 1892 boli
271 1854 284 1876 8
309 1865 318 1892 :
348 1865 367 1890 c‹
387 1851 546 1893 Ventus
567 1850 751 1891 turbinis
770 1850 967 1892 veniebat
986 1851 1038 1891 ab
1057 1850 1196 1903 Aqui-

166 1921 312 1963 lone.»
332 1921 411 1963 Hic
431 1924 517 1963 est⁹
538 1924 722 1964 «ventus
740 1922 970 1963 vehemens
987 1934 1010 1961 a
1025 1921 1199 1973 regione

167 1992 344 2043 deserti,
368 1993 443 2046 qui
465 1993 674 2034 concussit
694 1995 879 2046 quatuor
907 1992 1093 2044 angulos
1123 1992 1198 2033 [lo-

168 2075 289 2115 mus,
324 2078 343 2102 n
375 2063 418 2104 id
449 2066 512 2104 est
536 2066 718 2117 quatuor
745 2064 899 2105 mentis
928 2064 1128 2113 affectuS,
1150 2064 1201 2104 de

169 2146 255 2187 quo
271 2134 345 2177 Job
365 2134 394 2156 ¹⁰
417 2146 428 2174 ε
447 2149 466 2174 α
487 2134 684 2187 Frigidus
704 2137 859 2177 ventus
878 2134 1032 2188 Aquilo
1053 2135 1200 2186 flavit,

169 2206 211 2246 et
229 2205 388 2257 gelavit
407 2205 631 2259 crystallus
653 2205 706 2246 ab
725 2218 851 2258 aqua.
883 2220 902 2244 n
927 2205 1119 2247 Tertium
1140 2208 1202 2246 est

169 2275 417 2329 periclitatio
452 2277 575 2318 navis
607 2276 804 2330 impulsae
824 2309 835 2328 ,
869 2289 966 2330 quae
1009 2276 1204 2329 designat

170 2347 532 2401 perturbationem
560 2347 730 2388 animae.
752 2348 875 2401 Aqua
905 2348 1020 2388 enim
1056 2348 1201 2400 ingre-

172 2418 293 2459 diens
311 2418 357 2458 in
382 2418 627 2460 naviculam
656 2420 717 2459 est
748 2411 1012 2471 perturbatio
1040 2419 1204 2459 intrans

172 2488 218 2529 in
255 2488 465 2540 animam3
503 2491 544 2530 et
577 2491 681 2530 tunc
719 2490 914 2531 imminet
950 2490 1202 2543 periculum.

175 2558 292 2601 Unde
310 2560 355 2600 in
374 2560 542 2603 Psalmo
564 2560 590 2582 1¹
616 2575 625 2602 ε
650 2575 669 2599 <‹
689 2559 866 2603 Salvum
888 2573 956 2602 me
975 2562 1054 2613 fao,
1076 2561 1203 2612 Deus,

176 2630 380 2684 quoniam
410 2631 680 2672 intraverunt
704 2643 826 2684 aquae
861 2644 998 2685 usque
1028 2632 1080 2673 ad
1112 2633 1205 2673 ani-

175 2713 292 2742 mam
311 2713 465 2745 meam.
487 2716 507 2740 n
532 2702 583 2743 Et
602 2703 645 2743 in
669 2702 844 2746 Threnis
864 2703 892 2726 ¹²
915 2704 1206 2747 :«Inundave-

176 2774 279 2813 runt
297 2785 421 2826 aquae
438 2785 565 2826 super
579 2776 705 2827 caput
720 2786 886 2825 meum;
904 2774 993 2816 dixi
1012 2789 1021 2815 :
1039 2774 1166 2816 Perii.
1183 2789 1202 2814 >³

230 2844 346 2886 Circa
361 2846 690 2888 consolationem
705 2847 859 2888 animae
875 2847 956 2887 tria
968 2850 1066 2888 sunt
1079 2850 1210 2888 atten-

178 2915 329 2957 denda.
358 2916 554 2958 Primum
585 2919 646 2959 est
674 2918 809 2959 oratio
839 2918 883 2958 in
910 2917 1063 2959 Christi
1094 2918 1207 2959 exci-

179 2985 360 3037 tatione3
386 2988 501 3040 quod
530 2989 578 3030 fit
611 3001 686 3042 per
721 2989 956 3030 orationem
975 2990 1004 3012 ¹³
1029 3003 1037 3031 :
1067 3004 1086 3028 «
1111 2990 1211 3039 Quis

181 3057 372 3098 vestrum
391 3058 518 3100 habet
537 3060 737 3112 amicum,
759 3075 778 3099 »
801 3063 879 3102 etc.
900 3060 952 3102 Et
976 3061 1117 3104 Isaias
1141 3062 1170 3086 ¹²*
1198 3075 1207 3103 :

189 3124 317 3166 «Non
332 3129 395 3168 est
414 3130 487 3181 qui
506 3130 674 3173 invocet
691 3143 846 3173 nomen
864 3134 1002 3184 tuum,
1019 3132 1093 3185 qui
1116 3144 1213 3173 con-

182 3199 345 3248 surgat,
367 3199 408 3238 et
425 3200 563 3241 teneat
582 3202 639 3242 te.
663 3216 683 3239 »
706 3201 950 3244 Secundum
975 3199 1043 3243 est
1057 3202 1213 3244 mentis

183 3266 350 3310 devotio
376 3269 422 3310 in
452 3271 767 3325 tranquillitate.
807 3273 960 3315 Tobias
993 3273 1092 3314 dicit
1129 3274 1157 3298 ¹⁵
1201 3285 1210 3313 ε

226 3357 235 3378 1
258 3358 336 3397 isa„
358 3366 458 3400 xum,
476 3362 550 3391 2.—
568 3362 582 3382 ²
600 3361 693 3394 Psal.
709 3371 764 3402 xc,
789 3366 883 3395 15.—-
902 3364 913 3382 ³
933 3363 1069 3403 Malta,
1090 3371 1213 3403 xxvm,

185 3407 281 3437 20.—
303 3406 418 3439 '’Psal.
443 3415 524 3448 cxx,
545 3410 620 3441 4.-—
638 3410 649 3428 ⁵
671 3411 806 3451 Mattlz„
822 3420 909 3453 xxm,
931 3414 1024 3443 41.-
1040 3413 1051 3430 θ
1074 3412 1083 3442 l
1110 3412 1213 3450 Petra,

186 3460 219 3494 v,
239 3454 269 3484 8.
290 3471 330 3477 —
353 3452 365 3474 7
388 3454 398 3485 1
422 3454 543 3495 Thess„
564 3463 596 3496 v,
615 3458 647 3494 6,
667 3457 697 3489 7.
714 3476 749 3481 ——
771 3460 782 3477 Β
801 3459 933 3497 Ezeclz.‚
957 3467 981 3498 1,
1002 3461 1033 3490 4.
1053 3477 1093 3482 —
1112 3460 1123 3476 ⁰
1140 3457 1212 3497 Job,

187 3507 212 3540 1,
235 3502 284 3533 19.
305 3517 346 3525 -
364 3501 391 3524 ¹0
410 3502 526 3542 Ecclz‘.,
545 3510 652 3543 xmn,
673 3506 724 3535 22.
748 3522 788 3528 —
823 3507 834 3526 1
857 3505 947 3538 Psal.
976 3513 1102 3546 vain,
1123 3507 1153 3537 2.
1175 3523 1216 3529 —

2205 186 2277 227 431

1259 296 1278 320 (ι
1308 281 1400 322 Non
1435 277 1651 320 delectaris
1687 277 1732 317 in
1768 274 2073 330 perditionibus
2109 275 2278 325 nostris,

1253 352 1352 405 quia
1371 354 1464 404 post
1480 350 1787 403 tempestatem,
1808 346 2085 400 tranquillum
2102 345 2222 394 facis;
2246 347 2287 385 et

1254 425 1346 476 post
1365 421 1713 475 lacrymationem
1733 422 1774 461 et
1792 420 1956 468 fletum,
1983 416 2288 457 exultationem

1256 494 1453 535 infundis.
1470 508 1488 530 >³
1506 493 1556 534 Et
1573 493 1795 545 Sapientia
1810 492 1837 517 ¹⁶
1856 505 1892 532 ια
1905 489 1969 530 Tu
1985 490 2142 538 autem,
2160 486 2292 526 Domi-

1256 564 1572 614 natorvirtutis,
1587 576 1683 604 cum
1697 561 2000 615 tranquillitate
2007 558 2173 611 judicas
2187 557 2251 609 (b):
2267 570 2285 594 n

1257 637 1297 675 et
1326 635 1515 688 sequitur
1545 647 1555 675 ε
1591 650 1610 673 α
1641 634 1793 675 Subest
1813 633 1928 674 enim
1956 631 2049 681 tibi,
2087 640 2187 670 cum
2213 639 2294 670 vo-

1257 706 1399 757 tueris,
1436 717 1571 758 posse.
1606 720 1624 743 »
1664 705 1852 745 Tertium
1891 704 1952 744 est
1984 700 2056 743 Dei
2087 698 2294 741 bonorifi-

1259 777 1396 818 centia
1414 776 1458 816 in
1484 776 1564 817 hoc
1593 775 1707 828 quod
1728 775 1861 815 Deum
1881 773 2157 821 venerantur,
2179 761 2219 811 et
2237 769 2294 809 ti-

1260 850 1390 899 ment,
1415 850 1455 889 et
1473 848 1743 896 confitentur,
1766 846 1874 886 sicut
1893 844 2057 897 Moyses
2074 844 2168 895 post
2184 841 2290 882 libe-

1260 919 1470 960 rationem
1498 917 1661 959 Israelis
1690 918 1742 958 ab
1763 915 1973 969 AEgyptiis
1992 914 2140 955 cecinit
2170 912 2297 953 canti-

1262 1004 1359 1032 cum
1406 990 1600 1032 Domino.
1651 990 1708 1030 De
1751 989 1818 1029 his
1865 987 2003 1028 tribus
2052 985 2204 1026 dicitur
2252 984 2298 1024 in

1264 1062 1428 1105 Psalmo
1447 1062 1473 1084 ¹⁷
1493 1076 1501 1102 ε
1531 1077 1550 1101 α
1571 1061 1725 1102 Invoca
1745 1072 1813 1100 me
1833 1059 1879 1099 in
1901 1058 1969 1100 die
1988 1055 2294 1105 tribulationis3

1264 1146 1410 1175 eruam
1428 1135 1482 1184 te,
1507 1135 1547 1174 et
1571 1130 1870 1173 honorificabis
1896 1142 1980 1170 me.
2004 1142 2023 1166 ))
2058 1127 2110 1168 Et
2139 1127 2196 1167 sic
2224 1138 2298 1179 pa-

1264 1208 1322 1246 tet
1341 1204 1552 1258 quomodo
1571 1203 1641 1244 hio
1658 1202 1929 1256 spiritualiter
1949 1201 2173 1242 denotatur
2188 1200 2300 1238 tran-

1265 1276 1371 1317 situs
1396 1276 1551 1316 animae
1572 1274 1827 1327 poenitentis.

1321 1350 1386 1388 026.
1427 1348 1481 1389 Et
1514 1347 1827 1399 naviqavcranc
1859 1344 1917 1386 acl
1955 1343 2183 1395 reqionem,
2218 1342 2297 1383 etc.

1270 1420 1499 1472 Postquam
1516 1419 1653 1471 primo
1679 1417 1859 1459 ostendit
1875 1414 2147 1467 Evangelista
2169 1413 2302 1454 Chris-

1268 1493 1362 1532 tum
1380 1491 1538 1531 habere
1556 1489 1793 1530 dominium
1811 1499 1938 1541 super
1958 1488 2194 1527 creaturam
2214 1496 2304 1525 cor-

1268 1562 1457 1616 poralem
1470 1593 1483 1613 ,
1508 1561 1579 1601 hic
1596 1559 1779 1601 secundo
1800 1557 1982 1599 ostendit
1999 1556 2155 1597 habere
2172 1555 2304 1597 domi--

1268 1634 1390 1674 nium
1407 1644 1535 1685 super
1554 1633 1792 1672 creaturam
1812 1628 2076 1682 spiritualem
2093 1627 2140 1667 in
2160 1626 2304 1679 expul-

1271 1705 1387 1745 sione
1418 1702 1654 1744 admirabili
1675 1700 1947 1742 daemoniacae
1974 1699 2168 1752 legionis.
2189 1698 2305 1739 Unde

1270 1775 1451 1817 intendit
1470 1775 1514 1815 in
1544 1775 1623 1814 hac
1653 1775 1770 1826 parte
1796 1771 2070 1823 Evangelista
2095 1769 2305 1823 explicare

1271 1847 1511 1889 mirabilem
1537 1846 1830 1887 liberationem
1864 1842 2112 1885 daemoniaci
2149 1842 2303 1882 factam

1271 1931 1347 1972 per
1366 1919 1569 1961 virtutem
1591 1916 1757 1958 Christi.
1774 1915 1838 1956 Ad
1857 1915 1989 1967 huius
2009 1916 2154 1955 autem
2175 1912 2303 1953 mira-

1274 1991 1357 2031 culi
1384 1989 1708 2043 explicationem
1738 1989 1921 2040 quatuor
1940 1985 2302 2026 introducuntur:

1273 2062 1462 2115 primum
1499 2062 1561 2102 est
1587 2058 1789 2102 violentia
1822 2056 2028 2098 daemonis
2054 2054 2306 2104 obsidentis;

1273 2132 1510 2174 secundum
1541 2133 1602 2171 est
1638 2128 1943 2183 omnipotentia
1971 2127 2043 2168 Dei
2073 2125 2305 2177 liberantis,

1275 2204 1388 2257 quod
1412 2205 1583 2244 notatur
1602 2201 1660 2241 ibi
1691 2201 1744 2254 (v.
1767 2200 1829 2253 31)
1855 2213 1864 2239 z
1894 2200 1949 2241 Ec
1980 2199 2238 2251 roqaverunt
2259 2196 2310 2238 il-

1275 2276 1363 2318 lum
1382 2287 1433 2317 ne
1462 2276 1688 2327 imperaret
1713 2273 1817 2324 illis,
1842 2273 1921 2313 ete.
1943 2270 2132 2311 Tertium
2160 2270 2223 2309 est
2249 2280 2311 2308 re-

1275 2347 1466 2389 verentia
1480 2345 1625 2398 populi
1636 2342 1908 2393 occurrentis,
1924 2341 1983 2381 ibi
2006 2341 2060 2393 (v.
2083 2339 2145 2393 34)
2166 2352 2175 2381 :
2194 2338 2311 2387 Quod

1277 2420 1324 2459 uc
1357 2417 1561 2459 viderunt
1599 2416 1784 2467 sactum,
1826 2413 1903 2466 qui
1937 2411 2188 2465 pascebant,
2228 2411 2308 2450 etc.

1277 2488 1484 2538 Quartum
1517 2489 1579 2528 est
1610 2484 1906 2527 benevolentia
1936 2482 2069 2524 curati
2097 2482 2310 2534 obtempe-

1277 2560 1423 2611 rantis,
1448 2559 1509 2599 ibi
1534 2560 1589 2613 (v.
1612 2557 1674 2610 38)
1707 2571 1716 2597 z
1746 2556 1800 2598 Ec
1828 2554 1997 2608 rogavit
2024 2553 2145 2596 illum
2169 2553 2252 2603 vir,
2283 2563 2310 2593 a

1278 2642 1358 2685 quo
1380 2631 1593 2673 doemonia
1611 2629 1820 2678 exierant,
1841 2628 1919 2667 etc.
1940 2623 2148 2667 violentia
2166 2625 2307 2664 autem

1279 2702 1434 2743 diaboli
1452 2700 1681 2743 obsidentis
1700 2697 1936 2740 ostenditur
1951 2709 2005 2738 ex
2025 2697 2222 2749 quatuor,
2239 2694 2313 2735 sci-

1279 2773 1375 2814 licet
1394 2785 1448 2814 ex
1458 2772 1631 2813 fremitu
1647 2769 1818 2820 furoriS,
1835 2781 1888 2810 ex
1903 2768 2080 2821 strepitu
2099 2766 2310 2818 clamoriS,

1280 2857 1333 2887 ex
1355 2844 1519 2897 impetu
1544 2841 1812 2892 fortitudinis,
1836 2842 1877 2881 et
1905 2851 1958 2880 ex
1978 2839 2182 2880 comitatu
2199 2838 2313 2879 mul-

1281 2915 1485 2957 titudinis.
1516 2914 1659 2955 Primo
1688 2924 1809 2964 ergo,
1843 2913 2053 2964 quantum
2083 2910 2137 2951 ad
2168 2910 2311 2951 fremi-

1281 2991 1375 3029 tum
1410 2986 1564 3028 furoris
1589 2986 1636 3026 in
1668 2982 1929 3026 daemoniaco
1955 2982 2201 3024 occurrente
2231 2980 2312 3022 Do-

1282 3060 1401 3101 mino
1414 3058 1654 3112 applicanti,
1668 3057 1820 3097 dicitur
1837 3070 1846 3097 :
1863 3055 1917 3097 Ec
1928 3055 2242 3108 naviqaverum
2255 3053 2313 3095 acl

1283 3132 1492 3184 reqionem
1526 3130 1844 3172 Gerasenorum.
1880 3126 2035 3167 Gerasa
2070 3127 2229 3176 autem,
2265 3126 2312 3164 ut

1284 3202 1384 3243 dicit
1405 3201 1515 3243 Beda
1534 3202 1577 3252 ¹²³,
1605 3199 1752 3242 civitas
1771 3200 1832 3240 est
1851 3197 2036 3239 Arabiae.
2056 3196 2104 3237 In
2128 3207 2213 3249 quo
2243 3205 2310 3235 os-

1284 3273 1471 3314 tenditur
1488 3271 1602 3326 quod
1628 3273 1721 3324 post
1748 3268 1955 3310 miracula
1980 3269 2088 3309 facta
2107 3267 2215 3307 circa
2237 3264 2311 3306 Ju-

1286 3356 1311 3377 1²
1332 3356 1461 3397 leren„
1483 3363 1541 3396 111,
1561 3355 1613 3387 54.
1641 3372 1676 3378 -
1698 3353 1726 3376 1³
1748 3352 1822 3393 inf„
1843 3361 1893 3394 xi,
1914 3353 1945 3384 5.
1965 3350 2048 3374 ..1⁵
2068 3350 2145 3390 Isa„
2167 3356 2260 3389 LXIV,
2281 3349 2311 3379 7.

1288 3421 1324 3427 -
1345 3403 1371 3425 ¹⁵
1386 3403 1473 3445 Tob„
1495 3410 1548 3443 111,
1567 3404 1619 3434 22.
1641 3419 1680 3425 —
1699 3402 1724 3423 ¹⁶
1740 3401 1833 3441 Sap„
1851 3407 1915 3439 xn,
1936 3401 1985 3431 18.
2004 3415 2044 3421 —
2065 3398 2088 3419 ¹⁷
2104 3396 2194 3429 Psal.
2215 3403 2311 3437 xmx,

1287 3453 1338 3483 15.
1359 3467 1398 3474 —
1419 3451 1443 3472 ¹³
1463 3450 1559 3489 Bed.,
1580 3449 1646 3482 loc.
1663 3448 1734 3489 jam
1755 3448 1826 3488 cit„
1850 3456 1880 3478 c.
1896 3453 2007 3478 xxxu.

1331 3507 1374 3548 (a)
1398 3507 1476 3539 Caet.
1498 3506 1577 3539 edit.
1597 3505 1830 3539 Matthaeus.-
1855 3502 1901 3543 (b)
1923 3502 2002 3533 Item
2018 3500 2146 3541 judica.
