2634 3853
271 165 348 202 174

271 251 376 292 cinis
394 261 642 302 conspersus
663 250 724 288 est
747 246 913 288 affectio
933 248 973 286 et
993 245 1194 296 cogitatio
1214 247 1300 285 tur-

269 323 334 376 pis
361 323 405 362 in
424 321 580 374 capite,
603 320 641 359 id
661 322 721 359 est
743 318 961 359 voluntate
975 316 1184 356 bonorum
1209 317 1262 367 (ct)
1288 330 1297 356 ι

269 394 483 434 interdum
497 391 717 444 pulverem
730 388 836 429 levis
849 386 1116 438 cogitationis
1126 386 1296 437 liabent,

269 477 354 505 non
375 465 417 504 in
444 463 596 515 capite,
626 462 696 501 sed
721 460 762 500 in
783 459 981 512 pedibu&
1005 470 1131 510 quem
1147 459 1301 511 juben-

267 539 337 577 tur
366 538 562 575 excutere
593 547 601 574 ε
632 534 641 554 ¹
669 531 966 582 «Quicumque
987 542 1071 570 non
1097 530 1301 583 receperit

267 620 342 648 vos
358 640 367 657 ‚
391 619 465 647 nec
486 605 664 646 audierit
694 614 908 643 sormones
937 605 1121 653 vestros;
1145 614 1300 643 exeun-

267 678 460 717 tesseras
489 677 538 716 de
567 675 708 723 domo,
736 673 805 714 vel
825 673 875 714 de
907 673 1095 723 civitate,
1118 672 1299 713 excutite

266 748 487 800 pulverem
515 747 565 787 de
594 745 771 798 pedibus
801 744 965 786 vestris.
987 759 1005 781 »
1035 742 1109 784 Vel
1134 743 1237 783 cinis
1256 742 1299 782 in

267 819 399 871 capite
413 851 422 869 ,
440 821 501 858 est
515 829 624 858 vana
640 816 791 868 gloria,
809 815 849 855 in
866 815 977 855 bona
996 815 1171 864 actione,
1189 814 1299 866 prin-

266 888 388 941 cipali
410 888 643 929 intentione
670 886 830 927 habita.
864 887 1058 928 Accincti
1083 888 1183 927 smil
1202 884 1299 926 cili-

266 960 374 1001 cz't's:
394 971 468 1011 per
482 959 616 999 cilicia
637 958 886 1011 punctiones
901 960 1165 997 terrenarum
1181 955 1296 1006 cogi-

266 1031 473 1071 tationum
493 1030 788 1081 designantur,
807 1028 908 1081 quia
931 1027 1185 1068 conscientia
1199 1026 1299 1066 assi-

265 1101 358 1141 duis
370 1100 577 1152 pungitur
592 1099 899 1150 cogitationum
912 1097 1082 1138 aculeis.
1099 1097 1209 1138 Bene
1228 1109 1294 1138 er-

263 1183 319 1222 go
337 1171 410 1223 qui
432 1171 475 1210 in
495 1173 608 1210 terra
627 1169 770 1210 sedere
793 1169 1008 1219 dicuntur,
1025 1167 1202 1209 terrenis
1223 1167 1294 1209 de-

261 1241 557 1282 lectationibus
579 1240 856 1291 inhaerentes,
879 1239 1024 1280 ciliciis
1041 1239 1294 1291 induuntur,

262 1311 363 1363 qnia
391 1312 591 1352 aflectum
621 1311 907 1352 delectationis
933 1311 1124 1364 sequitur
1149 1311 1297 1352 sollici-

268 1381 369 1422 tudo
396 1382 593 1423 desiderii
625 1382 803 1423 satiandi
832 1383 899 1435 (b).
932 1383 1011 1424 Hic
1041 1385 1103 1424 est
1131 1395 1293 1434 saccus,

263 1464 391 1504 quem
421 1452 629 1493 Dominus
651 1453 780 1506 ,iussit
811 1454 862 1494 de
895 1453 1052 1494 lumbis
1080 1453 1225 1495 tollere
1248 1454 1261 1475 2
1284 1468 1292 1494 ε

269 1538 288 1562 α
307 1522 431 1565 Solve
451 1536 619 1565 saccum
640 1524 690 1565 de
709 1524 868 1565 lumbis
883 1525 980 1565 tuis.
1003 1540 1022 1563 ))
1047 1524 1296 1576 Abjecerunc

262 1597 311 1637 in
340 1600 452 1638 terra
482 1597 624 1648 capita
653 1607 733 1638 sua
759 1597 950 1649 vquz‘nes
971 1597 1086 1638 Juda
1112 1612 1127 1638 .·
1146 1597 1215 1638 hic
1234 1600 1296 1638 est

261 1667 504 1720 perditionis
518 1667 636 1717 ordo,
653 1669 702 1707 ut
717 1667 855 1719 primo
869 1668 1050 1720 quisque
1060 1668 1186 1719 bona,
1197 1680 1294 1721 quae

260 1739 366 1790 agit,
390 1750 465 1790 per
485 1738 764 1779 intentionem
785 1738 988 1779 humanae
1006 1739 1143 1780 laudis
1163 1739 1295 1780 obnu-

259 1810 383 1860 bilet;
415 1822 462 1850 ac
495 1810 643 1851 deinde
676 1811 768 1863 ipsa
792 1811 904 1851 bona
929 1823 1058 1864 opera
1076 1810 1121 1851 in
1140 1823 1294 1864 pravas

259 1883 442 1924 actiones
459 1885 689 1923 commutet
708 1883 771 1935 (c).
795 1882 911 1935 Ergo
931 1883 1070 1923 cinere
1090 1886 1215 1936 caput
1234 1895 1294 1923 as-

259 1966 454 2006 pergere,
479 1957 539 1995 est
559 1954 854 1995 delectationes
875 1957 1064 1996 terrenas
1083 1966 1288 2007 quaerere,

260 2024 327 2066 vel
353 2025 396 2064 in
422 2025 542 2066 bonis
568 2026 731 2066 actibus
750 2025 896 2066 laudes
918 2025 1130 2066 humanas
1140 2040 1150 2076 3
1168 2030 1292 2079 caput

259 2097 458 2149 abjicere,
491 2099 554 2138 est
582 2098 800 2138 manifeste
819 2097 940 2138 malis
959 2097 1196 2150 indulgere.

315 2169 444 2221 Caph.
468 2170 719 2220 Defecerant
742 2180 833 2221 prce
854 2169 1057 2222 lacrymis
1081 2182 1096 2208 :
1117 2169 1210 2210 haec
1229 2172 1292 2210 est

258 2242 442 2284 secunda
463 2255 560 2295 pars
585 2243 779 2295 capituli,
801 2242 847 2282 in
866 2255 969 2295 qua,
994 2244 1086 2295 post
1106 2242 1289 2294 descrip-

256 2317 343 2354 tam
363 2314 662 2355 desolationem
683 2314 952 2367 Synagogae‚
975 2314 1204 2355 introducit
1222 2313 1288 2353 la-

256 2385 555 2426 mentationem
570 2385 702 2438 ipsius
713 2386 827 2427 vocis
841 2385 893 2438 (cl)
903 2385 1136 2438 Prophetae,
1150 2385 1288 2438 primo

256 2456 476 2497 ostendens
490 2457 647 2498 doloris
662 2458 727 2499 sui
744 2458 1059 2500 vehementiam
1072 2471 1081 2508 3
1104 2457 1288 2498 secundo

255 2528 346 2580 subj
356 2540 521 2580 ungens
540 2528 695 2569 doloris
716 2529 954 2580 materiam,
976 2529 1034 2568 ibi
1057 2543 1066 2569 :
1092 2528 1194 2570 Cam
1217 2528 1286 2570 cle-

256 2598 395 2648 sicerec
416 2600 645 2651 parvulus,
672 2604 751 2640 ete.
784 2599 1105 2641 Vehementiam
1133 2599 1288 2640 doloris

258 2669 451 2720 ostendit,
468 2673 559 2710 tum
577 2683 630 2711 ex
648 2671 774 2722 signo
789 2670 1003 2719 exteriori,
1017 2670 1176 2722 primo;
1192 2671 1288 2710 tum

256 2750 308 2780 ex
320 2740 462 2781 dolore
478 2741 682 2792 interiori,
699 2743 897 2793 secundo,
920 2742 978 2782 ibi
996 2753 1006 2782 ε
1028 2741 1287 2784 conturbata

257 2814 357 2853 sunt
376 2813 540 2854 viscera
560 2825 673 2864 mea,
695 2816 791 2864 etc‚;
813 2816 906 2854 tum
933 2826 987 2854 ex
1012 2812 1286 2855 evacuatione

258 2882 394 2922 omnis
413 2883 562 2934 solatii,
579 2884 636 2924 ibi
655 2898 664 2925 z
686 2884 890 2937 Effusum
909 2887 970 2927 est
992 2885 1040 2926 in
1061 2887 1188 2934 terret,
1205 2886 1283 2924 etc.

311 2952 416 2993 Dicit
435 2966 540 3006 ergo
567 2965 576 2993 :
603 2955 852 3006 Defecerant
873 2966 963 3008 prae
993 2956 1217 3008 lacrymis,
1244 2954 1286 2995 id

256 3025 332 3073 est,
352 3036 438 3076 prce
457 3025 714 3066 abundantia
731 3026 1035 3080 laerymarum,
1055 3026 1166 3068 ocula·
1186 3026 1283 3067 mei.

257 3093 402 3135 Simile
422 3095 435 3117 ³
457 3107 467 3135 :
495 3095 673 3137 «Facies
702 3108 795 3138 mea
819 3097 1022 3138 intumuit
1050 3108 1074 3136 a
1098 3096 1223 3146 fletu,
1247 3099 1287 3137 et

256 3165 468 3218 palpebrae
503 3178 610 3207 meae
644 3167 954 3220 caligaverunt.
995 3182 1014 3206 υ
1048 3167 1135 3209 Viri
1173 3168 1287 3208 enim

257 3237 411 3287 sancti,
433 3237 479 3278 in
499 3237 772 3279 tribulatione
792 3239 860 3281 vel
879 3239 1129 3280 contritione
1155 3239 1284 3280 vehe—

299 3320 311 3342 1
330 3320 466 3361 Mami„
485 3329 526 3360 x,
550 3322 642 3353 14.—
667 3321 678 3339 ²
699 3321 778 3360 lm„
800 3330 864 3361 xx,
882 3324 955 3353 2.—
973 3321 987 3343 ³
1005 3320 1077 3360 Job,
1095 3329 1173 3361 xvi,
1195 3324 1287 3354 16.-

256 3365 267 3384 ⁴
287 3367 388 3409 Aug„
407 3368 560 3410 Solz'loq.‚
578 3368 638 3401 lib.
659 3369 683 3409 1,
701 3378 730 3400 c.
753 3376 872 3408 xtv‚n.
889 3370 984 3401 26.—
997 3370 1008 3388 ⁵
1021 3368 1113 3400 Psal.
1129 3376 1214 3409 xxx,
1237 3372 1285 3403 10.

255 3430 296 3436 —
318 3414 331 3436 ⁶
355 3415 491 3457 Mattlz„
511 3424 591 3457 xxi,
622 3417 654 3448 2.
678 3433 719 3441 -
741 3415 784 3457 (ιι)
815 3416 895 3448 Coet.
925 3416 1008 3447 edit.
1034 3415 1233 3448 bonitatem.
1248 3434 1288 3440 —

258 3459 304 3501 (b)
317 3462 398 3495 Item
411 3463 632 3498 sociando.—
646 3464 682 3505 (c)
699 3464 779 3498 Item
793 3463 1038 3497 committat.--
1049 3463 1100 3505 (d)
1113 3464 1188 3505 Ley.
1203 3474 1284 3500 vox.

615 157 887 200 EXPOSlTlO
918 155 972 197 lN
1001 153 1447 199 LAMENTATIONES
1476 159 1716 201 JEREMIAE
1744 159 2054 205 PROPHETAE.

1374 249 1522 299 menti,
1539 261 1624 290 non
1638 249 1772 290 solent
1791 262 1960 302 parcere
1979 251 2127 303 oculis,
2143 253 2216 292 aut
2227 252 2397 304 pectori.

1375 317 1490 360 Unde
1517 321 1614 361 dicit
1634 320 1740 361 ratio
1768 323 1812 371 (e)
1845 321 2107 373 Augustini*
2142 337 2152 364 ι
2177 338 2196 362 α
2214 322 2399 375 Sedjam

1374 388 1578 431 cohibete
1606 404 1630 431 a
1660 391 1880 444 lacrymis,
1903 394 1944 432 et
1969 393 2130 445 stringe
2164 395 2357 434 animum
2387 409 2396 435 z

1374 460 1557 501 multum
1597 462 1771 502 omnino
1804 461 1958 503 flevisti
1987 476 1996 502 2
2035 465 2074 502 et
2109 463 2189 504 hoc
2226 465 2399 505 omnino

1374 531 1549 572 morbus
1574 532 1651 573 iste
1678 532 1857 585 pectoris
1892 532 1955 572 tui
1979 533 2168 584 graviter
2188 535 2350 586 accipit.
2375 550 2393 572 n

1374 602 1423 642 Et
1462 604 1682 656 respondet
1719 590 1987 655 Augustinus
2025 618 2033 645 :
2080 619 2100 643 α
2139 603 2311 645 Modum
2336 604 2401 645 vis

1373 674 1528 715 habere
1542 675 1590 727 (f)
1605 675 1812 728 lacrymas
1833 687 1964 726 meas,
1980 688 2077 716 cum
2094 676 2274 717 miseriae
2295 687 2401 716 meae

1373 746 1549 787 modum
1571 759 1656 787 non
1673 748 1839 788 videam
1859 748 1878 788 i>
1898 750 1971 789 aut
2001 748 2287 789 valetudinem
2307 759 2399 788 cor-

1371 817 1484 870 poris
1516 819 1780 860 considerare
1808 832 1877 860 me
1900 820 2053 872 jubeS,
2075 831 2173 860 cum
2205 831 2286 871 ego
2311 819 2401 871 ipse

1371 889 1467 930 tabe
1485 891 1696 931 confectus
1716 891 1796 930 sim
1818 891 1868 943 (q)
1886 892 1904 931 ‘?
1924 906 1943 928 »

1429 962 1688 1004 Conturbata
1717 966 1820 1005 sunt
1846 964 2009 1005 viscera
2040 973 2149 1013 mea,
2183 961 2325 1002 dolore
2348 961 2402 1002 ad

1369 1032 1520 1073 intima
1545 1033 1812 1086 pertingente
1833 1038 1846 1058 ⁸
1870 1047 1878 1074 :
1903 1049 1921 1072 α
1951 1034 2233 1075 Conturbatus
2264 1035 2325 1073 est
2356 1033 2401 1073 in

1370 1106 1431 1145 ira
1452 1106 1600 1146 oculus
1619 1107 1909 1156 meus,anima
1919 1119 2014 1147 mea
2025 1109 2065 1147 et
2079 1108 2226 1148 venter
2236 1117 2395 1146 meus.»

1375 1173 1574 1227 Effusum
1592 1178 1650 1217 cst
1670 1176 1718 1217 in
1739 1179 1854 1218 terra
1866 1174 2002 1227 jecur,
2016 1175 2084 1217 vel
2098 1175 2230 1227 hepar
2246 1185 2398 1225 meum,

1369 1245 1413 1286 in
1432 1258 1574 1287 errore
1612 1246 1842 1299 voluptatis
1877 1249 1918 1287 et
1942 1245 2293 1299 concupiscentiae
2307 1278 2317 1297 ,
2353 1249 2402 1286 ut

1370 1317 1468 1358 dicit
1483 1317 1790 1371 Hieronymus3
1810 1317 1930 1370 quasi
1944 1317 2075 1358 dicat:
2097 1317 2145 1357 In
2161 1320 2327 1357 tantum
2338 1317 2401 1357 in-

1368 1390 1495 1430 travit
1515 1389 1727 1440 desolatio,
1745 1392 1794 1430 ut
1805 1401 1931 1430 omne
1949 1388 2146 1430 solatium
2162 1388 2214 1428 sit
2230 1388 2397 1428 elisum.

1369 1461 1404 1503 S
1410 1471 1508 1512 uper
1527 1461 1795 1511 contritione,
1813 1460 1854 1501 id
1874 1464 1951 1509 est,
1976 1460 2273 1508 destructione,
2296 1459 2401 1510 filice

1368 1532 1516 1584 popula·
1537 1533 1634 1581 mei,
1651 1532 1692 1572 id
1711 1534 1787 1581 est,
1808 1531 1828 1572 J
1835 1532 1982 1581 udaeae,
1998 1531 2064 1573 vel
2086 1531 2268 1571 civitatis
2281 1529 2400 1570 Jeru-

1369 1603 1515 1643 salem.
1533 1604 1635 1645 Cum
1648 1603 1855 1654 deficeret,
1871 1605 1966 1643 etc.:
1985 1614 2078 1642 ecce
2098 1601 2266 1642 afflictio
2287 1601 2401 1642 deso-

1367 1673 1535 1714 lationis
1557 1673 1715 1726 duplex
1742 1688 1750 1713 ε
1773 1673 1912 1726 primo
1936 1672 2139 1714 desolatio
2167 1672 2308 1724 magis
2335 1671 2400 1713 la-

1368 1744 1663 1785 mentabilium
1683 1756 1963 1797 personarum
1980 1759 1990 1795 ;
2014 1743 2200 1785 secundo
2220 1743 2400 1784 derelic—

1366 1816 1425 1857 tio
1445 1817 1486 1856 et
1514 1815 1730 1856 tribulatio
1761 1815 2078 1856 universorum.
2102 1814 2244 1855 Primo
2265 1813 2400 1866 igitur

1366 1887 1616 1928 describitur
1630 1887 1799 1928 afflictio
1818 1887 1956 1939 magis
1979 1886 2235 1939 lugubrium
2255 1887 2295 1926 et
2313 1885 2398 1925 mi-

1366 1959 1611 2000 serabilium
1628 1971 1922 2012 personarum,
1945 1958 2101 1999 scilicet
2121 1957 2398 2011 parvulorum

1366 2043 1442 2072 seu
1467 2031 1692 2071 infantium
1717 2045 1726 2071 :
1751 2042 1938 2083 quorum
1958 2029 2097 2082 primo
2117 2029 2316 2070 describit
2333 2029 2397 2069 in-

1364 2101 1619 2153 digentiam,
1638 2101 1789 2142 deinde
1809 2100 2042 2152 lugubrem
2064 2099 2393 2152 querimoniam,

1364 2172 1422 2213 ibi
1458 2188 1466 2213 :
1508 2172 1715 2215 matribus
1747 2173 1840 2214 suis
1876 2169 2101 2222 dixerunt,
2144 2174 2240 2222 etc.;
2273 2170 2397 2211 tertio

1364 2242 1698 2285 exinanitionem
1718 2257 1726 2283 :
1749 2243 1851 2284 Cum
1866 2242 2108 2293 deficerent,
2124 2244 2201 2282 etc.
2211 2257 2221 2292 ;
2236 2243 2277 2282 et
2287 2253 2397 2282 nior-

1364 2317 1449 2355 tem
1469 2313 1784 2354 lamentabilem
1802 2328 1810 2354 :
1831 2313 1933 2354 Cum
1953 2313 2215 2363 eoeltalarent,
2237 2314 2315 2353 ete.

1417 2384 1522 2425 Dicit
1544 2397 1648 2437 ergo
1671 2397 1681 2424 ε
1707 2384 1808 2426 Cum
1831 2384 2028 2436 deficeret
2045 2384 2098 2436 (h)
2120 2385 2261 2436 quasi,
2282 2385 2359 2424 etc.
2384 2397 2393 2424 :

1361 2468 1455 2497 eece
1474 2455 1650 2496 materia
1676 2455 1855 2506 doloris,
1881 2466 1977 2497 cum
2003 2455 2198 2506 deficeret
2226 2455 2280 2508 (h)
2307 2466 2395 2507 prae

1362 2526 1474 2568 fame
1494 2529 1534 2568 et
1557 2526 1627 2567 siti
1664 2527 1874 2579 parvulus
1896 2530 1934 2569 et
1955 2526 2126 2568 lactens.
2155 2526 2299 2578 Aliqui
2317 2538 2395 2566 ex-

1361 2600 1525 2650 ponunt
1545 2598 1770 2639 lactantem
1789 2598 1947 2649 active,
1971 2610 2047 2651 pro
2068 2597 2298 2648 matribus,
2323 2597 2397 2637 sci-³

1360 2668 1456 2710 licet
1475 2681 1628 2722 pueros
1655 2669 1762 2709 lacte
1790 2670 2081 2721 pascentibus,
2116 2669 2272 2721 quibus
2304 2680 2396 2708 ma—

1360 2740 1477 2780 xime
1497 2742 1559 2780 est
1580 2739 1936 2792 compatiendum.
1973 2739 2025 2779 Ιη
2044 2738 2198 2791 plateis
2224 2737 2391 2792 oppidi,

1362 2810 1404 2851 id
1424 2812 1485 2851 est
1505 2809 1754 2860 Jerusalem,
1777 2822 1909 2863 quam
1938 2811 2061 2852 vocat
2080 2809 2282 2862 oppidum
2301 2820 2395 2862 pro-

1360 2884 1453 2935 pter
1471 2881 1748 2934 abjectionem
1769 2883 1810 2921 et
1834 2880 2040 2923 vilitatem
2060 2884 2073 2906 ⁶
2094 2892 2104 2921 :
2131 2895 2150 2919 ε(
2167 2879 2226 2921 Ite
2244 2880 2290 2920 in
2304 2891 2394 2920 cas-

1360 2952 1523 3004 tellum,
1547 2953 1662 3005 quod
1683 2954 1830 2993 contra
1845 2964 1923 2994 vos
1942 2954 2018 2993 est.
2037 2965 2057 2990 n

1415 3023 1588 3065 Lamed.
1622 3026 1702 3064 Pro
1741 3023 1788 3076 (i)
1824 3023 2000 3075 lugubri
2037 3020 2304 3075 querimonia
2329 3033 2394 3062 se—

1361 3095 1535 3147 quitur:
1558 3095 1771 3137 Matribus
1790 3094 1883 3136 suis
1903 3093 2112 3136 discernat
2131 3092 2197 3132 :in
2217 3092 2393 3144 quibus-

1362 3179 1545 3220 cumque
1564 3168 1834 3207 terrenorum
1854 3164 2071 3205 affectibus
2086 3163 2285 3204 dixerunt
2303 3176 2391 3217 prae

1362 3241 1486 3282 tamis
1506 3241 1705 3294 angustia
1736 3239 2002 3289 deficientes,
2041 3248 2139 3278 cum
2177 3240 2316 3278 essent
2347 3238 2392 3278 in

1363 3312 1521 3353 deliciis
1545 3311 1722 3353 nutriti:
1750 3311 1831 3353 Ubi
1861 3313 1920 3353 est
1944 3309 2137 3352 triticum
2157 3312 2195 3352 et
2213 3310 2391 3352 vinum?

1362 3437 1402 3444 —
1418 3419 1454 3460 (e)
1467 3419 1544 3461 Leq.
1556 3418 1677 3450 oratio.
1687 3434 1728 3442 —
1741 3417 1786 3458 (f)
1802 3417 1881 3450 Coet.
1895 3416 1974 3449 edit.
1992 3415 2069 3448 add.
2083 3418 2256 3449 contra.—
2271 3415 2319 3457 (9)
2331 3415 2387 3448 Al.

1362 3476 1450 3500 sum.
1467 3484 1508 3492 --
1529 3465 1574 3508 (h)
1600 3465 1683 3498 caet.
1704 3465 1784 3498 edit.
1805 3464 1991 3506 deficerent.
2010 3481 2051 3489 —
2073 3464 2109 3505 (i)
2131 3464 2211 3496 Item
2230 3463 2297 3497 Sed
2314 3471 2387 3502 pro.
