2634 3853
1103 265 1271 309 CAPUT
1301 267 1368 307 Ill.

177 367 287 404 terra
316 360 550 402 viventium
576 373 584 400 :
607 361 778 411 propter
801 358 935 398 scelus
956 356 1099 409 populi
1115 356 1200 396 mei

177 430 359 485 percussi
377 443 491 480 eum,
514 444 532 466 n
560 432 636 470 etc.
668 430 721 472 Εί
747 429 1048 481 abjectione-m,
1075 428 1200 478 Juxta

175 503 278 543 illud
315 506 326 527 ¹
362 515 370 542 z
400 516 418 540 α
440 500 532 553 Ego
560 503 701 541 autem
727 500 885 541 vermis
912 510 1032 548 sum,
1056 499 1096 537 et
1115 508 1200 536 non

175 573 318 613 homo.
339 586 359 610 1ο

229 643 335 684 Huic
353 643 507 696 triplici
527 643 726 683 clausulae
747 641 1007 694 praeponitur
1032 640 1201 682 Sameclt

174 714 401 767 triplicata,
433 726 529 766 quae
560 714 860 766 interpretatur
893 711 1163 764 adjutorium
1189 725 1204 752 .-

99 846 102 848 .
174 785 242 826 hic
260 785 376 826 enim
395 785 651 826 lamentatur
672 785 908 837 Synagoga
925 796 1013 825 esse
1034 783 1113 824 sibi
1136 783 1205 824 ad-

171 856 381 909 jUtorium
401 856 683 897 subtractum.

228 930 293 968 46.
309 926 507 979 Sequitur
518 927 601 968 Phe
613 927 664 979 (a)
681 941 690 967 ε
707 928 1023 979 Apparueruut,
1038 928 1114 965 etc.
1130 924 1205 965 Hic

177 986 318 1039 subdit
350 998 623 1038 inimicorum
655 998 986 1049 improbitatem.
1017 996 1113 1038 Phe.
1151 996 1203 1048 (a)

177 1071 459 1123 Aperuerunc.
489 1067 616 1119 Nota,
644 1069 754 1121 quod
785 1069 854 1109 hic
885 1070 1076 1108 mutatur
1104 1067 1206 1108 ordo

178 1141 410 1194 alphabeti,
444 1139 544 1192 quia
568 1139 651 1181 Plze
683 1139 945 1191 praeponitur
965 1140 1071 1188 Ain,
1100 1138 1208 1178 sicut

179 1212 224 1252 in
243 1211 466 1263 alphabeto
491 1209 744 1267 praecedeuti
767 1222 776 1249 ε
800 1209 911 1261 quod
932 1209 1103 1261 quidem
1121 1221 1207 1249 non

181 1282 446 1323 advertentes
465 1280 556 1330 alii,
580 1280 730 1320 litterae
757 1280 949 1320 ordinem
973 1282 1205 1329 servantes,

181 1353 506 1404 praeposuerunt
537 1351 648 1399 Ain,
683 1350 759 1389 ubi
789 1350 1022 1390 debuerant
1053 1362 1207 1402 ponere

181 1422 280 1463 Phe.
300 1421 384 1462 Alii
404 1423 547 1461 autem
566 1420 750 1460 litteram
770 1422 1140 1472 transposuerunt,
1162 1424 1210 1461 ut

181 1492 415 1532 litterarum
431 1490 621 1532 ordinezn
636 1493 840 1540 tenerent,
862 1490 1079 1531 credentes
1095 1492 1208 1543 quod

182 1563 243 1603 sic
267 1564 405 1603 essent
432 1562 523 1601 istae
549 1561 701 1601 litterae
731 1563 1044 1613 praeposteratae
1061 1594 1070 1612 ,
1101 1562 1210 1602 sicut

183 1633 316 1675 Latini
331 1633 375 1673 in
389 1631 698 1685 praeposteratis
715 1631 934 1672 sententiis
950 1631 1085 1672 solent
1106 1644 1211 1685 prae-

183 1715 340 1758 ponere
370 1703 561 1755 sequenti
593 1705 861 1755 praeposterae
890 1703 948 1752 A,
980 1705 1021 1743 et
1049 1715 1208 1756 praece-=

184 1775 300 1817 denti
330 1777 598 1828 praeposterae
630 1773 676 1814 B.
714 1775 947 1826 supernos
982 1785 1026 1816 os
1059 1786 1209 1825 suum,

184 1847 452 1897 insufflando,
474 1848 516 1886 et
535 1845 656 1898 quasi
676 1845 881 1893 devorare
903 1846 1099 1896 volendo,
1122 1857 1208 1890 om-

183 1928 258 1960 ues
279 1917 475 1967 inimici,
498 1916 627 1958 vicini
653 1919 693 1958 et
718 1917 894 1967 remoti,
922 1917 1151 1971 propinqui
1172 1920 1213 1959 et

183 1989 388 2030 extranei.

237 2064 303 2103 47.
327 2061 420 2104 Plle.
449 2061 674 2112 Formido,
704 2063 784 2102 etc.
816 2060 881 2113 (b).
913 2060 1114 2114 Sequitur
1135 2073 1212 2115 pro

183 2132 412 2182 occasione,
428 2132 497 2172 vel
516 2143 641 2173 causa
655 2130 975 2184 reprobationis,
998 2133 1213 2185 contemp-

182 2205 274 2254 tus,
301 2202 457 2244 scilicet
486 2202 772 2244 remediorum
799 2202 965 2252 salutis3
989 2203 1209 2246 vaticina-

183 2275 264 2325 tio,
285 2274 328 2315 id
347 2275 429 2325 est,
450 2273 623 2327 spiritus
642 2272 812 2315 divinus
833 2274 1047 2325 praestitus
1067 2274 1212 2315 multis

183 2346 246 2385 est
275 2356 402 2386 causa
431 2344 699 2397 perditionis,
728 2345 844 2396 facta
880 2348 942 2388 est
975 2345 1096 2388 uobis
1127 2346 1213 2397 for·

184 2414 321 2467 mido,
349 2415 391 2456 id
419 2418 481 2455 est
505 2426 632 2456 causa
658 2414 894 2455 formidinis
916 2429 926 2455 ·.
960 2418 1009 2455 ut
1035 2415 1110 2468 qui
1137 2416 1212 2457 vix

184 2485 384 2526 timemus
413 2485 547 2526 Deum
573 2484 893 2534 exhortantem,
915 2485 1043 2525 totius
1065 2485 1213 2525 mundi

185 2554 328 2595 timori
347 2555 647 2607 subjiciamur3
672 2559 708 2598 et
726 2555 943 2605 contritio,
964 2567 1050 2608 qua
1069 2555 1211 2597 Chris-

186 2628 278 2667 tum
308 2626 586 2667 contrivimus
612 2629 626 2651 2
657 2637 667 2665 :
703 2641 722 2664 (ι
748 2626 926 2666 Attritus
954 2629 1015 2667 est
1043 2629 1214 2680 propter

186 2695 341 2737 scelera
366 2698 532 2747 nosti-213
561 2709 580 2733 ))
613 2696 729 2747 facta
755 2700 816 2738 est
845 2695 964 2738 nobis
992 2698 1120 2748 quasi
1148 2697 1214 2739 la-

188 2776 339 2819 queus,
361 2765 402 2807 id
420 2769 501 2817 est,
524 2778 651 2807 causa
672 2766 942 2819 captivitatis.

240 2841 306 2879 48.
337 2837 435 2880 Phe.
473 2838 519 2890 (c)
551 2837 815 2888 Divisioues,
845 2840 922 2878 etc.
954 2837 1042 2878 Hoc
1073 2838 1215 2880 subdit

190 2907 399 2962 Propheta
420 2907 474 2950 ad
493 2908 644 2949 Christi
670 2907 1003 2960 compassionem
1029 2922 1037 2948 z
1059 2908 1212 2961 primo,

190 2983 397 3032 quantum
430 2980 479 3021 ad
511 2979 779 3020 desolationis
808 2978 1111 3031 frequentiam3
1148 2991 1213 3020 se-

192 3050 342 3101 cundo,
363 3050 416 3091 ad
435 3049 700 3091 desolationis
721 3049 1035 3091 vehementiam
1057 3051 1097 3089 et
1117 3061 1213 3102 per-

193 3121 472 3162 severantiam
491 3136 500 3162 z
523 3121 675 3163 oculus
694 3131 807 3163 meus
828 3120 1018 3173 afflictus
1038 3124 1113 3171 est,
1136 3123 1213 3162 etc.

246 3189 352 3232 Dicit
379 3203 483 3244 ergo
506 3203 582 3245 pro
608 3192 745 3244 primo
775 3205 783 3231 :
810 3191 1056 3234 Divisiones
1081 3202 1218 3244 aqua-

194 3270 311 3312 rum,
330 3261 375 3302 id
393 3264 455 3302 est
471 3262 861 3315 multiplicationem
887 3273 1097 3314 aquarum
1109 3294 1119 3312 ,
1142 3261 1215 3304 de-

195 3330 326 3374 duxit
357 3331 498 3374 oculus
534 3343 650 3376 meus
681 3333 730 3375 iu
766 3333 1045 3383 contricione,
1079 3332 1121 3373 id
1157 3334 1220 3373 est

239 3415 246 3432 ¹
267 3413 359 3446 Psal.
379 3421 452 3453 xm,
472 3415 502 3445 7.
528 3432 568 3439 --
590 3415 602 3434 ²
621 3416 700 3454 Isa„
720 3423 795 3456 L111,
816 3418 846 3447 5.
868 3433 908 3440 -
929 3416 943 3438 3
960 3416 1094 3456 Jerem„
1114 3422 1162 3455 lx,
1190 3418 1219 3446 1.

196 3478 236 3486 —-
257 3461 269 3480 ⁴
284 3462 395 3502 Joan.,
419 3468 473 3500 xx,
494 3462 544 3493 35.
564 3479 605 3486 -
629 3463 642 3485 ⁵
669 3463 758 3501 Luc„
779 3472 858 3504 x1x,
879 3465 930 3496 41.
955 3480 996 3487 -
1018 3463 1030 3481 ⁰
1050 3461 1162 3500 Helm,
1186 3470 1219 3501 v,

197 3510 228 3540 7.
248 3526 289 3532 —
306 3509 315 3527 ‘¹
334 3509 445 3545 Joan.,
463 3514 534 3547 xlx,
556 3509 607 3540 34.
622 3526 662 3534 --
681 3511 692 3529 Β
710 3510 799 3542 Psal.
819 3518 946 3551 CXXXV,
966 3511 1016 3542 13.
1038 3526 1077 3533 --
1097 3510 1108 3529 ⁹
1127 3508 1220 3540 Psal.

197 3563 296 3596 xvin,
317 3556 348 3587 7.
369 3572 409 3580 —
431 3555 452 3576 ¹⁸
471 3555 586 3596 Eccli„
608 3564 728 3597 xxxw,
746 3561 776 3589 1.

2224 270 2299 309 195

1274 355 1525 404 afflictione3
1548 353 1656 404 filice
1673 352 1821 405 populi
1842 353 1944 401 mei,
1966 351 2007 391 id
2027 354 2091 392 est
2110 352 2223 393 illius
2241 355 2298 394 ci·

1276 425 1414 466 vitatis
1444 424 1620 465 celebris
1651 422 1882 464 Jerusalem
1913 426 1927 447 ³
1957 434 1968 462 ε
2008 437 2026 460 (1
2058 422 2159 472 Quis
2189 424 2303 464 dabit

1275 497 1400 550 capiti
1435 508 1531 537 meo
1565 507 1720 549 aquam
1737 527 1748 546 ,
1782 497 1823 535 et
1851 493 1983 535 oculis
2009 494 2114 534 meis
2143 495 2302 535 fontem

1274 568 1576 620 lacrymarum,
1593 580 1612 604 1)
1631 569 1710 607 etc.
1722 566 1741 605 ἵ)
1755 565 1872 606 Istud
1882 565 2009 605 etiam
2018 576 2169 605 verum
2179 567 2241 605 est
2254 565 2304 606 de

1277 637 1454 687 Christo,
1471 637 1544 689 qui
1563 636 1680 678 flevit
1694 647 1821 688 super
1835 635 2042 677 Lazarum
2055 635 2092 685 ⁸3
2109 635 2227 676 flevit
2247 635 2301 688 (d)

1277 719 1404 761 super
1423 707 1599 760 impiam
1620 707 1832 748 civitatem
1853 707 1893 757 ⁵;
1916 706 2035 748 flevit
2053 706 2098 746 in
2116 718 2237 747 cruce
2256 705 2270 727 ⁶
2293 718 2304 746 :

1283 794 1302 817 α
1320 777 1423 819 Cum
1442 778 1624 819 clamore
1653 778 1792 819 valido
1820 781 1861 819 et
1887 778 2086 831 lacrymis
2106 778 2304 829 offeram,

1278 849 1504 891 exauditus
1532 851 1594 889 est
1627 860 1703 901 pro
1734 860 1810 889 sua
1840 849 2098 899 reverentia;
2136 863 2155 887 1)
2192 849 2308 890 flevit

1279 921 1416 970 corde,
1439 932 1537 961 cum
1557 922 1701 972 aperto
1725 919 1854 960 latere
1873 919 1900 969 ⁷,
1925 919 2056 960 exivit
2077 932 2187 973 aqua
2207 932 2303 961 cum

1280 992 1512 1044 sanguine,
1541 991 1654 1031 unde
1685 991 1731 1031 in
1760 989 1926 1033 Psalmo
1945 994 1959 1015 ⁸
1983 1004 1990 1030 :
2020 990 2138 1040 «Qui
2165 991 2310 1032 divisit
2338 1008 2470 1036 Christus

1280 1063 1393 1103 Mare
1420 1062 1613 1103 Rubrum
1633 1061 1678 1101 in
1698 1061 1922 1102 divisiones
1945 1075 1955 1101 t
1979 1075 1998 1099 ))
2024 1061 2136 1114 quod
2162 1061 2214 1102 ad
2238 1061 2307 1102 lit·
2350 1057 2449 1084 mm’

2357 1090 2440 1125 cujus

1281 1138 1415 1176 teram
1441 1133 1627 1174 divisum
1653 1135 1716 1173 est
1742 1133 1786 1172 iu
1812 1132 2031 1173 duodecim
2053 1131 2166 1182 vias,
2186 1134 2310 1185 Juxta
2329 1130 2471 1200 ξέζᾞζ-

1282 1206 1503 1246 duodecim
1535 1205 1669 1246 tribus
1701 1204 1887 1245 filiorum
1919 1204 2059 1244 Israel.
2099 1203 2147 1244 Et
2178 1204 2311 1257 hujus
2329 1211 2435 1240 decim·

1283 1276 1512 1329 spiritualis
1539 1275 1666 1316 maris
1686 1275 1908 1316 duodecim
1927 1275 2100 1315 fuerunt
2118 1275 2311 1328 partitio-

1284 1359 1357 1387 nes
1373 1362 1380 1387 z
1396 1352 1580 1398 quatuor
1590 1346 1802 1399 praedictae
1814 1357 1951 1398 aquae,
1968 1349 2009 1386 et
2027 1349 2119 1386 octo
2137 1347 2312 1398 sangui-

1284 1417 1369 1466 nis,
1392 1417 1464 1470 qui
1490 1417 1628 1468 primo
1657 1417 1776 1457 fusus
1801 1417 1847 1456 in
1872 1417 2215 1466 circumcisione,
2245 1428 2310 1456 se-

1285 1487 1423 1527 cundo
1444 1486 1489 1526 in
1509 1487 1802 1538 agonizatione
1821 1489 1861 1527 et
1880 1486 2121 1539 sanguineo
2142 1487 2310 1537 sudore,

1286 1558 1409 1599 tertio
1423 1557 1468 1598 in
1482 1557 1789 1609 flagellatione3
1806 1558 1996 1611 quinque
2009 1558 2137 1599 etiam
2152 1557 2316 1599 vicibus

1285 1629 1329 1669 in
1351 1630 1539 1682 quinque
1558 1630 1786 1671 vulnerum
1806 1629 2081 1682 irrogatione.

1340 1700 1552 1742 Moraliter
1584 1701 1737 1742 debent
1768 1700 1900 1741 dividi
1929 1700 2130 1754 lacrymae
2160 1702 2316 1742 nostrae

1286 1784 1361 1825 per
1380 1772 1590 1825 lacrymas
1616 1772 1897 1823 contritionis,
1925 1771 2251 1825 compassionis,
2276 1773 2318 1812 et

1288 1843 1536 1885 devotionis.

1341 1915 1449 1956 Huic
1467 1915 1620 1968 triplici
1646 1914 1867 1956 sententiae
1892 1913 2155 1967 praeponitur
2180 1913 2318 1955 littera

1288 1987 1376 2028 Phe
1403 1986 1578 2040 triplex,
1601 1997 1697 2039 quae
1722 1986 2025 2038 interpretatur
2047 1986 2154 2036 oris,
2177 1986 2246 2028 vel
2273 1996 2318 2029 os

1289 2058 1454 2112 aperiri
1477 2059 1540 2111 (ess),
1562 2057 1752 2098 alludens
1770 2057 1903 2109 ipsius
1921 2068 2070 2099 versus
2093 2056 2315 2110 principio,

1287 2130 1361 2170 ubi
1380 2130 1532 2170 dicitur
1554 2143 1563 2170 z
1586 2130 1872 2182 Aperueruut,
1893 2131 1971 2169 etc.

1342 2204 1410 2242 49.
1441 2202 1529 2243 Ain
1564 2201 1640 2252 (f).
1676 2200 1830 2242 Oculus
1863 2211 1978 2242 meus
2013 2199 2208 2253 afflictus
2243 2204 2316 2243 est.

1288 2272 1393 2313 Ecce
1418 2271 1684 2312 desolationis
1712 2271 2008 2321 vehementia;
2039 2271 2151 2312 unde
2180 2270 2279 2312 dicit
2306 2286 2315 2311 ε

1292 2342 1445 2384 Oculus
1460 2353 1577 2384 meus
1591 2342 1784 2394 afflictus
1803 2345 1879 2392 est,
1898 2341 1951 2382 ad
1968 2342 2166 2393 litteram,
2183 2342 2320 2383 multa

1289 2414 1577 2466 lacrymarum
1611 2412 1887 2462 inundantia3
1922 2413 1990 2453 vel
2027 2413 2176 2454 oculus
2210 2413 2320 2454 inte-

1289 2483 1398 2533 rior,
1432 2483 1588 2523 scilicet
1618 2495 1751 2523 mens,
1786 2482 1866 2524 Sed
1898 2495 1975 2535 pro
2007 2483 2320 2535 perseverantIa

1291 2553 1482 2606 sequitur
1505 2568 1514 2593 :
1545 2552 1628 2594 Nec
1652 2553 1808 2603 tacuit,
1836 2552 1881 2592 in
1906 2552 1993 2593 vita
2018 2552 2119 2603 ista;
2142 2563 2187 2595 eo
2207 2552 2320 2607 quod

1290 2634 1376 2665 nou
1392 2626 1496 2665 esset
1512 2623 1692 2676 requies,
1711 2623 1764 2664 ab
1783 2623 2052 2676 oppressione
2072 2624 2240 2665 diaboli.

1345 2698 1410 2736 50.
1430 2696 1516 2737 Ain
1539 2696 1605 2748 (f).
1628 2696 1769 2737 Donec
1786 2695 2029 2748 respiceret,
2050 2695 2093 2736 id
2111 2697 2195 2745 est,
2217 2707 2317 2737 ocu-

1290 2766 1379 2807 lum
1401 2765 1700 2807 misericordiae
1725 2766 1778 2807 ad
1806 2777 1943 2818 genus
1960 2765 2200 2807 humanum
2220 2778 2321 2807 con-

1291 2838 1498 2885 verteret3
1522 2840 1561 2879 et
1581 2836 1759 2887 videret,
1786 2837 1828 2878 id
1851 2839 1936 2886 est,
1960 2837 2149 2878 claritate
2174 2837 2319 2890 splen-

1292 2907 1406 2948 doris
1428 2908 1576 2949 mundi
1600 2908 1794 2948 tenebras
1826 2907 2080 2958 illustraret3
2111 2909 2320 2951 Dominus

1293 2977 1343 3020 de
1368 2979 1485 3021 caelis
1514 2991 1528 3020 :
1553 2979 1666 3020 unde
1694 2979 1738 3019 in
1764 2978 1928 3021 Psalmo
1955 2979 1968 3001 ⁹
2000 2993 2009 3020 z
2041 2994 2060 3017 «
2087 2980 2124 3020 A
2151 2992 2319 3021 summo

1293 3050 1397 3092 coelo
1429 3051 1617 3103 egressio
1642 3052 1749 3104 eJus.
1771 3064 1790 3087 n
1816 3051 1843 3073 ¹⁰
1869 3065 1888 3089 (ι
1906 3051 2103 3092 Miserere
2128 3051 2212 3092 mei
2243 3051 2316 3104 (9),

1295 3119 1404 3161 Deus
1415 3121 1609 3163 omnium
1619 3134 1629 3172 ;
1641 3121 1800 3174 respice
1809 3133 1877 3161 me
1889 3121 1958 3174 (h),
1969 3124 2009 3162 et
2018 3121 2188 3162 ostende
2198 3121 2321 3162 nobis

1293 3190 1433 3232 lucem
1455 3192 1776 3232 miserationum
1803 3194 1993 3233 tuarum.
2019 3205 2038 3230 »
2072 3191 2152 3233 Ubi
2174 3192 2317 3241 etiam,

1295 3265 1342 3302 ut
1372 3262 1472 3303 dicit
1509 3262 1729 3313 Rabanus,
1765 3262 2011 3304 instantiam
2048 3263 2248 3304 orationis
2283 3264 2324 3303 et

1295 3333 1654 3385 perseverantiam
1670 3344 1748 3375 nos
1764 3333 1922 3374 habere
1939 3333 2079 3375 docuit
2097 3333 2319 3385 Propheta.

1340 3415 1381 3455 (a)
1407 3416 1488 3448 Caet.
1521 3416 1600 3448 edit.
1631 3416 1725 3448 deest
1760 3415 1836 3447 Phe.
1857 3432 1897 3438 -.
1929 3415 1975 3457 (b)
2012 3417 2094 3447 item
2121 3415 2216 3448 deest
2244 3414 2322 3447 Phe.

1295 3462 1462 3503 Formido,
1481 3465 1546 3495 etc.
1560 3481 1600 3487 —
1620 3463 1660 3504 (c)
1684 3463 1767 3494 item
1790 3463 1886 3494 deest
1906 3463 1986 3495 Plze.
2001 3480 2040 3486 —
2062 3462 2115 3503 (d)
2140 3463 2222 3494 Item
2237 3461 2326 3494 deest

1295 3509 1447 3542 flevit.-
1469 3511 1504 3551 (e)
1528 3511 1611 3551 Leg.
1636 3519 1684 3550 os,
1706 3510 1761 3542 vel
1776 3511 1845 3541 oris
1864 3511 2047 3550 apertz'o.—
2063 3510 2107 3550 (f)
2132 3511 2215 3542 item
2232 3510 2328 3542 deest

1298 3557 1374 3589 Ain.
1390 3574 1429 3581 —
1451 3557 1492 3598 (9)
1513 3558 1590 3598 Leq.
1610 3557 1770 3590 nostri.-
1798 3556 1843 3597 (h)
1863 3557 1942 3597 Leq.
1964 3566 2037 3589 1105.
