2587 3845
1109 198 1276 240 CAPUT
1307 198 1336 238 Ι.
2263 209 2286 245 5

157 294 351 346 justitiae,
373 293 454 333 nisi
473 294 546 334 fiat
563 305 616 334 ex
635 305 778 334 amore
803 292 1000 345 justitiae.
1025 290 1186 340 Grego-

161 365 251 405 rius
266 365 278 387 ¹
299 376 308 403 :
337 379 355 403 «
368 364 459 405 Non
477 364 603 405 habet
625 363 782 416 aliquid
806 362 1024 404 viriditatis
1042 370 1188 402 ramus

161 434 262 476 boni
281 434 419 487 operis
435 466 449 485 ‚
479 435 562 474 nisi
591 435 793 475 manserit
813 435 857 474 in
879 434 1018 474 radice
1047 431 1184 472 chari-

161 506 314 547 tatis.»
341 506 587 557 Justiciam,
619 506 772 546 scilicet
803 506 1057 555 increatam,
1091 515 1187 556 quae

161 579 223 618 est
251 576 455 618 rectitudo
474 578 628 618 divinae
647 577 896 627 voluntatis3
925 579 966 617 et
986 578 1184 624 creatam,

161 649 335 701 quae'est
359 647 563 688 rectitudo
581 648 781 688 humanae
796 679 806 697 ,
837 647 1069 688 secundum
1101 646 1187 685 An-

161 717 356 759 selmum.
389 717 592 771 Diliqite,
633 718 836 771 inquam,
869 717 1106 770 Justitiam,
1138 717 1188 755 ut

161 787 244 829 Deo
265 788 585 829 conformemini
603 803 611 828 :
636 788 737 841 quia
750 789 764 810 ²
785 790 950 841 «justus
964 787 1185 836 Dominus,

162 863 202 899 et
216 859 400 911 justitias
418 859 588 910 dilexit3
611 873 630 897 »
654 859 757 899 item
776 861 825 899 ut
853 857 1060 911 spirituali
1079 857 1186 896 laeti-

161 930 222 969 tia
248 929 532 981 impleamini,
565 929 801 970 secundum
826 928 928 969 illud
955 927 1112 968 Psalmi
1139 930 1152 951 ³
1176 940 1185 967 ε

165 1015 185 1040 (ι
206 999 395 1041 Dilexisti
421 999 653 1053 justitiam,
683 1003 778 1051 etc,
806 1001 1027 1052 propterea
1059 998 1186 1038 bene-

162 1070 270 1111 dixit
299 1073 340 1111 te
367 1070 500 1120 Deus,
541 1070 652 1111 Deus
683 1073 784 1111 tuus
810 1070 900 1111 oleo
922 1069 1078 1110 laetitiae
1099 1080 1188 1121 prae

162 1141 423 1182 consortibus
441 1141 540 1181 tuis.
562 1154 581 1178 ›>
619 1140 723 1181 Item
741 1174 752 1192 ,
787 1144 834 1181 ut
860 1140 1186 1190 beatificemini,

163 1213 396 1256 secundum
426 1212 588 1252 illud*:
617 1226 636 1249 (ι
656 1210 772 1251 Beati
792 1211 868 1264 qui
888 1211 1109 1261 esuriunt,
1149 1213 1190 1251 et

162 1283 310 1323 sitiunt
321 1282 547 1334 Justitiam.
569 1297 588 1319 ›)

218 1352 304 1403 Qui
316 1351 533 1403 judicatis
551 1356 720 1403 terram,
738 1351 974 1405 specialiter
990 1362 1066 1391 vos
1085 1362 1190 1403 prae-

161 1423 258 1473 lati,
279 1423 353 1475 qui
381 1423 579 1475 judicatis
611 1426 769 1464 terram
802 1422 963 1474 judicio
995 1421 1185 1474 publico,

161 1497 319 1536 terram
353 1494 553 1546 subJectae
575 1495 723 1547 plebis.
759 1493 902 1534 Glossa
939 1507 947 1533 :
991 1492 1191 1542 «Quibus

162 1563 258 1604 data
277 1565 340 1604 est
367 1566 547 1616 potestas
560 1564 792 1618 Judicandi.
815 1579 834 1602 ))
862 1563 1072 1616 SubJectae
1091 1595 1100 1612 ,
1124 1563 1189 1603 in-

163 1646 318 1687 quam,
352 1636 503 1676 merito
532 1636 703 1689 peccati.
749 1635 856 1676 Dicit
886 1635 1000 1675 enim
1038 1634 1191 1687 Grego-

162 1705 279 1746 rius⁵
303 1721 312 1747 :
340 1706 452 1747 «Ubi
469 1719 554 1747 non
572 1706 876 1759 delinquimus,
900 1706 959 1745 ibi
983 1718 1104 1759 pares
1124 1718 1192 1746 su-

163 1787 274 1818 mus,
296 1792 315 1815 ))
341 1777 392 1819 Et
413 1777 505 1818 ideo
524 1777 631 1817 bene
649 1776 748 1817 dicit
771 1791 779 1817 :
809 1777 979 1818 Terram
997 1808 1006 1826 ,
1030 1777 1072 1816 id
1101 1779 1188 1827 est,

1263 285 1455 340 superbis
1470 317 1480 336 ‚
1498 288 1611 326 terra
1630 290 1670 326 et
1697 286 1831 326 cinis?
1848 302 1867 324 »
1899 286 2044 328 Prima
2074 291 2186 330 terra
2203 302 2289 332 non

1262 357 1452 408 subjacet
1471 352 1615 396 nostro
1633 356 1814 408 judicio,
1838 357 1937 409 quia
1958 369 2045 398 non
2065 362 2126 399 est
2146 360 2190 400 in
2209 373 2284 413 po-

1261 429 1408 467 testate
1427 429 1572 466 nostra
1595 441 1604 466 z
1628 428 1669 466 et
1689 426 1782 466 ideo
1800 428 1905 467 bene
1926 427 2085 468 dictum
2114 432 2176 470 est
2208 430 2285 471 Pe-

1262 499 1328 536 tro
1350 497 1409 536 ¹⁴³:
1439 496 1781 549 «Quodcumque
1812 497 2012 549 ligaveris
2047 512 2173 551 super
2204 504 2290 540 ter-

1262 579 1355 607 ram
1379 581 1387 607 :
1411 582 1429 604 ›)
1455 579 1542 608 non
1560 580 1686 620 super
1706 568 1874 609 ecelum.
1898 569 2089 610 Secunda
2103 572 2195 622 Jam
2215 573 2288 623 juo

1264 638 1397 679 dicata
1418 641 1492 687 est,
1517 651 1594 679 nec
1615 641 1748 691 potest
1768 640 1972 692 poenitere
1986 641 2016 666 ¹⁴
2034 652 2043 680 :
2063 655 2081 678 »
2107 641 2186 690 Qui
2205 654 2292 682 non

1263 709 1392 750 credit
1409 741 1420 758 ,
1435 711 1526 761 ¹jam
1538 709 1753 761 Judicatus
1773 716 1847 751 est.
1869 726 1888 748 ›)
1914 711 2051 752 Tertia
2065 712 2292 764 Judicanda

1263 783 1325 820 est
1351 780 1511 832 Judicio
1537 781 1736 833 justitiae,
1765 782 1998 822 secundum
2025 782 2139 823 fillud
2180 783 2293 823 Psal-

1263 850 1322 890 mi
1341 851 1370 875 ’ὅ
1392 865 1400 891 :
1421 866 1440 889 (‹
1460 851 1581 891 Recte
1607 852 1656 903 (a)
1676 851 1861 904 judicate
1879 884 1891 902 ,
1914 852 1990 892 filii
2009 853 2251 894 hominum.
2268 868 2286 891 ›>

1264 924 1421 973 Quarta
1435 912 1666 978 judicanda
1686 928 1748 966 est
1763 926 1925 978 judicio
1958 926 2188 979 disciplinae
2207 927 2293 968 dis-

1264 997 1404 1045 cretae,
1428 996 1663 1036 secundum
1683 996 1829 1036 11111ςί1ὃ
1850 1011 1890 1037 ;«
1909 997 2071 1038 Cibaria
2091 999 2132 1037 et
2153 997 2291 1048 virga,

1263 1068 1304 1106 et
1321 1078 1429 1106 onus
1447 1066 1585 1117 asin03
1608 1067 1727 1119 panis
1742 1098 1754 1117 ,
1778 1070 1818 1107 et
1848 1067 2086 1120 disciplina,
2120 1070 2160 1108 et
2189 1079 2295 1119 opus

1264 1148 1387 1177 servo
1403 1169 1413 1187 ,
1435 1152 1454 1175 n
1486 1138 1528 1178 id
1551 1140 1633 1188 est,
1656 1138 1821 1190 corpori
1840 1170 1850 1187 ,
1874 1138 1989 1190 quod
2018 1138 2182 1191 spiritui
2202 1149 2294 1178 ser-

1264 1207 1354 1248 vire
1374 1208 1612 1259 cogendum
1633 1210 1708 1257 est,
1730 1208 1923 1261 exemplo
1943 1208 1989 1248 B.
2015 1208 2197 1258 Martini,
2220 1208 2294 1261 qui

1264 1281 1402 1328 artus,
1426 1279 1540 1319 febre
1564 1279 1800 1319 fatiscentes
1817 1311 1827 1329 ,
1857 1279 2026 1331 spiritui
2046 1279 2204 1319 servire
2224 1291 2295 1319 co-

1267 1349 1416 1400 gebat3
1438 1349 1540 1389 item
1561 1349 1754 1401 exemplo
1776 1349 1909 1400 Pauli,
1931 1349 2104 1389 dicentis
2118 1350 2172 1388 ¹⁷:
2195 1364 2214 1387 (‹
2228 1349 2297 1389 Ca-

1266 1419 1377 1471 stigo
1399 1431 1550 1471 corpus
1569 1432 1738 1471 meum,
1769 1423 1810 1460 et
1829 1420 1874 1459 in
1908 1420 2156 1460 servitutem
2171 1451 2181 1470 ,
2205 1433 2223 1456 ›>
2252 1420 2296 1459 in

1265 1503 1350 1543 qua
1373 1491 1527 1531 scilicet
1552 1494 1641 1531 erat
1668 1491 1712 1531 in
1746 1493 1858 1531 statu
1882 1491 2159 1541 innocentiae,
2189 1506 2207 1528 α
2227 1502 2294 1531 re-

1265 1561 1364 1613 digo
1377 1593 1389 1612 ,
1409 1577 1427 1599 ))
1455 1575 1529 1615 per
1550 1563 1752 1603 virtutem
1768 1595 1778 1613 ,
1809 1565 1850 1603 et
1868 1574 1997 1615 opera
2017 1562 2290 1615 poenitentiae.

1265 1632 1471 1673 Praedicto
1507 1645 1630 1674 servo
1662 1634 1838 1674 debetur
1869 1633 2117 1673 sustentatio
2145 1632 2266 1685 panis
2284 1663 2294 1681 ‚

1266 1715 1320 1744 ne
1339 1704 1528 1754 deficiat3
1552 1704 1678 1756 virga
1704 1704 1934 1757 disciplinae
1949 1735 1959 1753 ‚
1991 1716 2044 1744 ne
2077 1703 2292 1753 lasciviat3

1266 1777 1307 1815 et
1326 1775 1543 1826 occupatio
1563 1775 1694 1815 sancti
1711 1775 1851 1827 operis
1867 1806 1876 1824 ‚
1896 1787 1949 1815 ne
1977 1776 2152 1827 torpeat.
2184 1776 2294 1816 Sen-

165 1850 333 1889 terrena
351 1848 572 1900 diligentes
598 1861 606 1887 :
627 1859 714 1887 non
731 1846 918 1887 coelestes
931 1878 940 1895 ‚
963 1848 1063 1899 quia
1084 1859 1192 1899 opus

167 1930 254 1959 non
273 1921 333 1959 est
354 1934 362 1959 :
385 1919 398 1940 ⁶
415 1917 678 1971 Spiritualz‘s
698 1917 812 1958 enim
834 1917 951 1958 homo
972 1917 1193 1968 ᾶιῇιιιίίοαῑ

167 1990 334 2040 omnia,
367 1988 522 2029 scilicet
539 1988 585 2027 in
616 1999 711 2040 spe3
736 1991 774 2029 et
794 1999 820 2029 (ι
841 1988 1005 2029 nemine
1020 1987 1194 2039 judica-

168 2064 254 2111 tur,
287 2060 329 2100 id
359 2062 443 2110 est,
473 2059 656 2111 ¹iudicari
688 2059 810 2099 debet
833 2073 841 2099 :
864 2059 935 2099 sed
971 2059 1189 2110 bestiales,

1268 1845 1362 1894 tite,
1385 1845 1538 1885 scilicet
1556 1848 1667 1887 recte
1687 1846 1933 1886 aestimando
1947 1879 1956 1894 ,
1979 1845 2030 1887 de
2050 1846 2228 1887 Domino
2247 1846 2296 1886 in
2358 1858 2455 1893 Serip-

2268 1917 2275 1924 .
2317 1900 2381 1925 tura
2408 1908 2440 1925 sa
2451 1917 2459 1922 .

1269 1916 1468 1966 bonitate,
1488 1917 1531 1957 id
1545 1918 1753 1967 est,bene,
1770 1929 1858 1957 non
1878 1917 2001 1967 male,
2023 1920 2072 1957 ut
2091 1917 2295 1957 haeretici.
2330 1948 2378 1966 cra
2392 1940 2438 1973 pie

1267 1987 1408 2027 Monet
1436 1990 1578 2028 autem
1605 1988 1658 2028 ad
1674 1988 1781 2028 bene
1796 1987 2062 2028 sentiendum
2080 2019 2089 2037 ,
2110 1990 2151 2028 et
2170 1999 2298 2028 sensu
2319 1981 2455 2048 ἐξξῃῖξῗ

1266 2059 1465 2099 exteriori
1484 2059 1551 2111 pie
1571 2046 1734 2101 divinas
1757 2058 1995 2111 Scripturas
2026 2059 2233 2110 legendo,
2257 2062 2297 2100 et
2316 2063 2434 2098 figenda

166 2131 396 2172 secundum
417 2130 603 2171 Glossam
615 2142 741 2183 super
754 2129 859 2170 illud
875 2131 888 2152 ⁷
907 2144 915 2170 :
932 2131 1097 2172 Bestias
1118 2135 1193 2172 tet·-

166 2213 225 2245 roe
241 2234 252 2252 ‚
288 2202 330 2243 id
359 2204 442 2253 est,
482 2201 710 2242 bestialiter
737 2201 944 2242 viventes.
980 2201 1083 2241 Item
1117 2213 1194 2242 vos

166 2285 312 2315 omnes
333 2273 601 2325 generaliter,
624 2273 697 2326 qui
712 2272 911 2324 judicatis
926 2272 1086 2325 Judicio
1104 2272 1194 2324 pri-

167 2347 267 2387 vato
287 2348 445 2386 terram
471 2343 631 2396 proprii
662 2342 863 2395 corporis.
904 2341 1046 2382 Glossa
1072 2353 1082 2382 ε
1109 2357 1127 2380 α
1149 2341 1195 2382 Id

172 2417 248 2466 est,
293 2414 368 2467 qui
407 2425 560 2466 corpus
608 2413 784 2453 discrete
824 2412 1056 2464 reprimitis
1087 2443 1100 2462 ,
1138 2411 1196 2452 ita

173 2485 286 2539 quod
304 2489 318 2510 ⁸
337 2484 549 2528 rationale
570 2485 623 2524 sit
640 2484 884 2536 obsequium
901 2486 1098 2524 vestrum.
1117 2497 1136 2521 ›>

224 2556 465 2597 Notandum
483 2558 647 2605 autem,
668 2554 781 2607 quod
800 2554 962 2606 legitur
979 2566 1069 2594 esse
1089 2566 1194 2607 qua-

170 2626 352 2679 druplex
364 2628 489 2676 terra,
511 2625 663 2666 seilicet
682 2628 795 2665 terra
814 2624 1007 2677 superior
1029 2639 1037 2664 :
1064 2627 1190 2675 terra,

170 2697 346 2750 inquam
362 2728 372 2748 ,
399 2696 635 2738 viventium
652 2726 662 2744 ‚
696 2695 747 2736 de
767 2707 852 2748 qua
878 2695 923 2735 in
960 2694 1127 2735 Psalmo
1148 2695 1160 2716 ⁹
1185 2709 1193 2736 ε

178 2783 197 2807 a
217 2767 347 2808 Credo
363 2767 508 2809 videre
537 2766 650 2807 bona
667 2766 834 2807 Domini
852 2766 898 2805 in
914 2768 1027 2806 terra
1046 2766 1195 2807 viven-

172 2838 280 2879 tium
294 2852 333 2888 ;›)
350 2837 656 2887 inferiortcrra,
680 2836 837 2897 scilicet
856 2839 1125 2877 mortuorum
1136 2839 1164 2861 ¹0
1184 2851 1192 2876 :

177 2924 197 2949 (1
210 2909 314 2952 Ecce
332 2910 536 2951 deductus
558 2921 601 2949 es
621 2920 719 2949 cum
747 2907 879 2960 lignis
896 2906 1127 2960 voluptatis
1146 2906 1199 2947 ad

170 2984 327 3022 terram
344 2979 540 3021 ultimam
556 2993 598 3029 ;›)
614 2979 796 3020 exterior
813 2979 939 3019 etiam
956 2981 1081 3028 terra,
1115 2978 1196 3018 sci-

170 3052 266 3094 licet
278 3051 564 3101 morientium,
581 3050 736 3091 ‘scilicet
747 3061 935 3102 praesens
950 3049 1136 3090 mundus
1145 3049 1172 3071 ¹¹
1185 3064 1195 3100 3

179 3138 199 3162 (ι
215 3122 289 3165 Vae
301 3153 316 3174 ,
351 3134 438 3173 vae,
460 3134 528 3164 vae
557 3121 850 3163 habitantibus
879 3121 924 3161 in
946 3123 1085 3170 terra,
1106 3135 1125 3158 ›>
1156 3121 1199 3162 id

174 3194 298 3235 estin
313 3193 496 3244 mundo;
512 3193 686 3234 interior
705 3194 832 3242 terra,
858 3191 1013 3232 scilicet
1032 3190 1195 3241 mortis,

174 3264 218 3305 id
236 3267 313 3316 est,
333 3276 485 3317 corpus
503 3263 682 3304 mortale
699 3266 739 3304 et
757 3265 975 3303 terrenum
990 3262 1018 3283 ¹2
1037 3276 1077 3302 z«
1091 3260 1201 3310 Quid

223 3346 359 3386 ¹Greg.,
379 3346 413 3377 in
433 3347 574 3387 Evanq„
595 3345 688 3377 hom.
710 3352 819 3377 xxvn.
840 3360 880 3367 —
899 3344 910 3362 ²
930 3343 1022 3376 Psal.
1046 3351 1088 3383 x,
1110 3344 1140 3374 8.
1160 3360 1202 3365 —

177 3392 191 3414 ³
206 3391 295 3424 Psal.
315 3400 408 3433 XLtv,
429 3395 459 3426 8.
478 3409 520 3416 —
542 3393 553 3411 ⁴
576 3392 712 3434 Mami„
729 3400 762 3433 v,
782 3393 812 3423 6.
827 3407 867 3415 ·—
885 3392 897 3411 ⁵
918 3392 1035 3433 Greg.‚
1055 3391 1200 3430 Pastor„

176 3440 262 3480 part.
283 3446 328 3479 11,
348 3449 378 3470 c.
397 3447 444 3472 vi.
462 3456 503 3463 —
522 3440 535 3463 ὃ
554 3441 567 3472 l
585 3441 675 3479 Cor„
696 3447 741 3480 11,
763 3441 814 3471 15.
828 3455 869 3463 -
886 3439 901 3462 '1
923 3438 1017 3478 Gen„
1039 3446 1068 3478 1,
1091 3439 1143 3469 24.
1161 3454 1202 3460 —

179 3485 194 3509 ⁸
210 3485 313 3527 Rom„
333 3494 398 3528 ΧΠ,
419 3489 450 3519 1.
468 3504 509 3513 -
527 3489 538 3507 ⁹
554 3486 644 3521 Psal.
665 3494 761 3528 xxvl,
783 3488 832 3519 13.
854 3504 890 3510 -
914 3487 939 3508 1⁶
952 3485 1083 3525 Ezech„
1103 3492 1200 3525 xxm,

1268 2141 1396 2170 sensu
1407 2129 1595 2170 interiori
1614 2129 1680 2182 pie
1695 2129 1984 2180 intelligendo.
1999 2128 2116 2170 Unde
2131 2129 2294 2170 Glossa:

1273 2215 1292 2239 (ι
1313 2200 1575 2253 Scripturam
1605 2200 1673 2252 pie
1698 2199 1830 2251 legite
1850 2202 1891 2240 et
1921 2199 2147 2253 intelligite
2170 2215 2178 2241 ε
2204 2201 2294 2254 pie,

1267 2272 1421 2312 scilicet
1451 2272 1627 2321 devote,
1650 2271 1922 2324 approbando
1956 2273 1997 2311 et
2027 2273 2295 2325 exequendo,

1268 2343 1381 2395 quod
1401 2342 1657 2394 intelligitis;
1696 2345 1736 2382 et
1769 2354 1854 2383 non
1872 2343 2196 2395 redarguendo,
2229 2344 2299 2385 vel

1267 2413 1611 2463 condemnando,
1650 2413 1762 2465 quod
1795 2425 1880 2454 non
1915 2413 2164 2465 intelligitis.
2197 2429 2215 2451 »
2246 2415 2300 2456 Et

1268 2484 1317 2524 in
1336 2483 1612 2535 simplicitate
1630 2483 1770 2525 cordis
1791 2485 1965 2536 quoerite
1984 2484 2106 2525 illum
2121 2515 2131 2534 ,
2154 2484 2205 2524 ad
2233 2485 2299 2538 ip-

1268 2566 1363 2594 sum
1379 2585 1389 2603 ,
1413 2554 1567 2594 scilicet
1598 2555 1729 2594 totam
1755 2554 1892 2594 cordis
1922 2554 2201 2594 intentionem
2230 2554 2298 2595 di—

1267 2625 1462 2677 rigendo.
1489 2623 1601 2664 Unde
1623 2624 1766 2664 Glossa
1789 2638 1797 2664 :
1827 2638 1846 2662 ((
1869 2623 2085 2665 Voluntati
2113 2626 2205 2677 ejus
2224 2636 2300 2666 vos

1269 2695 1475 2748 subjicite.
1498 2709 1517 2733 ›>
1544 2693 1661 2744 Quod
1685 2707 1771 2735 non
1791 2694 1951 2735 faciunt
1972 2696 2229 2749 hypocritae3
2259 2699 2300 2737 et

1267 2767 1361 2807 ideo
1381 2767 1660 2807 inconstantes
1680 2768 1807 2816 sunt,
1837 2766 2068 2806 secundum
2095 2767 2200 2808 illud
2228 2767 2296 2807 Ja-

1269 2838 1363 2878 cobi
1381 2838 1409 2859 ¹⁸
1427 2852 1466 2879 :(<
1484 2837 1559 2878 Vir
1578 2837 1734 2890 duplex
1757 2836 1898 2877 animo
1915 2837 2158 2877 inconstans
2171 2841 2232 2878 est
2250 2838 2297 2878 in

1270 2908 1467 2948 omnibus
1486 2908 1568 2950 viis
1584 2908 1671 2948 suis
1689 2922 1697 2947 :
1719 2921 1737 2944 >³
1763 2910 1803 2947 et
1821 2910 1992 2960 propter
2013 2908 2109 2958 hoc,
2131 2920 2199 2949 vae
2221 2909 2296 2959 eis,

1271 2978 1504 3019 secundum
1525 2978 1630 3018 illud
1651 2977 1678 2999 ¹⁹
1701 2976 1828 3019 :<‹Vae
1849 2978 2005 3030 duplici
2025 2979 2163 3020 corde.
2181 2994 2200 3017 >)
2220 2979 2297 3020 Cor

1271 3049 1428 3101 duplex
1448 3051 1531 3099 est,
1566 3048 1734 3101 quando
1756 3051 1895 3101 partes
1924 3051 2017 3101 ejus
2049 3049 2102 3090 ad
2133 3049 2299 3092 diversa

1270 3119 1465 3160 feruntur
1478 3118 1761 3172 principaliter
1775 3133 1784 3170 ;
1804 3119 1917 3172 quod
1934 3121 1994 3160 est
2013 3120 2174 3161 occasio
2190 3132 2299 3161 mor-

1271 3190 1324 3230 tis
1343 3189 1596 3243 spiritualis,
1619 3189 1852 3230 secundum
1872 3189 1979 3231 illud
1998 3191 2026 3212 ²⁰
2050 3204 2086 3232 :a
2107 3190 2299 3233 Divisum

1275 3286 1324 3316 18.
1338 3302 1380 3308 -
1403 3285 1422 3303 ¹¹
1440 3284 1553 3325 Apoc,
1570 3291 1645 3324 vm,
1661 3286 1710 3316 13.
1725 3301 1765 3306 —
1786 3284 1807 3302 ¹²
1824 3284 1942 3324 Ecclz'.,
1962 3292 1998 3325 x,
2013 3287 2044 3316 9.
2065 3302 2105 3308 --
2123 3286 2150 3307 ¹3
2164 3285 2299 3326 Mami„

1272 3340 1348 3371 xw,
1372 3334 1422 3363 19.
1445 3348 1486 3354 —
1513 3331 1538 3353 ¹4
1563 3332 1670 3370 Joan„
1698 3339 1756 3370 ιιι,
1785 3333 1832 3362 18.
1856 3346 1897 3352 -
1929 3332 1952 3354 “ὅ
1975 3332 2063 3365 Psal.
2092 3339 2181 3372 Lvil,
2209 3334 2238 3365 2.
2261 3350 2298 3354 —

1275 3380 1302 3401 ¹⁶
1319 3379 1438 3420 Ecclz'„
1459 3385 1586 3419 xxxin,
1606 3380 1658 3410 25.
1673 3395 1713 3401 -
1734 3379 1755 3397 ¹⁷
1777 3379 1785 3410 l
1808 3378 1964 3419 Cor.,1x,
1984 3381 2036 3411 27.
2056 3395 2096 3403 —
2119 3380 2142 3398 ¹⁸
2164 3380 2248 3419 lac„
2276 3387 2298 3421 t,

1273 3427 1305 3458 8.
1321 3443 1362 3450 -
1387 3426 1408 3444 ¹⁹
1431 3425 1547 3466 Ecclz'.,
1568 3433 1606 3465 11,
1629 3427 1677 3457 14.
1697 3442 1738 3450 -
1756 3426 1784 3449 ²⁰
1805 3428 1891 3466 ose„
1912 3434 1947 3467 x,
1966 3428 1998 3458 2.

1316 3485 1358 3526 (α)
1386 3483 1482 3525 Vulq.
1501 3487 1603 3517 recta.
