2634 3853
179 2233 314 2261 officium

173 2276 314 2302 doctrinae
335 2293 343 2302 .

171 2316 203 2343 in
219 2318 311 2348 ,10611-

177 2366 223 2386 ne.

360 286 438 324 404

357 371 493 413 Vestis
513 371 695 424 pretiosa
719 371 760 410 et
787 370 874 410 vita
896 368 1092 409 deliciosa
1116 368 1215 407 sunt
1243 363 1384 405 homi-

356 456 461 484 num
484 444 826 490 mundanorum,
857 452 942 480 non
970 440 1163 480 virorum
1183 437 1380 490 spiritua-

353 514 460 555 lium
483 520 520 554 et
539 514 878 554 christianorum.
900 510 1017 551 Unde
1036 510 1190 550 dicitur
1211 509 1261 547 dc
1282 520 1378 547 mu-

353 585 526 625 lieribus
556 586 592 623 ¹:
633 600 651 621 «
683 584 872 631 Quarum
907 593 995 621 non
1029 581 1083 620 sit
1119 579 1380 620 extrinsecus

352 656 618 708 capillatura,
641 657 711 694 aut
731 652 1003 693 circumdatio
1023 651 1139 701 auri,
1159 653 1233 691 aut
1252 649 1377 690 indu-

349 726 481 765 menti
513 725 865 765 vestimentorum
894 723 1046 763 cultus.
1078 737 1097 759 »
1132 721 1267 774 Super
1294 733 1377 773 quo

349 796 581 846 Gregorius
600 797 639 835 ²:
667 810 686 833 «
707 795 839 836 Nemo
866 796 985 847 putet
1008 794 1050 833 in
1076 793 1193 834 cultu
1219 792 1375 845 pretio-

346 880 493 907 sarum
531 867 716 908 vestium
753 866 896 907 deesse
931 868 1165 919 peccatum.
1200 863 1376 904 Pensate

345 951 441 992 quae
466 939 589 992 culpa
614 939 686 989 sit,
712 939 792 979 1100
815 938 942 979 etiam
970 937 1086 978 viros
1111 937 1328 988 appetere,
1352 946 1376 974 a

345 1023 430 1063 quo
461 1010 626 1051 curavit
646 1013 787 1062 pastor
812 1008 1007 1050 Ecclesiae
1031 1007 1158 1048 etiam
1178 1005 1375 1046 foeminas

343 1081 582 1133 prohibere.
614 1079 869 1132 llujusmodi
906 1090 1091 1130 namque
1120 1076 1374 1119 vestimenta

342 1154 523 1204 pretiosa
541 1153 641 1192 sunt
655 1150 838 1191 carnalia
857 1153 898 1191 et
916 1150 1124 1190 deliciosa.
1148 1147 1195 1188 In
1216 1146 1373 1188 deliciis

341 1226 483 1263 autem
505 1222 768 1276 periclitatur
788 1221 1018 1274 spiritualis
1035 1220 1139 1262 vita.
1164 1218 1316 1259 »Unde
1333 1218 1368 1259 ³:

347 1294 521 1335 «Vidua
547 1306 643 1347 qua>¹
668 1293 713 1333 111
735 1292 893 1334 deliciis
912 1294 996 1343 est,
1022 1291 1174 1333 vivens
1202 1293 1372 1330 mortua

339 1368 415 1406 est.
439 1380 458 1404 1)
475 1366 488 1387 a
514 1381 533 1404 «
565 1364 791 1418 Usquequo
817 1364 974 1405 deliciis
1000 1362 1263 1412 dissolveris,
1285 1361 1372 1401 filia

338 1449 452 1489 vaga
465 1438 484 1476 ἱ)
504 1451 523 1473 n
551 1436 805 1489 Hujusmodi
826 1435 941 1476 enim
959 1436 1097 1476 vestes
1116 1432 1310 1486 pretiosae
1330 1434 1371 1473 et

338 1508 548 1549 deliciosae
581 1509 894 1549 consueverunt
932 1517 1020 1546 esse
1058 1516 1182 1545 vanae
1218 1503 1369 1555 gloriae

337 1580 513 1621 occasio.
543 1579 593 1620 Et
619 1579 713 1620 ideo
746 1578 890 1619 addit:
921 1579 975 1618 In
998 1575 1193 1618 domibus
1226 1585 1370 1627 recum

336 1656 452 1694 sunt.
476 1652 533 1692 De
551 1663 636 1704 quo
657 1651 701 1691 in
721 1649 1015 1692 Ecclesiastico
1035 1648 1074 1688 ¹³:
1107 1663 1127 1685 «
1147 1647 1191 1687 In
1213 1646 1369 1687 vestitu

336 1735 389 1764 ne
412 1723 609 1775 glorieris
628 1734 834 1774 unquam3
859 1732 937 1761 nec
957 1720 1001 1759 in
1022 1718 1087 1759 die
1108 1717 1285 1758 honoris
1304 1716 1368 1756 tui

335 1793 568 1844 extollaris,
593 1806 611 1830 ›>
638 1796 716 1833 etc.

387 1868 454 1905 26.
487 1864 569 1906 Sed
596 1862 704 1916 quid
730 1862 889 1904 existis
926 1859 1107 1902 videre?
1136 1858 1367 1911 Postquam

335 1935 646 1977 commendavit
662 1933 855 1975 Salvator
870 1932 890 1974 J
894 1943 1076 1973 oannem
1091 1931 1300 1983 quantum
1315 1927 1368 1968 ad

334 2008 536 2049 meritum
557 2007 674 2056 vitre,
697 2005 766 2046 hic
785 2003 1053 2045 commendat
1077 2003 1288 2054 quantum
1315 2000 1367 2040 ad

334 2080 506 2121 oficium
525 2078 748 2125 doctrinae3
765 2079 806 2117 et
824 2077 938 2116 recto
951 2073 1111 2125 ordine,
1131 2073 1233 2126 quia
1251 2072 1368 2125 prior

334 2150 456 2192 debet
476 2162 567 2191 esse
585 2149 673 2190 vita
692 2149 818 2196 bona,
837 2158 966 2199 quam
988 2144 1174 2185 doctrina
1193 2143 1368 2183 authen-

333 2221 429 2262 tica.
453 2219 781 2262 Commendatur
797 2219 941 2258 autem
958 2215 1147 2256 officium
1165 2214 1366 2254 doctrinae

333 2306 378 2334 1n
408 2292 569 2333 Joanne
606 2289 848 2343 dupliciter,
889 2287 1044 2327 scilicet
1075 2287 1286 2338 quantum
1314 2283 1368 2323 ad

332 2364 629 2417 limpiditatem
661 2362 706 2401 in
737 2358 1049 2411 cognoscendo,
1086 2358 1127 2397 et
1157 2357 1366 2408 quantum

332 2436 386 2477 ad
408 2435 700 2477 auctoritatem
722 2432 767 2472 in
795 2429 1009 2471 docendo:
1037 2438 1135 2480 quae
1163 2426 1248 2467 duo
1269 2437 1365 2478 per-

330 2508 488 2549 fectum
522 2506 704 2548 reddunt
735 2501 916 2544 doctoris
955 2499 1156 2541 officium.
1191 2496 1362 2548 Primo,

330 2582 539 2633 quantum
575 2578 626 2618 ad
656 2573 952 2628 limpiditatem
984 2571 1029 2611 in
1067 2567 1365 2621 cognoscendo

331 2651 526 2694 divinum
546 2647 820 2702 mysterium,
836 2644 1008 2685 dicitur:
1032 2641 1114 2683 Sed
1129 2639 1236 2693 quid
1253 2640 1366 2681 ewis-

332 2723 388 2766 tz’s
408 2722 553 2765 videre
565 2722 585 2762 P
602 2716 878 2772 prophetam?
893 2715 961 2755 cui
983 2713 1140 2754 scilicet
1159 2710 1365 2752 Dominus

331 2793 490 2835 revelet
515 2792 677 2839 futura,
699 2786 933 2829 secundum
952 2782 1059 2824 illud
1078 2782 1091 2804 ⁶
1109 2796 1119 2822 ι
1148 2796 1167 2820 ((
1185 2780 1279 2822 Νο11
1299 2781 1364 2821 fa-

332 2864 411 2905 ciet
430 2862 633 2904 Dominus
653 2860 763 2901 Deus
781 2857 985 2907 verbum,
1009 2853 1089 2894 nisi
1110 2852 1364 2894 revelaverit

332 2937 542 2975 secretum
568 2932 621 2973 ad
649 2941 794 2972 servos
820 2938 919 2968 suos
946 2924 1188 2979 prophetas.
1212 2937 1231 2961 »
1256 2922 1364 2964 Huic

331 3008 574 3047 autemnon
589 3002 727 3044 solum
744 3000 890 3040 futura
910 2995 1124 3050 praedixit3
1145 2994 1217 3035 sed
1234 2994 1363 3035 etiam

331 3089 375 3118 se
402 3074 720 3129 praesentialiter
745 3070 938 3112 ostendit.
964 3067 1060 3108 Ideo
1089 3065 1231 3106 addit:
1273 3065 1363 3108 Uci-

332 3159 409 3202 que
435 3147 530 3189 dico
556 3146 690 3194 vobis,
713 3147 750 3186 et
773 3142 1000 3196 plusquam
1020 3137 1281 3192 prophetam.
1304 3136 1361 3178 De

330 3231 415 3273 quo
444 3216 696 3260 Ambrosius
720 3219 760 3255 ⁷:
791 3229 810 3253 «
843 3212 949 3262 Quia
981 3210 1105 3251 multi
1137 3209 1362 3262 cupierunt

329 3291 498 3342 videre,
538 3300 666 3342 quem
700 3287 778 3326 iste
807 3282 1088 3338 prophetavit,
1126 3292 1256 3333 quem
1284 3279 1360 3320 iste

372 3400 379 3417 ¹
408 3398 416 3429 1
446 3399 548 3436 Ρείν.,
574 3402 636 3435 111,
662 3395 692 3425 3.
718 3410 758 3415 -
784 3392 794 3410 ²
818 3392 933 3431 Greg.‚
964 3390 999 3420 in
1027 3390 1168 3428 Evany„
1194 3387 1289 3419 hom.
1312 3394 1358 3428 vJ,

328 3445 417 3478 circa
436 3444 526 3476 med.
546 3460 588 3467 —
605 3442 619 3464 3
640 3443 649 3473 Ι
672 3440 767 3478 Tim„
788 3446 820 3478 v,
838 3440 868 3469 6.
887 3454 922 3459 —
943 3436 1103 3474 '‘Jerem.,
1126 3442 1226 3474 XXXI,
1247 3436 1300 3465 22.
1318 3450 1357 3457 —

325 3493 340 3514 5
358 3492 479 3531 Ecclt„
497 3499 547 3532 x1,
571 3491 602 3522 4,
618 3506 658 3512 -
677 3488 689 3505 ‘³
705 3487 815 3526 AmoS,
837 3492 892 3524 111,
913 3485 945 3515 7.
963 3500 1004 3506 —
1024 3483 1034 3501 ⁷
1056 3481 1187 3521 Ambr„
1212 3482 1245 3512 in
1265 3481 1355 3521 Luc„

323 3539 383 3572 lib.
412 3540 454 3579 V,
478 3547 514 3570 n.
545 3539 616 3569 109.
637 3552 678 3559 —
710 3535 721 3552 ⁸
749 3532 824 3573 lnf„
856 3539 898 3569 x,
923 3532 984 3567 23,
1012 3531 1062 3561 24.
1086 3547 1121 3551 —
1154 3530 1165 3547 ⁹
1190 3529 1301 3569 Joan„
1330 3536 1356 3569 Ι,

324 3587 439 3619 21-23.
461 3603 497 3609 —
517 3585 544 3607 ¹⁰
563 3582 657 3622 Mal„
685 3590 737 3622 111,
762 3584 792 3613 1.
812 3597 853 3603 —
878 3579 902 3601 ¹¹
926 3577 1024 3617 thid,
1046 3585 1084 3616 11,
1103 3577 1134 3607 7.
1156 3593 1195 3599 —
1215 3576 1243 3597 ¹²
1261 3575 1351 3608 Psal.

1089 272 1369 320 EVANGELII
1401 274 1587 318 SANCTI
1617 277 1764 320 LUCAE

1460 367 1696 419 conspexit,
1725 377 1852 419 quem
1881 366 1958 408 iste
1983 368 2229 422 baptizavit;
2257 385 2276 410 ›)
2298 372 2390 414 ideo
2418 385 2486 415 os-

1458 437 1666 478 tendendo
1681 436 1895 478 Christum
1915 437 2066 491 digito,
2082 443 2122 481 et
2136 442 2319 484 videndo
2338 445 2486 496 0011115,

1457 507 1548 550 aliis
1581 508 1797 560 prophetis
1828 508 1906 548 suit
1939 509 2210 552 excellentior
2242 517 2283 554 et
2308 516 2483 567 beatior,

1457 579 1690 619 secundum
1716 579 1818 619 illud
1840 580 1879 618 ⁸:
1908 594 1927 617 «
1960 579 2075 621 Beati
2100 583 2211 623 oculi
2240 586 2315 637 qui
2343 587 2487 628 vident

1455 660 1553 701 quae
1567 662 1642 691 vos
1655 650 1824 691 videtis:
1842 650 1933 691 dico
1953 652 2067 692 enim
2081 653 2216 704 vobis,
2233 656 2347 707 quod
2362 658 2485 698 multi

1454 719 1671 771 prophetae
1687 723 1728 761 et
1747 733 1870 773 reges
1887 721 2116 763 voluerunt
2132 724 2276 765 videre
2293 738 2391 778 quae
2409 740 2486 769 vos

1453 790 1625 841 videtis,
1647 794 1687 832 et
1706 804 1793 832 non
1812 792 2026 832 viderunt.
2051 807 2071 831 ›)
2093 792 2144 833 Et
2163 794 2256 836 ideo
2285 796 2388 848 quia
2407 809 2485 838 ex-

1452 859 1669 902 cellentius
1689 862 1767 902 fuit
1786 863 1821 914 ej
1829 874 1878 902 us
1896 862 2083 903 officium
2106 876 2236 916 quam
2255 867 2483 919 propheta-

1451 944 1571 982 rum;
1594 932 1688 974 ideo
1707 933 1796 986 ipse
1821 932 2015 986 Baptista,
2040 933 2264 976 Pharisaeis
2286 949 2482 989 quaeren-

1450 1002 1610 1044 tibus⁹:
1630 1018 1649 1041 «
1670 1003 1882 1057 Propheta
1902 1005 2038 1045 estu?
2057 1019 2076 1043 »
2103 1006 2338 1059 respondit:
2356 1008 2486 1050 «Non

1450 1087 1568 1127 sum,
1589 1090 1608 1114 1)
1626 1077 1730 1117 sed«
1751 1088 1837 1118 vox
1854 1077 2076 1117 clamantis
2094 1077 2139 1118 in
2163 1078 2340 1120 deserto.
2366 1095 2384 1118 ›)
2401 1081 2484 1122 Nec

1450 1147 1512 1186 est
1527 1146 1668 1199 aliqua
1681 1148 1968 1198 contradictio,
1987 1149 2058 1189 sed
2076 1150 2366 1201 consonantia,
2383 1152 2484 1203 quia

1448 1217 1655 1269 propheta
1668 1218 1857 1270 praedicit.
1869 1219 2014 1260 futura
2027 1221 2067 1260 et
2083 1220 2286 1272 absentia,
2305 1220 2376 1261 sed
2395 1233 2482 1263 vox

1448 1288 1641 1340 patefacit
1660 1290 1900 1341 praesentia.

1502 1358 1695 1400 Secundo
1718 1392 1728 1410 ,
1767 1362 1978 1414 quantum
2015 1361 2068 1402 ad
2103 1361 2413 1403 auctoritatems
2437 1363 2480 1403 in

1447 1429 1634 1471 docendo
1671 1443 1746 1482 per
1782 1431 1977 1472 divinum
2016 1432 2265 1473 mandatum
2280 1466 2292 1483 ,
2327 1434 2480 1475 dicitur

1450 1501 1518 1553 (v.
1541 1502 1615 1554 ΩΤ)
1637 1515 1646 1541 :
1671 1502 1753 1543 Hic
1786 1505 1846 1544 est
1874 1501 1925 1543 cle
1954 1513 2034 1554 quo
2060 1504 2266 1555 scriptam
2291 1508 2353 1547 est
2369 1537 2381 1555 ,
2405 1506 2479 1547 ubi

1445 1571 1635 1625 loquitur
1665 1572 1791 1613 Pater
1821 1573 1874 1614 ad
1902 1573 2060 1614 Filium
2090 1575 2118 1599 ¹⁰
2143 1589 2151 1615 :
2186 1574 2323 1616 «Ecce
2359 1575 2480 1617 mitto

1445 1643 1652 1694 angelum
1680 1654 1824 1683 meum
1841 1674 1852 1692 ,
1874 1657 1893 1680 n
1918 1642 1960 1682 id
1981 1645 2044 1683 est
2071 1643 2272 1683 nuntium
2303 1645 2480 1686 authen-

1444 1713 1577 1753 ticum
1595 1743 1605 1762 ‚
1635 1712 1864 1763 Joannem,
1895 1713 1967 1765 qui
1998 1713 2178 1765 angelus
2209 1713 2364 1755 dicitur
2394 1727 2480 1757 non
2509 1738 2634 1766 Joanne,

1445 1782 1711 1836 simplicitate
1731 1785 1921 1834 naturae,
1944 1783 2015 1824 sed
2043 1784 2290 1826 auctoritate
2321 1786 2476 1827 doctri·
2497 1780 2634 1815 Angehffi·

1443 1866 1533 1906 nae,
1564 1855 1797 1896 secundum
1828 1855 1934 1895 illud
1954 1856 1980 1877 ¹¹
2004 1867 2014 1895 ε
2042 1870 2062 1894 α
2085 1855 2215 1897 Labia
2252 1857 2479 1898 sacerdotis

1444 1926 1681 1967 custodient
1700 1925 1919 1967 scientiam
1934 1957 1944 1976 ,
1963 1928 2003 1966 et
2022 1926 2165 1978 legem
2185 1927 2406 1980 requirent
2426 1941 2479 1970 ex

1443 2009 1515 2038 ore
1534 1999 1646 2050 eJus,
1678 1997 1779 2050 quia
1809 1997 1989 2049 angelus
2017 1997 2185 2038 Domini
2214 1999 2477 2040 exercituum

1443 2071 1518 2109 est.
1549 2083 1568 2106 ›)
1602 2069 1699 2110 Ideo
1731 2070 1875 2110 autem
1907 2068 2089 2109 Joannes
2122 2068 2275 2109 dicitur
2303 2069 2479 2111 nuntius

1442 2139 1494 2180 ad
1515 2140 1691 2180 modum
1712 2140 1879 2192 angeli,
1903 2140 2005 2192 quia
2030 2139 2138 2180 sicut
2162 2140 2307 2192 angeli
2331 2140 2478 2181 vident

1441 2209 1591 2250 faciem
1613 2209 1749 2250 Patris
1764 2210 1809 2249 in
1827 2210 1995 2260 deitate,
2012 2210 2071 2250 510
2091 2210 2180 2262 ipse
2201 2210 2305 2252 vidit
2327 2210 2477 2251 faciem

1443 2279 1629 2330 Christi,
1666 2282 1708 2321 et
1741 2280 1995 2322 monstravit
2033 2281 2078 2320 in
2120 2292 2259 2321 carne.
2300 2279 2477 2333 Propter

1440 2352 1554 2405 quod
1573 2352 1688 2393 addit
1709 2365 1718 2392 :
1743 2352 1852 2394 Ante
1872 2352 2024 2403 faciem.
2045 2354 2188 2402 tuam,
2220 2350 2264 2392 id
2282 2353 2371 2402 est,
2401 2363 2475 2404 ap—

1440 2423 1692 2476 paritionem
1723 2424 1769 2463 in
1801 2435 1950 2474 carne,
1981 2423 2033 2463 de
2066 2435 2151 2476 qua
2169 2422 2197 2445 ¹²
2220 2435 2230 2463 :
2259 2437 2278 2462 «
2299 2422 2476 2464 Ostende

1439 2494 1563 2535 nobis
1596 2493 1746 2534 faciem
1777 2495 1926 2543 tuam,
1962 2495 2002 2534 et
2035 2492 2142 2535 salvi
2174 2493 2347 2534 erimus.
2380 2507 2399 2531 ›)
2424 2493 2476 2534 Et

1439 2563 1550 2604 hanc
1581 2563 1731 2604 faciem
1764 2563 2026 2604 desiderabat
2056 2562 2185 2603 Isaias
2221 2563 2265 2603 in
2298 2574 2477 2615 persona

1438 2638 1611 2689 patrum
1636 2635 1665 2657 ¹³
1699 2649 1708 2676 :
1740 2649 1759 2674 α
1779 2633 1948 2675 Utinam
1979 2634 2245 2687 dirumperes
2277 2633 2403 2675 coelos
2435 2636 2476 2675 et

1439 2707 1710 2749 descenderes
1728 2721 1737 2747 ε
1756 2719 1780 2747 a
1793 2706 1897 2747 facie
1912 2708 1985 2747 tua
1998 2708 2163 2747 montes
2178 2705 2430 2746 defluerent.
2447 2720 2467 2745 >³

1438 2778 1490 2819 Et
1519 2778 1620 2831 quia
1648 2790 1735 2819 non
1763 2780 1884 2819 erant
1914 2777 2052 2830 parati
2083 2777 2136 2817 ad
2166 2776 2291 2817 istam
2322 2776 2472 2817 faciem

1437 2849 1745 2902 recipiendam,
1766 2849 1847 2889 nisi
1874 2848 2265 2901 praemunirentur,
2287 2847 2380 2887 ideo
2408 2846 2472 2887 di-

1438 2919 1577 2960 citur:
1604 2920 1684 2967 Qui
1698 2918 1962 2973 praeparabit
1993 2920 2111 2961 viam
2139 2920 2256 2960 luam
2289 2916 2339 2970 (a)
2370 2920 2469 2959 ante

1438 2996 1497 3042 te,
1529 2991 1685 3032 scilicet
1715 2991 1948 3042 nascendo,
1980 2988 2298 3040 conversando,
2325 2988 2469 3042 bapti-

1436 3064 1570 3104 zando
1589 3094 1603 3113 ,
1633 3062 1916 3116 praedicando.
1950 3060 2156 3101 Omnibus
2187 3059 2303 3100 enim
2332 3060 2468 3101 modis

1436 3146 1568 3175 manu
1598 3134 1777 3175 ducebat
1804 3133 1857 3174 ad
1889 3131 2127 3181 Christum,
2158 3131 2268 3172 sicut
2298 3143 2384 3173 vox
2416 3132 2468 3172 ad

1435 3205 1638 3247 Verbum.
1668 3204 1765 3245 Ideo
1797 3204 1908 3244 recte
1938 3202 1988 3243 de
2019 3202 2111 3254 ipso
2143 3201 2304 3242 dictum
2333 3204 2394 3243 est
2423 3201 2469 3242 in

1433 3276 1556 3318 Isaia
1569 3275 1611 3326 ¹⁴,
1636 3277 1677 3315 et
1695 3286 1825 3327 supra
1847 3273 1873 3295 11
1892 3274 2161 3326 resumptum
2181 3275 2258 3323 est,
2279 3274 2320 3313 et
2340 3272 2468 3313 etiam

1433 3347 1480 3388 in
1496 3347 1659 3390 Joanne
1681 3345 1710 3368 ¹⁶
1737 3357 1746 3386 :
1767 3359 1786 3384 α
1803 3343 1896 3397 Ego
1915 3356 2002 3387 vox
2019 3343 2240 3385 clamantis
2258 3343 2304 3384 in
2323 3343 2465 3385 deser-

1431 3469 1556 3500 Lxmx,
1581 3461 1612 3492 4.
1641 3476 1682 3484 -
1708 3459 1731 3478 ¹³
1756 3459 1837 3498 lsa„
1865 3464 1960 3499 mv,
1988 3460 2017 3490 1.
2046 3474 2085 3482 —
2114 3457 2140 3479 ¹⁴
2167 3457 2246 3498 lsa„
2274 3464 2336 3497 xn,
2366 3458 2396 3488 3.
2424 3474 2466 3481 -

1431 3509 1458 3532 1⁵
1477 3510 1574 3549 supi,
1592 3514 1645 3547 111,
1666 3507 1697 3538 4.
1717 3522 1758 3529 —
1772 3506 1800 3527 1⁶
1818 3506 1926 3545 Joan„
1949 3513 1974 3546 1,
1994 3507 2048 3537 23.

1470 3574 1515 3614 (α)
1538 3572 1617 3605 Caet.
1638 3570 1719 3603 edit.
1740 3578 1848 3603 suam.
