<?xml version="1.0" encoding="UTF-8"?>
<!DOCTYPE html PUBLIC "-//W3C//DTD XHTML 1.0 Transitional//EN"
    "http://www.w3.org/TR/xhtml1/DTD/xhtml1-transitional.dtd">
<html xmlns="http://www.w3.org/1999/xhtml" xml:lang="en" lang="en">
 <head>
  <title>
</title>
<meta http-equiv="Content-Type" content="text/html;charset=utf-8" />
  <meta name='ocr-system' content='tesseract 3.04.00' />
  <meta name='ocr-capabilities' content='ocr_page ocr_carea ocr_par ocr_line ocrx_word'/>
</head>
<body>
  <div class='ocr_page' id='page_1' title='image "./operaomniasixtiv10bonauoft/operaomniasixtiv10bonauoft_0143.png"; bbox 0 0 2587 3845; ppageno 0'>
   <div class='ocr_carea' id='block_1_1' title="bbox 79 2067 219 2142">
    <p class='ocr_par' dir='ltr' id='par_1_1' title="bbox 79 2067 219 2142">
     <span class='ocr_line' id='line_1_1' title="bbox 99 2067 219 2094; baseline 0 -1"><span class='ocrx_word' id='word_1_1' title='bbox 99 2067 219 2094; x_wconf 75' lang='lat' dir='ltr'>Moralis</span> 
     </span>
     <span class='ocr_line' id='line_1_2' title="bbox 79 2107 218 2142; baseline 0.007 -9"><span class='ocrx_word' id='word_1_2' title='bbox 79 2107 218 2142; x_wconf 81' lang='lat' dir='ltr'>expositio</span> 
     </span>
    </p>
   </div>
   <div class='ocr_carea' id='block_1_2' title="bbox 1136 196 1458 238">
    <p class='ocr_par' dir='ltr' id='par_1_2' title="bbox 1136 196 1458 238">
     <span class='ocr_line' id='line_1_3' title="bbox 1136 196 1458 238; baseline 0.003 -3"><span class='ocrx_word' id='word_1_3' title='bbox 1136 196 1307 237; x_wconf 86' lang='lat' dir='ltr'><strong>CAPUT</strong></span> <span class='ocrx_word' id='word_1_4' title='bbox 1335 196 1458 238; x_wconf 86' lang='lat' dir='ltr'><strong>XVII.</strong></span> 
     </span>
    </p>
   </div>
   <div class='ocr_carea' id='block_1_3' title="bbox 228 284 1268 3300">
    <p class='ocr_par' dir='ltr' id='par_1_3' title="bbox 228 284 1267 2022">
     <span class='ocr_line' id='line_1_4' title="bbox 235 284 1257 338; baseline -0.003 -10"><span class='ocrx_word' id='word_1_5' title='bbox 235 289 335 328; x_wconf 90' lang='lat' dir='ltr'>item</span> <span class='ocrx_word' id='word_1_6' title='bbox 364 292 374 314; x_wconf 91' lang='lat'>¹</span> <span class='ocrx_word' id='word_1_7' title='bbox 410 300 419 327; x_wconf 72' lang='grc' dir='ltr'><strong><em>ε</em></strong></span> <span class='ocrx_word' id='word_1_8' title='bbox 467 300 486 324; x_wconf 84' lang='grc'>((</span> <span class='ocrx_word' id='word_1_9' title='bbox 507 285 648 326; x_wconf 89' lang='lat' dir='ltr'>Funes</span> <span class='ocrx_word' id='word_1_10' title='bbox 681 287 950 338; x_wconf 90' lang='lat' dir='ltr'>peccatorum</span> <span class='ocrx_word' id='word_1_11' title='bbox 981 284 1257 337; x_wconf 80' lang='lat' dir='ltr'>circumplexi</span> 
     </span>
     <span class='ocr_line' id='line_1_5' title="bbox 235 355 1258 408; baseline -0.003 -10"><span class='ocrx_word' id='word_1_12' title='bbox 235 359 470 398; x_wconf 81' lang='lat' dir='ltr'>suntme.»</span> <span class='ocrx_word' id='word_1_13' title='bbox 507 355 602 398; x_wconf 77' lang='lat' dir='ltr'>Sive</span> <span class='ocrx_word' id='word_1_14' title='bbox 631 357 742 398; x_wconf 76' lang='lat' dir='ltr'>enim</span> <span class='ocrx_word' id='word_1_15' title='bbox 770 357 951 408; x_wconf 72' lang='lat' dir='ltr'>spiritus</span> <span class='ocrx_word' id='word_1_16' title='bbox 981 355 1196 404; x_wconf 74' lang='lat' dir='ltr'>sibilacus,</span> <span class='ocrx_word' id='word_1_17' title='bbox 1217 355 1258 395; x_wconf 86' lang='lat' dir='ltr'>id</span> 
     </span>
     <span class='ocr_line' id='line_1_6' title="bbox 233 427 1258 478; baseline -0.003 -8"><span class='ocrx_word' id='word_1_18' title='bbox 233 430 295 470; x_wconf 88' lang='lat' dir='ltr'>est</span> <span class='ocrx_word' id='word_1_19' title='bbox 329 428 356 478; x_wconf 75' lang='lat'>²,</span> <span class='ocrx_word' id='word_1_20' title='bbox 401 427 585 467; x_wconf 87' lang='lat' dir='ltr'>«sibilus</span> <span class='ocrx_word' id='word_1_21' title='bbox 615 439 731 468; x_wconf 78' lang='lat' dir='ltr'>aurae</span> <span class='ocrx_word' id='word_1_22' title='bbox 768 427 931 476; x_wconf 82' lang='lat' dir='ltr'>tenuis3</span> <span class='ocrx_word' id='word_1_23' title='bbox 968 441 987 464; x_wconf 69' lang='grc' dir='ltr'>υ</span> <span class='ocrx_word' id='word_1_24' title='bbox 1029 429 1106 468; x_wconf 75' lang='lat' dir='ltr'>aut</span> <span class='ocrx_word' id='word_1_25' title='bbox 1145 427 1258 468; x_wconf 77' lang='lat' dir='ltr'>inter</span> 
     </span>
     <span class='ocr_line' id='line_1_7' title="bbox 231 497 1253 551; baseline -0.003 -12"><span class='ocrx_word' id='word_1_26' title='bbox 231 499 388 551; x_wconf 80' lang='lat' dir='ltr'>spissos</span> <span class='ocrx_word' id='word_1_27' title='bbox 401 508 540 540; x_wconf 82' lang='lat' dir='ltr'>ramos</span> <span class='ocrx_word' id='word_1_28' title='bbox 561 499 757 540; x_wconf 76' lang='lat' dir='ltr'>arborum</span> <span class='ocrx_word' id='word_1_29' title='bbox 777 499 923 540; x_wconf 77' lang='lat' dir='ltr'>avium</span> <span class='ocrx_word' id='word_1_30' title='bbox 941 507 1084 548; x_wconf 81' lang='lat' dir='ltr'>sonus,</span> <span class='ocrx_word' id='word_1_31' title='bbox 1108 497 1149 537; x_wconf 89' lang='lat' dir='ltr'>id</span> <span class='ocrx_word' id='word_1_32' title='bbox 1179 499 1253 547; x_wconf 85' lang='lat' dir='ltr'>est,</span> 
     </span>
     <span class='ocr_line' id='line_1_8' title="bbox 232 568 1258 621; baseline -0.002 -12"><span class='ocrx_word' id='word_1_33' title='bbox 232 571 379 610; x_wconf 87' lang='lat' dir='ltr'>cantus</span> <span class='ocrx_word' id='word_1_34' title='bbox 394 570 542 611; x_wconf 82' lang='lat' dir='ltr'>suavis</span> <span class='ocrx_word' id='word_1_35' title='bbox 552 584 562 619; x_wconf 93' lang='lat'>;</span> <span class='ocrx_word' id='word_1_36' title='bbox 586 569 742 619; x_wconf 87' lang='lat' dir='ltr'>suavis,</span> <span class='ocrx_word' id='word_1_37' title='bbox 779 569 822 608; x_wconf 88' lang='lat' dir='ltr'>in</span> <span class='ocrx_word' id='word_1_38' title='bbox 851 570 1059 621; x_wconf 86' lang='lat' dir='ltr'>quantum</span> <span class='ocrx_word' id='word_1_39' title='bbox 1090 571 1179 608; x_wconf 82' lang='lat' dir='ltr'>erat</span> <span class='ocrx_word' id='word_1_40' title='bbox 1208 568 1258 608; x_wconf 88' lang='lat' dir='ltr'>de</span> 
     </span>
     <span class='ocr_line' id='line_1_9' title="bbox 231 638 1258 690; baseline -0.003 -10"><span class='ocrx_word' id='word_1_41' title='bbox 231 651 275 680; x_wconf 90' lang='lat' dir='ltr'>se</span> <span class='ocrx_word' id='word_1_42' title='bbox 293 639 468 680; x_wconf 87' lang='lat' dir='ltr'>idoneus</span> <span class='ocrx_word' id='word_1_43' title='bbox 489 640 541 679; x_wconf 88' lang='lat' dir='ltr'>ad</span> <span class='ocrx_word' id='word_1_44' title='bbox 555 639 846 680; x_wconf 88' lang='lat' dir='ltr'>delectandum</span> <span class='ocrx_word' id='word_1_45' title='bbox 873 638 1024 689; x_wconf 84' lang='lat' dir='ltr'>magis,</span> <span class='ocrx_word' id='word_1_46' title='bbox 1047 650 1177 690; x_wconf 86' lang='lat' dir='ltr'>quam</span> <span class='ocrx_word' id='word_1_47' title='bbox 1205 638 1258 678; x_wconf 91' lang='lat' dir='ltr'>ad</span> 
     </span>
     <span class='ocr_line' id='line_1_10' title="bbox 231 708 1256 762; baseline -0.001 -13"><span class='ocrx_word' id='word_1_48' title='bbox 231 709 496 760; x_wconf 81' lang='lat' dir='ltr'>terrendum3</span> <span class='ocrx_word' id='word_1_49' title='bbox 524 714 601 752; x_wconf 75' lang='lat' dir='ltr'>aut</span> <span class='ocrx_word' id='word_1_50' title='bbox 632 711 699 751; x_wconf 72' lang='lat' dir='ltr'>vis</span> <span class='ocrx_word' id='word_1_51' title='bbox 733 720 854 762; x_wconf 74' lang='lat' dir='ltr'>aquce</span> <span class='ocrx_word' id='word_1_52' title='bbox 884 708 1150 750; x_wconf 73' lang='lat' dir='ltr'>decurrentis</span> <span class='ocrx_word' id='word_1_53' title='bbox 1185 708 1256 749; x_wconf 77' lang='lat' dir='ltr'>ni-</span> 
     </span>
     <span class='ocr_line' id='line_1_11' title="bbox 232 778 1261 832; baseline -0.003 -12"><span class='ocrx_word' id='word_1_54' title='bbox 232 780 384 830; x_wconf 83' lang='lat' dir='ltr'>mium,</span> <span class='ocrx_word' id='word_1_55' title='bbox 418 779 460 820; x_wconf 89' lang='lat' dir='ltr'>id</span> <span class='ocrx_word' id='word_1_56' title='bbox 491 782 573 829; x_wconf 90' lang='lat' dir='ltr'>est,</span> <span class='ocrx_word' id='word_1_57' title='bbox 612 780 846 832; x_wconf 79' lang='lat' dir='ltr'>impetuose</span> <span class='ocrx_word' id='word_1_58' title='bbox 888 778 1111 828; x_wconf 87' lang='lat' dir='ltr'>currentis,</span> <span class='ocrx_word' id='word_1_59' title='bbox 1152 778 1261 817; x_wconf 90' lang='lat' dir='ltr'>sicut</span> 
     </span>
     <span class='ocr_line' id='line_1_12' title="bbox 232 835 1259 904; baseline 0.001 -14"><span class='ocrx_word' id='word_1_60' title='bbox 232 853 411 891; x_wconf 87' lang='lat' dir='ltr'>currunt</span> <span class='ocrx_word' id='word_1_61' title='bbox 430 862 551 904; x_wconf 83' lang='lat' dir='ltr'>aquae</span> <span class='ocrx_word' id='word_1_62' title='bbox 570 851 823 892; x_wconf 86' lang='lat' dir='ltr'>torrentium</span> <span class='ocrx_word' id='word_1_63' title='bbox 839 835 928 901; x_wconf 36' lang='lat' dir='ltr'>(tv.</span> <span class='ocrx_word' id='word_1_64' title='bbox 953 850 1015 901; x_wconf 85' lang='lat'>18)</span> <span class='ocrx_word' id='word_1_65' title='bbox 1033 852 1107 891; x_wconf 72' lang='lat' dir='ltr'>auc</span> <span class='ocrx_word' id='word_1_66' title='bbox 1129 859 1259 891; x_wconf 76' lang='lat' dir='ltr'>sonas</span> 
     </span>
     <span class='ocr_line' id='line_1_13' title="bbox 233 920 1256 974; baseline -0.003 -12"><span class='ocrx_word' id='word_1_67' title='bbox 233 920 405 963; x_wconf 78' lang='lat' dir='ltr'>validas</span> <span class='ocrx_word' id='word_1_68' title='bbox 439 922 807 974; x_wconf 73' lang='lat' dir='ltr'>prcecipitanaum</span> <span class='ocrx_word' id='word_1_69' title='bbox 837 925 1076 973; x_wconf 73' lang='lat' dir='ltr'>petrarum,</span> <span class='ocrx_word' id='word_1_70' title='bbox 1109 920 1152 960; x_wconf 79' lang='lat' dir='ltr'>id</span> <span class='ocrx_word' id='word_1_71' title='bbox 1181 922 1256 969; x_wconf 85' lang='lat' dir='ltr'>est,</span> 
     </span>
     <span class='ocr_line' id='line_1_14' title="bbox 233 991 1260 1044; baseline 0 -14"><span class='ocrx_word' id='word_1_72' title='bbox 233 991 467 1044; x_wconf 83' lang='lat' dir='ltr'>impetuose</span> <span class='ocrx_word' id='word_1_73' title='bbox 485 991 537 1032; x_wconf 92' lang='lat' dir='ltr'>de</span> <span class='ocrx_word' id='word_1_74' title='bbox 562 991 655 1032; x_wconf 84' lang='lat' dir='ltr'>altis</span> <span class='ocrx_word' id='word_1_75' title='bbox 683 992 784 1032; x_wconf 89' lang='lat' dir='ltr'>locis</span> <span class='ocrx_word' id='word_1_76' title='bbox 804 991 1069 1040; x_wconf 85' lang='lat' dir='ltr'>cadentium;</span> <span class='ocrx_word' id='word_1_77' title='bbox 1095 994 1171 1032; x_wconf 79' lang='lat' dir='ltr'>aut</span> <span class='ocrx_word' id='word_1_78' title='bbox 1193 992 1260 1030; x_wconf 79' lang='lat' dir='ltr'>lu-</span> 
     </span>
     <span class='ocr_line' id='line_1_15' title="bbox 233 1061 1261 1112; baseline -0.004 -8"><span class='ocrx_word' id='word_1_79' title='bbox 233 1061 425 1104; x_wconf 75' lang='lat' dir='ltr'><em>dentium</em></span> <span class='ocrx_word' id='word_1_80' title='bbox 440 1062 696 1104; x_wconf 73' lang='lat' dir='ltr'>animaliam</span> <span class='ocrx_word' id='word_1_81' title='bbox 716 1072 864 1103; x_wconf 75' lang='lat' dir='ltr'>cursus</span> <span class='ocrx_word' id='word_1_82' title='bbox 894 1062 1080 1112; x_wconf 76' lang='lat' dir='ltr'>invisus,</span> <span class='ocrx_word' id='word_1_83' title='bbox 1104 1061 1261 1101; x_wconf 87' lang='lat' dir='ltr'>scilicet</span> 
     </span>
     <span class='ocr_line' id='line_1_16' title="bbox 235 1132 1263 1186; baseline -0.001 -13"><span class='ocrx_word' id='word_1_84' title='bbox 235 1135 403 1186; x_wconf 88' lang='lat' dir='ltr'>propter</span> <span class='ocrx_word' id='word_1_85' title='bbox 447 1132 724 1173; x_wconf 87' lang='lat' dir='ltr'>tenebrarum</span> <span class='ocrx_word' id='word_1_86' title='bbox 774 1132 1047 1182; x_wconf 79' lang='lat' dir='ltr'>densitatem3</span> <span class='ocrx_word' id='word_1_87' title='bbox 1097 1132 1263 1173; x_wconf 73' lang='lat' dir='ltr'>anima-</span> 
     </span>
     <span class='ocr_line' id='line_1_17' title="bbox 235 1199 1262 1255; baseline -0.001 -10"><span class='ocrx_word' id='word_1_88' title='bbox 235 1204 356 1253; x_wconf 78' lang='lat' dir='ltr'>lium,</span> <span class='ocrx_word' id='word_1_89' title='bbox 381 1199 536 1243; x_wconf 86' lang='lat' dir='ltr'>scilicet</span> <span class='ocrx_word' id='word_1_90' title='bbox 567 1203 758 1250; x_wconf 87' lang='lat' dir='ltr'>mitium,</span> <span class='ocrx_word' id='word_1_91' title='bbox 782 1205 828 1242; x_wconf 91' lang='lat' dir='ltr'>ut</span> <span class='ocrx_word' id='word_1_92' title='bbox 845 1204 1164 1255; x_wconf 86' lang='lat' dir='ltr'>jumentorum;</span> <span class='ocrx_word' id='word_1_93' title='bbox 1187 1205 1262 1244; x_wconf 67' lang='lat' dir='ltr'>aaz</span> 
     </span>
     <span class='ocr_line' id='line_1_18' title="bbox 233 1272 1257 1326; baseline -0.002 -12"><span class='ocrx_word' id='word_1_94' title='bbox 233 1274 512 1326; x_wconf 64' lang='lat' dir='ltr'>magnentium</span> <span class='ocrx_word' id='word_1_95' title='bbox 549 1272 698 1315; x_wconf 78' lang='lat' dir='ltr'>valida</span> <span class='ocrx_word' id='word_1_96' title='bbox 729 1273 955 1314; x_wconf 74' lang='lat' dir='ltr'>bestiarum</span> <span class='ocrx_word' id='word_1_97' title='bbox 985 1282 1093 1322; x_wconf 72' lang='lat' dir='ltr'>var,</span> <span class='ocrx_word' id='word_1_98' title='bbox 1122 1273 1163 1312; x_wconf 87' lang='lat' dir='ltr'>id</span> <span class='ocrx_word' id='word_1_99' title='bbox 1184 1275 1257 1324; x_wconf 85' lang='lat' dir='ltr'>est,</span> 
     </span>
     <span class='ocr_line' id='line_1_19' title="bbox 232 1342 1259 1393; baseline -0.002 -10"><span class='ocrx_word' id='word_1_100' title='bbox 232 1344 431 1393; x_wconf 81' lang='lat' dir='ltr'>ferarum⁷</span> <span class='ocrx_word' id='word_1_101' title='bbox 455 1347 528 1383; x_wconf 88' lang='lat' dir='ltr'>aut</span> <span class='ocrx_word' id='word_1_102' title='bbox 546 1354 761 1392; x_wconf 85' lang='lat' dir='ltr'>ursorum,</span> <span class='ocrx_word' id='word_1_103' title='bbox 784 1345 856 1382; x_wconf 92' lang='lat' dir='ltr'>aut</span> <span class='ocrx_word' id='word_1_104' title='bbox 872 1342 1059 1392; x_wconf 90' lang='lat' dir='ltr'>leonum,</span> <span class='ocrx_word' id='word_1_105' title='bbox 1082 1345 1156 1382; x_wconf 89' lang='lat' dir='ltr'>aut</span> <span class='ocrx_word' id='word_1_106' title='bbox 1175 1342 1259 1381; x_wconf 90' lang='lat' dir='ltr'>hu-</span> 
     </span>
     <span class='ocr_line' id='line_1_20' title="bbox 228 1412 1262 1467; baseline -0.003 -12"><span class='ocrx_word' id='word_1_107' title='bbox 228 1413 437 1467; x_wconf 85' lang='lat' dir='ltr'>jusmodi;</span> <span class='ocrx_word' id='word_1_108' title='bbox 460 1416 535 1456; x_wconf 72' lang='lat' dir='ltr'>aut</span> <span class='ocrx_word' id='word_1_109' title='bbox 559 1422 761 1455; x_wconf 77' lang='lat' dir='ltr'><em>resonans</em></span> <span class='ocrx_word' id='word_1_110' title='bbox 796 1412 846 1453; x_wconf 80' lang='lat' dir='ltr'>cle</span> <span class='ocrx_word' id='word_1_111' title='bbox 883 1412 1110 1454; x_wconf 74' lang='lat' dir='ltr'>altissimis</span> <span class='ocrx_word' id='word_1_112' title='bbox 1141 1422 1262 1454; x_wconf 83' lang='lat' dir='ltr'>mon-</span> 
     </span>
     <span class='ocr_line' id='line_1_21' title="bbox 234 1483 1263 1535; baseline -0.005 -7"><span class='ocrx_word' id='word_1_113' title='bbox 234 1484 347 1528; x_wconf 77' lang='lat' dir='ltr'>tibus</span> <span class='ocrx_word' id='word_1_114' title='bbox 366 1484 472 1535; x_wconf 84' lang='lat' dir='ltr'>echo,</span> <span class='ocrx_word' id='word_1_115' title='bbox 494 1484 536 1525; x_wconf 90' lang='lat' dir='ltr'>id</span> <span class='ocrx_word' id='word_1_116' title='bbox 555 1486 617 1524; x_wconf 89' lang='lat' dir='ltr'>est</span> <span class='ocrx_word' id='word_1_117' title='bbox 635 1483 952 1535; x_wconf 85' lang='lat' dir='ltr'>repraesentatio</span> <span class='ocrx_word' id='word_1_118' title='bbox 970 1483 1085 1524; x_wconf 90' lang='lat' dir='ltr'>vocis</span> <span class='ocrx_word' id='word_1_119' title='bbox 1099 1484 1263 1524; x_wconf 87' lang='lat' dir='ltr'>anima-</span> 
     </span>
     <span class='ocr_line' id='line_1_22' title="bbox 235 1555 1265 1610; baseline -0.002 -13"><span class='ocrx_word' id='word_1_120' title='bbox 235 1557 340 1604; x_wconf 85' lang='lat' dir='ltr'>lium</span> <span class='ocrx_word' id='word_1_121' title='bbox 360 1559 529 1610; x_wconf 88' lang='lat' dir='ltr'>propter</span> <span class='ocrx_word' id='word_1_122' title='bbox 547 1556 930 1596; x_wconf 81' lang='lat' dir='ltr'>reverberationem</span> <span class='ocrx_word' id='word_1_123' title='bbox 941 1556 1170 1605; x_wconf 89' lang='lat' dir='ltr'>montium,</span> <span class='ocrx_word' id='word_1_124' title='bbox 1197 1555 1265 1596; x_wconf 91' lang='lat' dir='ltr'>vel</span> 
     </span>
     <span class='ocr_line' id='line_1_23' title="bbox 238 1626 1263 1681; baseline 0 -13"><span class='ocrx_word' id='word_1_125' title='bbox 238 1631 472 1681; x_wconf 80' lang='lat' dir='ltr'>petrarum,</span> <span class='ocrx_word' id='word_1_126' title='bbox 499 1628 735 1679; x_wconf 76' lang='lat' dir='ltr'>deficientes</span> <span class='ocrx_word' id='word_1_127' title='bbox 753 1627 968 1679; x_wconf 77' lang='lat' dir='ltr'><em>faciebant</em></span> <span class='ocrx_word' id='word_1_128' title='bbox 988 1626 1081 1669; x_wconf 77' lang='lat' dir='ltr'>illos</span> <span class='ocrx_word' id='word_1_129' title='bbox 1098 1637 1188 1679; x_wconf 74' lang='lat' dir='ltr'>prce</span> <span class='ocrx_word' id='word_1_130' title='bbox 1209 1627 1263 1668; x_wconf 80' lang='grc' dir='ltr'>τί·</span> 
     </span>
     <span class='ocr_line' id='line_1_24' title="bbox 238 1696 1262 1750; baseline -0.004 -9"><span class='ocrx_word' id='word_1_131' title='bbox 238 1709 362 1749; x_wconf 77' lang='lat' dir='ltr'>more,</span> <span class='ocrx_word' id='word_1_132' title='bbox 378 1699 532 1739; x_wconf 80' lang='lat' dir='ltr'>scilicet</span> <span class='ocrx_word' id='word_1_133' title='bbox 543 1698 686 1739; x_wconf 86' lang='lat' dir='ltr'>omnia</span> <span class='ocrx_word' id='word_1_134' title='bbox 696 1698 948 1750; x_wconf 83' lang='lat' dir='ltr'>supradicta.</span> <span class='ocrx_word' id='word_1_135' title='bbox 967 1697 1083 1738; x_wconf 86' lang='lat' dir='ltr'>Unde</span> <span class='ocrx_word' id='word_1_136' title='bbox 1097 1696 1262 1738; x_wconf 89' lang='lat' dir='ltr'>Glossa:</span> 
     </span>
     <span class='ocr_line' id='line_1_25' title="bbox 244 1768 1265 1822; baseline 0.001 -14"><span class='ocrx_word' id='word_1_137' title='bbox 244 1769 474 1822; x_wconf 78' lang='lat' dir='ltr'>«Undique</span> <span class='ocrx_word' id='word_1_138' title='bbox 496 1769 637 1809; x_wconf 88' lang='lat' dir='ltr'>miseri</span> <span class='ocrx_word' id='word_1_139' title='bbox 674 1768 973 1808; x_wconf 85' lang='lat' dir='ltr'>cruciabantur</span> <span class='ocrx_word' id='word_1_140' title='bbox 1016 1782 1024 1808; x_wconf 90' lang='lat'>:</span> <span class='ocrx_word' id='word_1_141' title='bbox 1060 1769 1265 1821; x_wconf 84' lang='lat' dir='ltr'>quidquid</span> 
     </span>
     <span class='ocr_line' id='line_1_26' title="bbox 238 1839 1266 1892; baseline 0.001 -12"><span class='ocrx_word' id='word_1_142' title='bbox 238 1841 351 1885; x_wconf 89' lang='lat' dir='ltr'>enim</span> <span class='ocrx_word' id='word_1_143' title='bbox 369 1840 559 1891; x_wconf 80' lang='lat' dir='ltr'>auribus,</span> <span class='ocrx_word' id='word_1_144' title='bbox 582 1840 650 1881; x_wconf 91' lang='lat' dir='ltr'>vel</span> <span class='ocrx_word' id='word_1_145' title='bbox 671 1840 819 1890; x_wconf 86' lang='lat' dir='ltr'>oculis,</span> <span class='ocrx_word' id='word_1_146' title='bbox 844 1840 910 1880; x_wconf 90' lang='lat' dir='ltr'>vel</span> <span class='ocrx_word' id='word_1_147' title='bbox 931 1839 1119 1892; x_wconf 86' lang='lat' dir='ltr'>quolibet</span> <span class='ocrx_word' id='word_1_148' title='bbox 1139 1852 1266 1881; x_wconf 88' lang='lat' dir='ltr'>sensu</span> 
     </span>
     <span class='ocr_line' id='line_1_27' title="bbox 238 1909 1267 1964; baseline -0.001 -13"><span class='ocrx_word' id='word_1_149' title='bbox 238 1910 538 1963; x_wconf 80' lang='lat' dir='ltr'>percipiebant,</span> <span class='ocrx_word' id='word_1_150' title='bbox 570 1913 774 1964; x_wconf 84' lang='lat' dir='ltr'>tanquam</span> <span class='ocrx_word' id='word_1_151' title='bbox 811 1909 1096 1962; x_wconf 89' lang='lat' dir='ltr'>periculosum</span> <span class='ocrx_word' id='word_1_152' title='bbox 1126 1911 1267 1951; x_wconf 87' lang='lat' dir='ltr'>formi-</span> 
     </span>
     <span class='ocr_line' id='line_1_28' title="bbox 239 1982 447 2022; baseline -0.014 0"><span class='ocrx_word' id='word_1_153' title='bbox 239 1982 406 2022; x_wconf 81' lang='lat' dir='ltr'>dabant.</span> <span class='ocrx_word' id='word_1_154' title='bbox 429 1996 447 2019; x_wconf 84' lang='lat'>»</span> 
     </span>
    </p>

    <p class='ocr_par' dir='ltr' id='par_1_4' title="bbox 236 2051 1268 3300">
     <span class='ocr_line' id='line_1_29' title="bbox 291 2051 1268 2104; baseline -0.001 -11"><span class='ocrx_word' id='word_1_155' title='bbox 291 2051 531 2093; x_wconf 76' lang='lat' dir='ltr'>Notandum</span> <span class='ocrx_word' id='word_1_156' title='bbox 553 2055 693 2093; x_wconf 88' lang='lat' dir='ltr'>autem</span> <span class='ocrx_word' id='word_1_157' title='bbox 709 2083 720 2103; x_wconf 85' lang='lat'>,</span> <span class='ocrx_word' id='word_1_158' title='bbox 752 2051 864 2104; x_wconf 80' lang='lat' dir='ltr'>quod</span> <span class='ocrx_word' id='word_1_159' title='bbox 896 2053 1042 2092; x_wconf 87' lang='lat' dir='ltr'>catena</span> <span class='ocrx_word' id='word_1_160' title='bbox 1069 2052 1268 2104; x_wconf 81' lang='lat' dir='ltr'>praedicta</span> 
     </span>
     <span class='ocr_line' id='line_1_30' title="bbox 238 2121 1266 2174; baseline 0 -12"><span class='ocrx_word' id='word_1_161' title='bbox 238 2121 454 2162; x_wconf 84' lang='lat' dir='ltr'>moraliter</span> <span class='ocrx_word' id='word_1_162' title='bbox 488 2121 698 2174; x_wconf 86' lang='lat' dir='ltr'>loquendo</span> <span class='ocrx_word' id='word_1_163' title='bbox 746 2121 958 2172; x_wconf 79' lang='lat' dir='ltr'>significat</span> <span class='ocrx_word' id='word_1_164' title='bbox 996 2125 1266 2174; x_wconf 81' lang='lat' dir='ltr'>peccatorum</span> 
     </span>
     <span class='ocr_line' id='line_1_31' title="bbox 236 2192 1263 2245; baseline -0.001 -12"><span class='ocrx_word' id='word_1_165' title='bbox 236 2204 529 2245; x_wconf 87' lang='lat' dir='ltr'>progressum,</span> <span class='ocrx_word' id='word_1_166' title='bbox 543 2192 911 2242; x_wconf 81' lang='lat' dir='ltr'>etconnexionem,</span> <span class='ocrx_word' id='word_1_167' title='bbox 925 2192 974 2232; x_wconf 88' lang='lat' dir='ltr'>de</span> <span class='ocrx_word' id='word_1_168' title='bbox 985 2204 1068 2244; x_wconf 87' lang='lat' dir='ltr'>qua</span> <span class='ocrx_word' id='word_1_169' title='bbox 1079 2193 1222 2234; x_wconf 77' lang='lat' dir='ltr'>Isaias</span> <span class='ocrx_word' id='word_1_170' title='bbox 1235 2193 1263 2232; x_wconf 79' lang='lat'>³:</span> 
     </span>
     <span class='ocr_line' id='line_1_32' title="bbox 239 2262 1260 2304; baseline 0 -3"><span class='ocrx_word' id='word_1_171' title='bbox 239 2277 259 2301; x_wconf 74' lang='grc' dir='ltr'>α</span> <span class='ocrx_word' id='word_1_172' title='bbox 301 2262 344 2303; x_wconf 90' lang='lat' dir='ltr'>Si</span> <span class='ocrx_word' id='word_1_173' title='bbox 381 2262 602 2302; x_wconf 78' lang='lat' dir='ltr'>abstuleris</span> <span class='ocrx_word' id='word_1_174' title='bbox 640 2262 690 2302; x_wconf 88' lang='lat' dir='ltr'>de</span> <span class='ocrx_word' id='word_1_175' title='bbox 727 2263 865 2303; x_wconf 89' lang='lat' dir='ltr'>medio</span> <span class='ocrx_word' id='word_1_176' title='bbox 904 2263 967 2303; x_wconf 88' lang='lat' dir='ltr'>tui</span> <span class='ocrx_word' id='word_1_177' title='bbox 1006 2265 1212 2304; x_wconf 82' lang='lat' dir='ltr'>catenam.</span> <span class='ocrx_word' id='word_1_178' title='bbox 1242 2277 1260 2301; x_wconf 67' lang='grc' dir='ltr'><strong>υ</strong></span> 
     </span>
     <span class='ocr_line' id='line_1_33' title="bbox 241 2332 1266 2385; baseline 0 -11"><span class='ocrx_word' id='word_1_179' title='bbox 241 2333 431 2385; x_wconf 75' lang='lat' dir='ltr'>Spiritus</span> <span class='ocrx_word' id='word_1_180' title='bbox 446 2332 626 2373; x_wconf 77' lang='lat' dir='ltr'>sibilans</span> <span class='ocrx_word' id='word_1_181' title='bbox 647 2332 859 2383; x_wconf 82' lang='lat' dir='ltr'>significat</span> <span class='ocrx_word' id='word_1_182' title='bbox 879 2332 1031 2373; x_wconf 88' lang='lat' dir='ltr'>diaboli</span> <span class='ocrx_word' id='word_1_183' title='bbox 1056 2334 1266 2375; x_wconf 79' lang='lat' dir='ltr'>occultam</span> 
     </span>
     <span class='ocr_line' id='line_1_34' title="bbox 240 2402 1266 2455; baseline 0.002 -12"><span class='ocrx_word' id='word_1_184' title='bbox 240 2403 559 2455; x_wconf 82' lang='lat' dir='ltr'>suggestionem</span> <span class='ocrx_word' id='word_1_185' title='bbox 580 2405 594 2426; x_wconf 39' lang='grc' dir='ltr'><strong><em>ἢ</em></strong></span> <span class='ocrx_word' id='word_1_186' title='bbox 618 2416 626 2442; x_wconf 95' lang='lat'>:</span> <span class='ocrx_word' id='word_1_187' title='bbox 655 2417 674 2440; x_wconf 73' lang='lat' dir='ltr'>c&lt;</span> <span class='ocrx_word' id='word_1_188' title='bbox 696 2402 789 2443; x_wconf 86' lang='lat' dir='ltr'>Vidi</span> <span class='ocrx_word' id='word_1_189' title='bbox 817 2403 867 2442; x_wconf 88' lang='lat' dir='ltr'>dc</span> <span class='ocrx_word' id='word_1_190' title='bbox 896 2415 967 2443; x_wconf 91' lang='lat' dir='ltr'>ore</span> <span class='ocrx_word' id='word_1_191' title='bbox 987 2404 1193 2454; x_wconf 77' lang='lat' dir='ltr'>draconis,</span> <span class='ocrx_word' id='word_1_192' title='bbox 1215 2405 1266 2445; x_wconf 92' lang='lat' dir='ltr'>de</span> 
     </span>
     <span class='ocr_line' id='line_1_35' title="bbox 242 2473 1266 2525; baseline 0.002 -13"><span class='ocrx_word' id='word_1_193' title='bbox 242 2485 314 2513; x_wconf 89' lang='lat' dir='ltr'>ore</span> <span class='ocrx_word' id='word_1_194' title='bbox 333 2473 493 2523; x_wconf 81' lang='lat' dir='ltr'>bestiae,</span> <span class='ocrx_word' id='word_1_195' title='bbox 509 2476 549 2513; x_wconf 90' lang='lat' dir='ltr'>et</span> <span class='ocrx_word' id='word_1_196' title='bbox 569 2473 619 2512; x_wconf 90' lang='lat' dir='ltr'>de</span> <span class='ocrx_word' id='word_1_197' title='bbox 641 2485 713 2512; x_wconf 90' lang='lat' dir='ltr'>ore</span> <span class='ocrx_word' id='word_1_198' title='bbox 726 2473 1128 2525; x_wconf 59' lang='lat' dir='ltr'>&#39;pseudo-propheta}</span> <span class='ocrx_word' id='word_1_199' title='bbox 1149 2474 1266 2515; x_wconf 75' lang='lat' dir='ltr'>exire</span> 
     </span>
     <span class='ocr_line' id='line_1_36' title="bbox 242 2542 1264 2595; baseline 0.002 -13"><span class='ocrx_word' id='word_1_200' title='bbox 242 2544 327 2583; x_wconf 88' lang='lat' dir='ltr'>tres</span> <span class='ocrx_word' id='word_1_201' title='bbox 363 2542 534 2595; x_wconf 89' lang='lat' dir='ltr'>spiritus</span> <span class='ocrx_word' id='word_1_202' title='bbox 564 2542 808 2582; x_wconf 88' lang='lat' dir='ltr'>immundos</span> <span class='ocrx_word' id='word_1_203' title='bbox 846 2543 889 2582; x_wconf 90' lang='lat' dir='ltr'>in</span> <span class='ocrx_word' id='word_1_204' title='bbox 925 2543 1100 2583; x_wconf 87' lang='lat' dir='ltr'>modum</span> <span class='ocrx_word' id='word_1_205' title='bbox 1140 2556 1264 2584; x_wconf 85' lang='lat' dir='ltr'>rana-</span> 
     </span>
     <span class='ocr_line' id='line_1_37' title="bbox 242 2613 1267 2666; baseline 0.002 -13"><span class='ocrx_word' id='word_1_206' title='bbox 242 2625 354 2653; x_wconf 90' lang='lat' dir='ltr'>rum.</span> <span class='ocrx_word' id='word_1_207' title='bbox 377 2627 396 2650; x_wconf 80' lang='lat' dir='ltr'>n</span> <span class='ocrx_word' id='word_1_208' title='bbox 422 2613 580 2655; x_wconf 78' lang='lat' dir='ltr'>Avium</span> <span class='ocrx_word' id='word_1_209' title='bbox 609 2623 737 2655; x_wconf 78' lang='lat' dir='ltr'>sonus</span> <span class='ocrx_word' id='word_1_210' title='bbox 761 2615 925 2663; x_wconf 74' lang='lat' dir='ltr'>suavis,</span> <span class='ocrx_word' id='word_1_211' title='bbox 959 2614 1267 2666; x_wconf 76' lang='lat' dir='ltr'>cogitationum</span> 
     </span>
     <span class='ocr_line' id='line_1_38' title="bbox 241 2683 1268 2725; baseline 0.001 -1"><span class='ocrx_word' id='word_1_212' title='bbox 241 2683 556 2724; x_wconf 80' lang='lat' dir='ltr'>delectationem</span> <span class='ocrx_word' id='word_1_213' title='bbox 585 2687 629 2724; x_wconf 84' lang='lat'>⁵:</span> <span class='ocrx_word' id='word_1_214' title='bbox 657 2698 676 2722; x_wconf 72' lang='grc' dir='ltr'>(ι</span> <span class='ocrx_word' id='word_1_215' title='bbox 705 2683 797 2725; x_wconf 80' lang='lat' dir='ltr'>Vox</span> <span class='ocrx_word' id='word_1_216' title='bbox 822 2684 1029 2724; x_wconf 89' lang='lat' dir='ltr'>cantantis</span> <span class='ocrx_word' id='word_1_217' title='bbox 1057 2684 1101 2724; x_wconf 91' lang='lat' dir='ltr'>in</span> <span class='ocrx_word' id='word_1_218' title='bbox 1131 2684 1268 2725; x_wconf 89' lang='lat' dir='ltr'>fenes-</span> 
     </span>
     <span class='ocr_line' id='line_1_39' title="bbox 240 2754 1264 2808; baseline 0.002 -14"><span class='ocrx_word' id='word_1_219' title='bbox 240 2756 330 2805; x_wconf 84' lang='lat' dir='ltr'>tra;</span> <span class='ocrx_word' id='word_1_220' title='bbox 351 2768 370 2792; x_wconf 84' lang='grc'>))</span> <span class='ocrx_word' id='word_1_221' title='bbox 407 2755 530 2807; x_wconf 76' lang='lat' dir='ltr'>Aqua</span> <span class='ocrx_word' id='word_1_222' title='bbox 561 2754 801 2804; x_wconf 75' lang='lat' dir='ltr'>decurrens,</span> <span class='ocrx_word' id='word_1_223' title='bbox 836 2766 1088 2796; x_wconf 90' lang='lat' dir='ltr'>consensum</span> <span class='ocrx_word' id='word_1_224' title='bbox 1109 2755 1153 2795; x_wconf 93' lang='lat' dir='ltr'>in</span> <span class='ocrx_word' id='word_1_225' title='bbox 1170 2768 1264 2808; x_wconf 87' lang='lat' dir='ltr'>per-</span> 
     </span>
     <span class='ocr_line' id='line_1_40' title="bbox 239 2824 1266 2878; baseline 0 -13"><span class='ocrx_word' id='word_1_226' title='bbox 239 2824 515 2877; x_wconf 87' lang='lat' dir='ltr'>petrationem</span> <span class='ocrx_word' id='word_1_227' title='bbox 546 2824 724 2878; x_wconf 85' lang='lat' dir='ltr'>peccati,</span> <span class='ocrx_word' id='word_1_228' title='bbox 758 2827 903 2865; x_wconf 86' lang='lat' dir='ltr'>contra</span> <span class='ocrx_word' id='word_1_229' title='bbox 924 2825 1036 2877; x_wconf 88' lang='lat' dir='ltr'>quod</span> <span class='ocrx_word' id='word_1_230' title='bbox 1065 2830 1078 2851; x_wconf 74' lang='lat'>&lt;³</span> <span class='ocrx_word' id='word_1_231' title='bbox 1104 2839 1112 2865; x_wconf 79' lang='lat' dir='ltr'><em>z</em></span> <span class='ocrx_word' id='word_1_232' title='bbox 1137 2840 1156 2864; x_wconf 74' lang='lat' dir='ltr'>c&lt;</span> <span class='ocrx_word' id='word_1_233' title='bbox 1174 2825 1266 2866; x_wconf 90' lang='lat' dir='ltr'>Non</span> 
     </span>
     <span class='ocr_line' id='line_1_41' title="bbox 240 2895 1265 2948; baseline 0.004 -13"><span class='ocrx_word' id='word_1_234' title='bbox 240 2895 311 2936; x_wconf 87' lang='lat' dir='ltr'>des</span> <span class='ocrx_word' id='word_1_235' title='bbox 328 2908 449 2948; x_wconf 86' lang='lat' dir='ltr'>aquae</span> <span class='ocrx_word' id='word_1_236' title='bbox 467 2897 555 2936; x_wconf 81' lang='lat' dir='ltr'>tuae</span> <span class='ocrx_word' id='word_1_237' title='bbox 583 2895 770 2946; x_wconf 79' lang='lat' dir='ltr'>exitum,</span> <span class='ocrx_word' id='word_1_238' title='bbox 793 2907 871 2936; x_wconf 88' lang='lat' dir='ltr'>nec</span> <span class='ocrx_word' id='word_1_239' title='bbox 892 2895 1121 2936; x_wconf 81' lang='lat' dir='ltr'>modicum.</span> <span class='ocrx_word' id='word_1_240' title='bbox 1143 2910 1162 2933; x_wconf 68' lang='lat'>&gt;³</span> <span class='ocrx_word' id='word_1_241' title='bbox 1185 2897 1265 2938; x_wconf 86' lang='lat' dir='ltr'>SO-</span> 
     </span>
     <span class='ocr_line' id='line_1_42' title="bbox 239 2965 1268 3018; baseline 0.002 -13"><span class='ocrx_word' id='word_1_242' title='bbox 239 2976 320 3007; x_wconf 82' lang='lat' dir='ltr'>nus</span> <span class='ocrx_word' id='word_1_243' title='bbox 339 2971 558 3018; x_wconf 75' lang='lat' dir='ltr'>petrarum</span> <span class='ocrx_word' id='word_1_244' title='bbox 585 2965 855 3016; x_wconf 73' lang='lat' dir='ltr'>cadentium,</span> <span class='ocrx_word' id='word_1_245' title='bbox 895 2966 1054 3018; x_wconf 88' lang='lat' dir='ltr'>peccati</span> <span class='ocrx_word' id='word_1_246' title='bbox 1090 2966 1268 3007; x_wconf 78' lang='lat' dir='ltr'>exterio-</span> 
     </span>
     <span class='ocr_line' id='line_1_43' title="bbox 240 3035 1268 3089; baseline 0.002 -13"><span class='ocrx_word' id='word_1_247' title='bbox 240 3047 331 3076; x_wconf 88' lang='lat' dir='ltr'>rem</span> <span class='ocrx_word' id='word_1_248' title='bbox 362 3036 649 3089; x_wconf 82' lang='lat' dir='ltr'>operationem</span> <span class='ocrx_word' id='word_1_249' title='bbox 668 3068 678 3086; x_wconf 90' lang='lat'>,</span> <span class='ocrx_word' id='word_1_250' title='bbox 714 3037 825 3076; x_wconf 87' lang='lat' dir='ltr'>unde</span> <span class='ocrx_word' id='word_1_251' title='bbox 845 3037 858 3058; x_wconf 80' lang='lat'><strong>⁷</strong></span> <span class='ocrx_word' id='word_1_252' title='bbox 882 3050 890 3076; x_wconf 90' lang='lat'>:</span> <span class='ocrx_word' id='word_1_253' title='bbox 918 3052 937 3073; x_wconf 74' lang='grc' dir='ltr'>α</span> <span class='ocrx_word' id='word_1_254' title='bbox 971 3035 1091 3077; x_wconf 90' lang='lat' dir='ltr'>Mons</span> <span class='ocrx_word' id='word_1_255' title='bbox 1117 3037 1268 3077; x_wconf 87' lang='lat' dir='ltr'>cadens</span> 
     </span>
     <span class='ocr_line' id='line_1_44' title="bbox 242 3106 1260 3156; baseline -0.002 -10"><span class='ocrx_word' id='word_1_256' title='bbox 242 3106 401 3156; x_wconf 84' lang='lat' dir='ltr'>defluit,</span> <span class='ocrx_word' id='word_1_257' title='bbox 418 3109 460 3146; x_wconf 91' lang='lat' dir='ltr'>et</span> <span class='ocrx_word' id='word_1_258' title='bbox 491 3118 645 3147; x_wconf 76' lang='lat' dir='ltr'>saxum</span> <span class='ocrx_word' id='word_1_259' title='bbox 679 3107 931 3147; x_wconf 80' lang='lat' dir='ltr'>transfertur</span> <span class='ocrx_word' id='word_1_260' title='bbox 952 3107 1002 3148; x_wconf 92' lang='lat' dir='ltr'>de</span> <span class='ocrx_word' id='word_1_261' title='bbox 1020 3107 1110 3148; x_wconf 88' lang='lat' dir='ltr'>loco</span> <span class='ocrx_word' id='word_1_262' title='bbox 1130 3120 1221 3148; x_wconf 91' lang='lat' dir='ltr'>suo.</span> <span class='ocrx_word' id='word_1_263' title='bbox 1242 3121 1260 3144; x_wconf 72' lang='lat' dir='ltr'>n</span> 
     </span>
     <span class='ocr_line' id='line_1_45' title="bbox 246 3175 1266 3230; baseline 0.001 -13"><span class='ocrx_word' id='word_1_264' title='bbox 246 3175 400 3218; x_wconf 79' lang='lat' dir='ltr'>Cursus</span> <span class='ocrx_word' id='word_1_265' title='bbox 421 3178 675 3219; x_wconf 73' lang='lat' dir='ltr'>animalium</span> <span class='ocrx_word' id='word_1_266' title='bbox 696 3177 948 3228; x_wconf 72' lang='lat' dir='ltr'>ludentium,</span> <span class='ocrx_word' id='word_1_267' title='bbox 970 3189 1146 3230; x_wconf 83' lang='lat' dir='ltr'>pravam</span> <span class='ocrx_word' id='word_1_268' title='bbox 1166 3190 1266 3218; x_wconf 90' lang='lat' dir='ltr'>con-</span> 
     </span>
     <span class='ocr_line' id='line_1_46' title="bbox 245 3247 1266 3300; baseline 0.003 -15"><span class='ocrx_word' id='word_1_269' title='bbox 245 3247 533 3299; x_wconf 80' lang='lat' dir='ltr'>suetudinem,</span> <span class='ocrx_word' id='word_1_270' title='bbox 554 3248 668 3289; x_wconf 87' lang='lat' dir='ltr'>unde</span> <span class='ocrx_word' id='word_1_271' title='bbox 687 3249 700 3270; x_wconf 87' lang='lat'>⁸</span> <span class='ocrx_word' id='word_1_272' title='bbox 723 3262 732 3289; x_wconf 78' lang='lat' dir='ltr'>t</span> <span class='ocrx_word' id='word_1_273' title='bbox 770 3263 789 3286; x_wconf 71' lang='grc' dir='ltr'>α</span> <span class='ocrx_word' id='word_1_274' title='bbox 822 3247 975 3289; x_wconf 90' lang='lat' dir='ltr'>Omnes</span> <span class='ocrx_word' id='word_1_275' title='bbox 1000 3248 1143 3288; x_wconf 81' lang='lat' dir='ltr'>bestiae</span> <span class='ocrx_word' id='word_1_276' title='bbox 1173 3249 1266 3300; x_wconf 86' lang='lat' dir='ltr'>agri</span> 
     </span>
    </p>
   </div>
   <div class='ocr_carea' id='block_1_4' title="bbox 245 3378 1267 3517">
    <p class='ocr_par' dir='ltr' id='par_1_5' title="bbox 245 3378 1267 3517">
     <span class='ocr_line' id='line_1_47' title="bbox 287 3378 1267 3422; baseline 0.005 -14"><span class='ocrx_word' id='word_1_277' title='bbox 287 3378 404 3410; x_wconf 75' lang='lat' dir='ltr'>1Psal.</span> <span class='ocrx_word' id='word_1_278' title='bbox 425 3387 549 3419; x_wconf 82' lang='lat' dir='ltr'>cxvul,</span> <span class='ocrx_word' id='word_1_279' title='bbox 575 3382 625 3413; x_wconf 89' lang='lat'>61.</span> <span class='ocrx_word' id='word_1_280' title='bbox 650 3399 685 3403; x_wconf 96' lang='lat'><strong>—</strong></span> <span class='ocrx_word' id='word_1_281' title='bbox 712 3382 724 3399; x_wconf 80' lang='lat'><strong>2</strong></span> <span class='ocrx_word' id='word_1_282' title='bbox 746 3382 786 3413; x_wconf 83' lang='lat'>111</span> <span class='ocrx_word' id='word_1_283' title='bbox 810 3382 899 3422; x_wconf 54' lang='lat' dir='ltr'>Rea,</span> <span class='ocrx_word' id='word_1_284' title='bbox 919 3389 1000 3422; x_wconf 74' lang='lat' dir='ltr'>xlx,</span> <span class='ocrx_word' id='word_1_285' title='bbox 1024 3384 1072 3414; x_wconf 86' lang='lat'>12.</span> <span class='ocrx_word' id='word_1_286' title='bbox 1093 3399 1132 3404; x_wconf 97' lang='lat'><strong>—</strong></span> <span class='ocrx_word' id='word_1_287' title='bbox 1154 3382 1168 3404; x_wconf 76' lang='lat'><strong>³</strong></span> <span class='ocrx_word' id='word_1_288' title='bbox 1187 3383 1267 3421; x_wconf 66' lang='lat' dir='ltr'>ssa„</span> 
     </span>
     <span class='ocr_line' id='line_1_48' title="bbox 245 3426 1265 3469; baseline 0.004 -13"><span class='ocrx_word' id='word_1_289' title='bbox 245 3432 347 3465; x_wconf 78' lang='lat' dir='ltr'>Lvin,</span> <span class='ocrx_word' id='word_1_290' title='bbox 374 3426 404 3456; x_wconf 84' lang='lat'>9.</span> <span class='ocrx_word' id='word_1_291' title='bbox 428 3443 469 3449; x_wconf 95' lang='lat'><strong>—</strong></span> <span class='ocrx_word' id='word_1_292' title='bbox 496 3427 506 3446; x_wconf 74' lang='lat'><strong>⁴</strong></span> <span class='ocrx_word' id='word_1_293' title='bbox 531 3428 643 3468; x_wconf 82' lang='lat' dir='ltr'>Apoc.‚</span> <span class='ocrx_word' id='word_1_294' title='bbox 672 3435 752 3466; x_wconf 73' lang='grc' dir='ltr'>Χνῑ,</span> <span class='ocrx_word' id='word_1_295' title='bbox 778 3430 824 3460; x_wconf 89' lang='lat'>12.</span> <span class='ocrx_word' id='word_1_296' title='bbox 854 3445 890 3451; x_wconf 91' lang='lat'>—</span> <span class='ocrx_word' id='word_1_297' title='bbox 917 3429 927 3447; x_wconf 76' lang='lat'>⁵</span> <span class='ocrx_word' id='word_1_298' title='bbox 950 3428 1127 3469; x_wconf 78' lang='lat' dir='ltr'>Soph.,-11,</span> <span class='ocrx_word' id='word_1_299' title='bbox 1154 3431 1203 3460; x_wconf 80' lang='lat'>14.</span> <span class='ocrx_word' id='word_1_300' title='bbox 1230 3446 1265 3452; x_wconf 85' lang='lat'>—-</span> 
     </span>
     <span class='ocr_line' id='line_1_49' title="bbox 249 3472 1250 3517; baseline 0.006 -14"><span class='ocrx_word' id='word_1_301' title='bbox 249 3473 262 3495; x_wconf 75' lang='lat'><strong>⁶</strong></span> <span class='ocrx_word' id='word_1_302' title='bbox 279 3472 398 3513; x_wconf 79' lang='lat' dir='ltr'>Eccli.‚</span> <span class='ocrx_word' id='word_1_303' title='bbox 419 3481 498 3516; x_wconf 86' lang='lat' dir='ltr'>xxv,</span> <span class='ocrx_word' id='word_1_304' title='bbox 519 3476 571 3507; x_wconf 86' lang='lat'>34.</span> <span class='ocrx_word' id='word_1_305' title='bbox 591 3492 629 3499; x_wconf 94' lang='lat'><em>-</em></span> <span class='ocrx_word' id='word_1_306' title='bbox 655 3477 665 3495; x_wconf 81' lang='lat'><strong>⁷</strong></span> <span class='ocrx_word' id='word_1_307' title='bbox 684 3475 762 3516; x_wconf 81' lang='lat' dir='ltr'>Job,</span> <span class='ocrx_word' id='word_1_308' title='bbox 785 3483 855 3517; x_wconf 76' lang='lat' dir='ltr'>xiv,</span> <span class='ocrx_word' id='word_1_309' title='bbox 877 3478 926 3508; x_wconf 90' lang='lat'>18.</span> <span class='ocrx_word' id='word_1_310' title='bbox 945 3493 983 3500; x_wconf 89' lang='lat'><strong>—</strong></span> <span class='ocrx_word' id='word_1_311' title='bbox 1003 3476 1016 3498; x_wconf 81' lang='lat'>⁸</span> <span class='ocrx_word' id='word_1_312' title='bbox 1039 3476 1111 3516; x_wconf 84' lang='lat' dir='ltr'>Job,</span> <span class='ocrx_word' id='word_1_313' title='bbox 1131 3485 1193 3516; x_wconf 81' lang='lat' dir='ltr'>xL,</span> <span class='ocrx_word' id='word_1_314' title='bbox 1214 3479 1250 3509; x_wconf 85' lang='grc'>15</span> 
     </span>
    </p>
   </div>
   <div class='ocr_carea' id='block_1_5' title="bbox 2281 199 2357 238">
    <p class='ocr_par' dir='ltr' id='par_1_6' title="bbox 2281 199 2357 238">
     <span class='ocr_line' id='line_1_50' title="bbox 2281 199 2357 238; baseline 0.026 -2"><span class='ocrx_word' id='word_1_315' title='bbox 2281 199 2357 238; x_wconf 87' lang='lat'>123</span> 
     </span>
    </p>
   </div>
   <div class='ocr_carea' id='block_1_6' title="bbox 1331 283 2373 3022">
    <p class='ocr_par' dir='ltr' id='par_1_7' title="bbox 1331 283 2363 760">
     <span class='ocr_line' id='line_1_51' title="bbox 1332 283 2355 326; baseline 0 -2"><span class='ocrx_word' id='word_1_316' title='bbox 1332 285 1486 326; x_wconf 89' lang='lat' dir='ltr'>ludunt</span> <span class='ocrx_word' id='word_1_317' title='bbox 1519 283 1591 324; x_wconf 88' lang='lat' dir='ltr'>ibi.</span> <span class='ocrx_word' id='word_1_318' title='bbox 1628 298 1647 321; x_wconf 67' lang='lat'>&gt;³</span> <span class='ocrx_word' id='word_1_319' title='bbox 1699 283 1857 325; x_wconf 76' lang='lat' dir='ltr'>Valida</span> <span class='ocrx_word' id='word_1_320' title='bbox 1896 292 1980 325; x_wconf 72' lang='lat' dir='ltr'>vox</span> <span class='ocrx_word' id='word_1_321' title='bbox 2008 283 2236 325; x_wconf 78' lang='lat' dir='ltr'>bestiarum</span> <span class='ocrx_word' id='word_1_322' title='bbox 2262 295 2355 325; x_wconf 83' lang='lat' dir='ltr'>mu-</span> 
     </span>
     <span class='ocr_line' id='line_1_52' title="bbox 1331 354 2358 408; baseline -0.003 -11"><span class='ocrx_word' id='word_1_323' title='bbox 1331 357 1551 408; x_wconf 66' lang='lat' dir='ltr'>yz&#39;entt&#39;um,</span> <span class='ocrx_word' id='word_1_324' title='bbox 1573 357 1763 408; x_wconf 88' lang='lat' dir='ltr'>apertam</span> <span class='ocrx_word' id='word_1_325' title='bbox 1784 354 2081 406; x_wconf 82' lang='lat' dir='ltr'>gloriationem</span> <span class='ocrx_word' id='word_1_326' title='bbox 2111 354 2163 394; x_wconf 92' lang='lat' dir='ltr'>de</span> <span class='ocrx_word' id='word_1_327' title='bbox 2191 357 2358 406; x_wconf 89' lang='lat' dir='ltr'>peccato</span> 
     </span>
     <span class='ocr_line' id='line_1_53' title="bbox 1331 424 2361 479; baseline 0 -13"><span class='ocrx_word' id='word_1_328' title='bbox 1331 427 1583 479; x_wconf 85' lang='lat' dir='ltr'>perpetrato,</span> <span class='ocrx_word' id='word_1_329' title='bbox 1606 427 1750 466; x_wconf 86' lang='lat' dir='ltr'>contra</span> <span class='ocrx_word' id='word_1_330' title='bbox 1770 424 1883 477; x_wconf 88' lang='lat' dir='ltr'>quod</span> <span class='ocrx_word' id='word_1_331' title='bbox 1904 425 1949 464; x_wconf 92' lang='lat' dir='ltr'>in</span> <span class='ocrx_word' id='word_1_332' title='bbox 1966 424 2129 467; x_wconf 80' lang='lat' dir='ltr'>Psalmo</span> <span class='ocrx_word' id='word_1_333' title='bbox 2143 426 2156 447; x_wconf 78' lang='lat'>⁹</span> <span class='ocrx_word' id='word_1_334' title='bbox 2181 438 2190 465; x_wconf 77' lang='lat' dir='ltr'>t</span> <span class='ocrx_word' id='word_1_335' title='bbox 2218 424 2361 473; x_wconf 86' lang='lat' dir='ltr'>«Quid</span> 
     </span>
     <span class='ocr_line' id='line_1_54' title="bbox 1334 495 2363 548; baseline -0.002 -12"><span class='ocrx_word' id='word_1_336' title='bbox 1334 497 1532 548; x_wconf 88' lang='lat' dir='ltr'>gloriaris</span> <span class='ocrx_word' id='word_1_337' title='bbox 1552 497 1595 535; x_wconf 91' lang='lat' dir='ltr'>in</span> <span class='ocrx_word' id='word_1_338' title='bbox 1616 496 1799 536; x_wconf 78' lang='lat' dir='ltr'>malitia?</span> <span class='ocrx_word' id='word_1_339' title='bbox 1817 510 1836 533; x_wconf 88' lang='lat'>»</span> <span class='ocrx_word' id='word_1_340' title='bbox 1862 496 2079 537; x_wconf 84' lang='lat' dir='ltr'>Resonans</span> <span class='ocrx_word' id='word_1_341' title='bbox 2095 495 2207 546; x_wconf 80' lang='lat' dir='ltr'>echo,</span> <span class='ocrx_word' id='word_1_342' title='bbox 2229 495 2363 536; x_wconf 87' lang='lat' dir='ltr'>delec-</span> 
     </span>
     <span class='ocr_line' id='line_1_55' title="bbox 1332 565 2362 619; baseline -0.001 -12"><span class='ocrx_word' id='word_1_343' title='bbox 1332 566 1473 607; x_wconf 85' lang='lat' dir='ltr'>tabilis</span> <span class='ocrx_word' id='word_1_344' title='bbox 1492 567 1650 619; x_wconf 82' lang='lat' dir='ltr'>peccati</span> <span class='ocrx_word' id='word_1_345' title='bbox 1671 566 1904 607; x_wconf 86' lang='lat' dir='ltr'>recordatio</span> <span class='ocrx_word' id='word_1_346' title='bbox 1931 566 1999 619; x_wconf 82' lang='lat' dir='ltr'>(a),</span> <span class='ocrx_word' id='word_1_347' title='bbox 2021 566 2133 607; x_wconf 87' lang='lat' dir='ltr'>unde</span> <span class='ocrx_word' id='word_1_348' title='bbox 2154 567 2182 588; x_wconf 86' lang='lat'>¹⁰</span> <span class='ocrx_word' id='word_1_349' title='bbox 2206 579 2215 605; x_wconf 88' lang='lat'><strong>:</strong></span> <span class='ocrx_word' id='word_1_350' title='bbox 2239 580 2259 604; x_wconf 71' lang='grc' dir='ltr'>α</span> <span class='ocrx_word' id='word_1_351' title='bbox 2281 565 2362 606; x_wconf 89' lang='lat' dir='ltr'>Re-</span> 
     </span>
     <span class='ocr_line' id='line_1_56' title="bbox 1334 635 2363 690; baseline -0.001 -14"><span class='ocrx_word' id='word_1_352' title='bbox 1334 637 1558 677; x_wconf 85' lang='lat' dir='ltr'>cordamur</span> <span class='ocrx_word' id='word_1_353' title='bbox 1604 637 1806 690; x_wconf 88' lang='lat' dir='ltr'>piscium,</span> <span class='ocrx_word' id='word_1_354' title='bbox 1835 648 1941 690; x_wconf 89' lang='lat' dir='ltr'>quos</span> <span class='ocrx_word' id='word_1_355' title='bbox 1972 636 2297 677; x_wconf 87' lang='lat' dir='ltr'>comedebamus</span> <span class='ocrx_word' id='word_1_356' title='bbox 2319 635 2363 675; x_wconf 87' lang='lat' dir='ltr'>in</span> 
     </span>
     <span class='ocr_line' id='line_1_57' title="bbox 1334 706 1576 760; baseline -0.017 -12"><span class='ocrx_word' id='word_1_357' title='bbox 1334 706 1535 760; x_wconf 82' lang='lat' dir='ltr'>AEgypto.</span> <span class='ocrx_word' id='word_1_358' title='bbox 1557 721 1576 743; x_wconf 72' lang='lat' dir='ltr'>n</span> 
     </span>
    </p>

    <p class='ocr_par' dir='ltr' id='par_1_8' title="bbox 1333 777 2367 1183">
     <span class='ocr_line' id='line_1_58' title="bbox 1389 777 2361 830; baseline -0.001 -12"><span class='ocrx_word' id='word_1_359' title='bbox 1389 781 1454 818; x_wconf 75' lang='lat'>19.</span> <span class='ocrx_word' id='word_1_360' title='bbox 1498 778 1644 819; x_wconf 76' lang='lat' dir='ltr'>Omnis</span> <span class='ocrx_word' id='word_1_361' title='bbox 1665 778 1788 827; x_wconf 76' lang='lat' dir='ltr'>enim,</span> <span class='ocrx_word' id='word_1_362' title='bbox 1811 780 1888 818; x_wconf 89' lang='lat' dir='ltr'>etc.</span> <span class='ocrx_word' id='word_1_363' title='bbox 1907 777 1984 818; x_wconf 90' lang='lat' dir='ltr'>Hic</span> <span class='ocrx_word' id='word_1_364' title='bbox 2013 777 2206 830; x_wconf 85' lang='lat' dir='ltr'>tangitur</span> <span class='ocrx_word' id='word_1_365' title='bbox 2223 788 2361 830; x_wconf 85' lang='lat' dir='ltr'>poenae</span> 
     </span>
     <span class='ocr_line' id='line_1_59' title="bbox 1334 846 2361 901; baseline 0 -13"><span class='ocrx_word' id='word_1_366' title='bbox 1334 849 1632 901; x_wconf 83' lang='lat' dir='ltr'>singularitas:</span> <span class='ocrx_word' id='word_1_367' title='bbox 1655 851 1695 888; x_wconf 91' lang='lat' dir='ltr'>et</span> <span class='ocrx_word' id='word_1_368' title='bbox 1708 848 1822 901; x_wconf 88' lang='lat' dir='ltr'>quod</span> <span class='ocrx_word' id='word_1_369' title='bbox 1844 846 1868 868; x_wconf 82' lang='lat'>¹¹</span> <span class='ocrx_word' id='word_1_370' title='bbox 1885 848 2204 901; x_wconf 80' lang='lat' dir='ltr'>oppositajuxta</span> <span class='ocrx_word' id='word_1_371' title='bbox 2221 859 2264 888; x_wconf 92' lang='lat' dir='ltr'>se</span> <span class='ocrx_word' id='word_1_372' title='bbox 2285 859 2361 900; x_wconf 91' lang='lat' dir='ltr'>po-</span> 
     </span>
     <span class='ocr_line' id='line_1_60' title="bbox 1333 918 2360 971; baseline -0.003 -11"><span class='ocrx_word' id='word_1_373' title='bbox 1333 920 1412 960; x_wconf 86' lang='lat' dir='ltr'>sita</span> <span class='ocrx_word' id='word_1_374' title='bbox 1441 919 1581 971; x_wconf 86' lang='lat' dir='ltr'>magis</span> <span class='ocrx_word' id='word_1_375' title='bbox 1611 919 1868 968; x_wconf 84' lang='lat' dir='ltr'>elucescunt,</span> <span class='ocrx_word' id='word_1_376' title='bbox 1889 918 2028 970; x_wconf 88' lang='lat' dir='ltr'>primo</span> <span class='ocrx_word' id='word_1_377' title='bbox 2046 918 2241 969; x_wconf 88' lang='lat' dir='ltr'>tangitur</span> <span class='ocrx_word' id='word_1_378' title='bbox 2259 918 2360 958; x_wconf 90' lang='lat' dir='ltr'>illu-</span> 
     </span>
     <span class='ocr_line' id='line_1_61' title="bbox 1336 987 2367 1041; baseline -0.002 -11"><span class='ocrx_word' id='word_1_379' title='bbox 1336 990 1512 1030; x_wconf 90' lang='lat' dir='ltr'>minatio</span> <span class='ocrx_word' id='word_1_380' title='bbox 1532 989 1734 1038; x_wconf 85' lang='lat' dir='ltr'>aliorum;</span> <span class='ocrx_word' id='word_1_381' title='bbox 1763 988 1944 1029; x_wconf 83' lang='lat' dir='ltr'>secundo</span> <span class='ocrx_word' id='word_1_382' title='bbox 1965 987 2265 1041; x_wconf 87' lang='lat' dir='ltr'>AEgyptiorum</span> <span class='ocrx_word' id='word_1_383' title='bbox 2290 988 2367 1028; x_wconf 90' lang='lat' dir='ltr'>ob-</span> 
     </span>
     <span class='ocr_line' id='line_1_62' title="bbox 1334 1059 2361 1109; baseline -0.001 -8"><span class='ocrx_word' id='word_1_384' title='bbox 1334 1060 1568 1101; x_wconf 85' lang='lat' dir='ltr'>tenebratio</span> <span class='ocrx_word' id='word_1_385' title='bbox 1602 1075 1611 1100; x_wconf 87' lang='lat'><strong>:</strong></span> <span class='ocrx_word' id='word_1_386' title='bbox 1650 1060 1759 1102; x_wconf 75' lang='lat' dir='ltr'>Solis</span> <span class='ocrx_word' id='word_1_387' title='bbox 1781 1063 1923 1102; x_wconf 76' lang='lat' dir='ltr'>autem</span> <span class='ocrx_word' id='word_1_388' title='bbox 1959 1059 2071 1109; x_wconf 72' lang='lat' dir='ltr'>illis,</span> <span class='ocrx_word' id='word_1_389' title='bbox 2106 1061 2202 1109; x_wconf 86' lang='lat' dir='ltr'>etc.;</span> <span class='ocrx_word' id='word_1_390' title='bbox 2222 1059 2361 1108; x_wconf 81' lang='lat' dir='ltr'>tertio,</span> 
     </span>
     <span class='ocr_line' id='line_1_63' title="bbox 1335 1130 2283 1183; baseline -0.002 -11"><span class='ocrx_word' id='word_1_391' title='bbox 1335 1132 1692 1173; x_wconf 84' lang='lat' dir='ltr'>obtenebrationis</span> <span class='ocrx_word' id='word_1_392' title='bbox 1712 1131 1910 1171; x_wconf 87' lang='lat' dir='ltr'>meritum</span> <span class='ocrx_word' id='word_1_393' title='bbox 1934 1143 1944 1171; x_wconf 75' lang='grc' dir='ltr'>ε</span> <span class='ocrx_word' id='word_1_394' title='bbox 1967 1130 2058 1183; x_wconf 79' lang='lat' dir='ltr'>Ipsi</span> <span class='ocrx_word' id='word_1_395' title='bbox 2077 1140 2185 1182; x_wconf 71' lang='lat' dir='ltr'>erqo,</span> <span class='ocrx_word' id='word_1_396' title='bbox 2205 1132 2283 1170; x_wconf 87' lang='lat' dir='ltr'>etc.</span> 
     </span>
    </p>

    <p class='ocr_par' dir='ltr' id='par_1_9' title="bbox 1336 1200 2373 2316">
     <span class='ocr_line' id='line_1_64' title="bbox 1389 1200 2367 1255; baseline -0.003 -12"><span class='ocrx_word' id='word_1_397' title='bbox 1389 1202 1500 1243; x_wconf 90' lang='lat' dir='ltr'>Bene</span> <span class='ocrx_word' id='word_1_398' title='bbox 1532 1202 1620 1243; x_wconf 78' lang='lat' dir='ltr'>dixi</span> <span class='ocrx_word' id='word_1_399' title='bbox 1650 1201 1871 1255; x_wconf 84' lang='lat' dir='ltr'>AEgyptios</span> <span class='ocrx_word' id='word_1_400' title='bbox 1901 1201 2157 1254; x_wconf 88' lang='lat' dir='ltr'>compeditos</span> <span class='ocrx_word' id='word_1_401' title='bbox 2187 1200 2367 1241; x_wconf 89' lang='lat' dir='ltr'>vinculis</span> 
     </span>
     <span class='ocr_line' id='line_1_65' title="bbox 1336 1271 2366 1324; baseline 0 -11"><span class='ocrx_word' id='word_1_402' title='bbox 1336 1274 1624 1324; x_wconf 80' lang='lat' dir='ltr'>tenebrarum,</span> <span class='ocrx_word' id='word_1_403' title='bbox 1647 1276 1688 1313; x_wconf 91' lang='lat' dir='ltr'>et</span> <span class='ocrx_word' id='word_1_404' title='bbox 1705 1285 1787 1313; x_wconf 92' lang='lat' dir='ltr'>non</span> <span class='ocrx_word' id='word_1_405' title='bbox 1811 1272 1913 1313; x_wconf 90' lang='lat' dir='ltr'>alios</span> <span class='ocrx_word' id='word_1_406' title='bbox 1935 1287 1943 1312; x_wconf 94' lang='lat'>:</span> <span class='ocrx_word' id='word_1_407' title='bbox 1968 1273 2106 1314; x_wconf 78' lang='lat' dir='ltr'>omnis</span> <span class='ocrx_word' id='word_1_408' title='bbox 2127 1272 2239 1313; x_wconf 77' lang='lat' dir='ltr'>enim</span> <span class='ocrx_word' id='word_1_409' title='bbox 2254 1271 2366 1314; x_wconf 73' lang='lat' dir='ltr'>orbis</span> 
     </span>
     <span class='ocr_line' id='line_1_66' title="bbox 1338 1341 2364 1395; baseline -0.006 -9"><span class='ocrx_word' id='word_1_410' title='bbox 1338 1347 1561 1393; x_wconf 78' lang='lat' dir='ltr'>terrarum,</span> <span class='ocrx_word' id='word_1_411' title='bbox 1585 1343 1738 1383; x_wconf 83' lang='lat' dir='ltr'>scilicet</span> <span class='ocrx_word' id='word_1_412' title='bbox 1757 1345 1930 1395; x_wconf 80' lang='lat' dir='ltr'>excepta</span> <span class='ocrx_word' id='word_1_413' title='bbox 1962 1342 2141 1393; x_wconf 86' lang='lat' dir='ltr'>regione</span> <span class='ocrx_word' id='word_1_414' title='bbox 2160 1341 2364 1394; x_wconf 85' lang='lat' dir='ltr'>AEgypti3</span> 
     </span>
     <span class='ocr_line' id='line_1_67' title="bbox 1337 1411 2364 1465; baseline -0.002 -11"><span class='ocrx_word' id='word_1_415' title='bbox 1337 1413 1532 1465; x_wconf 67' lang='lat' dir='ltr'>limpido,</span> <span class='ocrx_word' id='word_1_416' title='bbox 1553 1413 1595 1453; x_wconf 89' lang='lat' dir='ltr'>id</span> <span class='ocrx_word' id='word_1_417' title='bbox 1614 1416 1675 1453; x_wconf 87' lang='lat' dir='ltr'>est</span> <span class='ocrx_word' id='word_1_418' title='bbox 1700 1413 1834 1462; x_wconf 81' lang='lat' dir='ltr'>claro3</span> <span class='ocrx_word' id='word_1_419' title='bbox 1864 1411 2162 1454; x_wconf 74' lang='lat' dir='ltr'>illustrabatur</span> <span class='ocrx_word' id='word_1_420' title='bbox 2191 1411 2364 1462; x_wconf 78' lang='lat' dir='ltr'>lumine,</span> 
     </span>
     <span class='ocr_line' id='line_1_68' title="bbox 1337 1482 2369 1534; baseline -0.003 -10"><span class='ocrx_word' id='word_1_421' title='bbox 1337 1484 1492 1524; x_wconf 86' lang='lat' dir='ltr'>scilicet</span> <span class='ocrx_word' id='word_1_422' title='bbox 1503 1483 1600 1524; x_wconf 88' lang='lat' dir='ltr'>solis</span> <span class='ocrx_word' id='word_1_423' title='bbox 1611 1486 1652 1523; x_wconf 89' lang='lat' dir='ltr'>et</span> <span class='ocrx_word' id='word_1_424' title='bbox 1665 1483 1898 1524; x_wconf 86' lang='lat' dir='ltr'>coelestium</span> <span class='ocrx_word' id='word_1_425' title='bbox 1908 1482 2204 1533; x_wconf 83' lang='lat' dir='ltr'>luminarium,</span> <span class='ocrx_word' id='word_1_426' title='bbox 2221 1493 2369 1534; x_wconf 88' lang='lat' dir='ltr'>quam-</span> 
     </span>
     <span class='ocr_line' id='line_1_69' title="bbox 1338 1553 2366 1607; baseline -0.002 -12"><span class='ocrx_word' id='word_1_427' title='bbox 1338 1555 1401 1596; x_wconf 87' lang='lat' dir='ltr'>vis</span> <span class='ocrx_word' id='word_1_428' title='bbox 1418 1554 1518 1595; x_wconf 85' lang='lat' dir='ltr'>alibi</span> <span class='ocrx_word' id='word_1_429' title='bbox 1545 1557 1682 1595; x_wconf 89' lang='lat' dir='ltr'>essent</span> <span class='ocrx_word' id='word_1_430' title='bbox 1705 1554 1829 1594; x_wconf 88' lang='lat' dir='ltr'>multi</span> <span class='ocrx_word' id='word_1_431' title='bbox 1854 1556 2091 1607; x_wconf 83' lang='lat' dir='ltr'>peccatores</span> <span class='ocrx_word' id='word_1_432' title='bbox 2111 1554 2155 1594; x_wconf 88' lang='lat' dir='ltr'>in</span> <span class='ocrx_word' id='word_1_433' title='bbox 2189 1553 2366 1594; x_wconf 86' lang='lat' dir='ltr'>mundo.</span> 
     </span>
     <span class='ocr_line' id='line_1_70' title="bbox 1341 1624 2371 1678; baseline -0.001 -13"><span class='ocrx_word' id='word_1_434' title='bbox 1341 1627 1370 1651; x_wconf 80' lang='lat'>¹²</span> <span class='ocrx_word' id='word_1_435' title='bbox 1387 1640 1405 1664; x_wconf 71' lang='lat' dir='ltr'>a</span> <span class='ocrx_word' id='word_1_436' title='bbox 1430 1624 1570 1666; x_wconf 90' lang='lat' dir='ltr'>Solem</span> <span class='ocrx_word' id='word_1_437' title='bbox 1592 1637 1720 1666; x_wconf 89' lang='lat' dir='ltr'>suum</span> <span class='ocrx_word' id='word_1_438' title='bbox 1740 1625 1835 1666; x_wconf 85' lang='lat' dir='ltr'>facit</span> <span class='ocrx_word' id='word_1_439' title='bbox 1868 1625 1970 1666; x_wconf 87' lang='lat' dir='ltr'>oriri</span> <span class='ocrx_word' id='word_1_440' title='bbox 1992 1637 2120 1678; x_wconf 90' lang='lat' dir='ltr'>super</span> <span class='ocrx_word' id='word_1_441' title='bbox 2139 1625 2274 1665; x_wconf 89' lang='lat' dir='ltr'>bonos</span> <span class='ocrx_word' id='word_1_442' title='bbox 2288 1657 2297 1675; x_wconf 89' lang='lat'>‚</span> <span class='ocrx_word' id='word_1_443' title='bbox 2330 1626 2371 1665; x_wconf 91' lang='lat' dir='ltr'>et</span> 
     </span>
     <span class='ocr_line' id='line_1_71' title="bbox 1340 1695 2370 1749; baseline -0.001 -12"><span class='ocrx_word' id='word_1_444' title='bbox 1340 1698 1486 1738; x_wconf 88' lang='lat' dir='ltr'>malos.</span> <span class='ocrx_word' id='word_1_445' title='bbox 1509 1712 1527 1735; x_wconf 88' lang='lat'>»</span> <span class='ocrx_word' id='word_1_446' title='bbox 1561 1697 1615 1739; x_wconf 77' lang='lat' dir='ltr'>Ec</span> <span class='ocrx_word' id='word_1_447' title='bbox 1633 1707 1719 1739; x_wconf 88' lang='lat' dir='ltr'>non</span> <span class='ocrx_word' id='word_1_448' title='bbox 1740 1696 1963 1749; x_wconf 75' lang='lat' dir='ltr'>impeditis</span> <span class='ocrx_word' id='word_1_449' title='bbox 1996 1695 2304 1746; x_wconf 76' lang='lat' dir='ltr'>continebatur,</span> <span class='ocrx_word' id='word_1_450' title='bbox 2327 1695 2370 1736; x_wconf 87' lang='lat' dir='ltr'>id</span> 
     </span>
     <span class='ocr_line' id='line_1_72' title="bbox 1340 1767 2370 1820; baseline -0.002 -11"><span class='ocrx_word' id='word_1_451' title='bbox 1340 1771 1421 1817; x_wconf 90' lang='lat' dir='ltr'>est,</span> <span class='ocrx_word' id='word_1_452' title='bbox 1441 1768 1785 1818; x_wconf 84' lang='lat' dir='ltr'>conservabatur,</span> <span class='ocrx_word' id='word_1_453' title='bbox 1814 1778 1899 1809; x_wconf 89' lang='lat' dir='ltr'>non</span> <span class='ocrx_word' id='word_1_454' title='bbox 1927 1767 2144 1820; x_wconf 70' lang='lat' dir='ltr'>impeditis</span> <span class='ocrx_word' id='word_1_455' title='bbox 2174 1767 2370 1819; x_wconf 76' lang='lat' dir='ltr'>operibus</span> 
     </span>
     <span class='ocr_line' id='line_1_73' title="bbox 1340 1836 2367 1890; baseline -0.001 -12"><span class='ocrx_word' id='word_1_456' title='bbox 1340 1838 1619 1879; x_wconf 88' lang='lat' dir='ltr'>luminarium</span> <span class='ocrx_word' id='word_1_457' title='bbox 1640 1850 1713 1890; x_wconf 89' lang='lat' dir='ltr'>per</span> <span class='ocrx_word' id='word_1_458' title='bbox 1733 1838 1982 1878; x_wconf 83' lang='lat' dir='ltr'>densitatem</span> <span class='ocrx_word' id='word_1_459' title='bbox 1997 1838 2286 1886; x_wconf 85' lang='lat' dir='ltr'>tenebrarum,</span> <span class='ocrx_word' id='word_1_460' title='bbox 2300 1836 2367 1879; x_wconf 84' lang='lat' dir='ltr'>ve]</span> 
     </span>
     <span class='ocr_line' id='line_1_74' title="bbox 1341 1908 2369 1963; baseline -0.001 -14"><span class='ocrx_word' id='word_1_461' title='bbox 1341 1910 1421 1950; x_wconf 79' lang='lat' dir='ltr'>alio</span> <span class='ocrx_word' id='word_1_462' title='bbox 1451 1910 1594 1959; x_wconf 85' lang='lat' dir='ltr'>modo;</span> <span class='ocrx_word' id='word_1_463' title='bbox 1630 1919 1716 1951; x_wconf 84' lang='lat' dir='ltr'>non</span> <span class='ocrx_word' id='word_1_464' title='bbox 1748 1909 1970 1962; x_wconf 76' lang='lat' dir='ltr'>impeditis</span> <span class='ocrx_word' id='word_1_465' title='bbox 2006 1909 2201 1963; x_wconf 77' lang='lat' dir='ltr'>operibus</span> <span class='ocrx_word' id='word_1_466' title='bbox 2229 1908 2369 1949; x_wconf 89' lang='lat' dir='ltr'>homi-</span> 
     </span>
     <span class='ocr_line' id='line_1_75' title="bbox 1341 1979 2371 2033; baseline -0.001 -12"><span class='ocrx_word' id='word_1_467' title='bbox 1341 1992 1446 2021; x_wconf 91' lang='lat' dir='ltr'>num</span> <span class='ocrx_word' id='word_1_468' title='bbox 1466 1980 1646 2020; x_wconf 84' lang='lat' dir='ltr'>aliorum</span> <span class='ocrx_word' id='word_1_469' title='bbox 1664 1980 1717 2019; x_wconf 86' lang='lat' dir='ltr'>ab</span> <span class='ocrx_word' id='word_1_470' title='bbox 1735 1979 1963 2033; x_wconf 85' lang='lat' dir='ltr'>AEgyptiis,</span> <span class='ocrx_word' id='word_1_471' title='bbox 1979 1982 2149 2033; x_wconf 87' lang='lat' dir='ltr'>propter</span> <span class='ocrx_word' id='word_1_472' title='bbox 2163 1979 2371 2020; x_wconf 83' lang='lat' dir='ltr'>defectum</span> 
     </span>
     <span class='ocr_line' id='line_1_76' title="bbox 1340 2049 2373 2102; baseline 0.001 -12"><span class='ocrx_word' id='word_1_473' title='bbox 1340 2050 1462 2100; x_wconf 79' lang='lat' dir='ltr'>lucis,</span> <span class='ocrx_word' id='word_1_474' title='bbox 1486 2062 1585 2090; x_wconf 90' lang='lat' dir='ltr'>cum</span> <span class='ocrx_word' id='word_1_475' title='bbox 1615 2049 1714 2090; x_wconf 90' lang='lat' dir='ltr'>alibi</span> <span class='ocrx_word' id='word_1_476' title='bbox 1735 2054 1840 2090; x_wconf 91' lang='lat' dir='ltr'>esset</span> <span class='ocrx_word' id='word_1_477' title='bbox 1873 2050 2038 2090; x_wconf 87' lang='lat' dir='ltr'>claritas</span> <span class='ocrx_word' id='word_1_478' title='bbox 2057 2049 2176 2101; x_wconf 86' lang='lat' dir='ltr'>lucis,</span> <span class='ocrx_word' id='word_1_479' title='bbox 2202 2062 2300 2102; x_wconf 83' lang='lat' dir='ltr'>quae</span> <span class='ocrx_word' id='word_1_480' title='bbox 2320 2050 2373 2091; x_wconf 83' lang='lat' dir='ltr'>ad</span> 
     </span>
     <span class='ocr_line' id='line_1_77' title="bbox 1341 2120 2370 2174; baseline 0 -13"><span class='ocrx_word' id='word_1_481' title='bbox 1341 2121 1605 2174; x_wconf 86' lang='lat' dir='ltr'>operandum</span> <span class='ocrx_word' id='word_1_482' title='bbox 1644 2121 1876 2174; x_wconf 83' lang='lat' dir='ltr'>requiritur</span> <span class='ocrx_word' id='word_1_483' title='bbox 1885 2136 1894 2171; x_wconf 92' lang='lat'>;</span> <span class='ocrx_word' id='word_1_484' title='bbox 1930 2121 2043 2162; x_wconf 90' lang='lat' dir='ltr'>unde</span> <span class='ocrx_word' id='word_1_485' title='bbox 2069 2122 2100 2146; x_wconf 82' lang='lat'>¹³</span> <span class='ocrx_word' id='word_1_486' title='bbox 2136 2133 2146 2162; x_wconf 88' lang='lat'>:</span> <span class='ocrx_word' id='word_1_487' title='bbox 2165 2136 2184 2160; x_wconf 76' lang='grc' dir='ltr'>α</span> <span class='ocrx_word' id='word_1_488' title='bbox 2216 2120 2370 2174; x_wconf 86' lang='lat' dir='ltr'>Opera-</span> 
     </span>
     <span class='ocr_line' id='line_1_78' title="bbox 1341 2191 2371 2245; baseline 0 -13"><span class='ocrx_word' id='word_1_489' title='bbox 1341 2193 1461 2243; x_wconf 83' lang='lat' dir='ltr'>mini‚</span> <span class='ocrx_word' id='word_1_490' title='bbox 1483 2193 1587 2233; x_wconf 85' lang='lat' dir='ltr'>dum</span> <span class='ocrx_word' id='word_1_491' title='bbox 1604 2192 1691 2233; x_wconf 89' lang='lat' dir='ltr'>dies</span> <span class='ocrx_word' id='word_1_492' title='bbox 1711 2195 1774 2233; x_wconf 87' lang='lat' dir='ltr'>est</span> <span class='ocrx_word' id='word_1_493' title='bbox 1790 2207 1799 2242; x_wconf 85' lang='lat'><em>3</em></span> <span class='ocrx_word' id='word_1_494' title='bbox 1823 2192 1940 2233; x_wconf 90' lang='lat' dir='ltr'>venit</span> <span class='ocrx_word' id='word_1_495' title='bbox 1953 2192 2067 2233; x_wconf 89' lang='lat' dir='ltr'>enim</span> <span class='ocrx_word' id='word_1_496' title='bbox 2082 2204 2183 2243; x_wconf 81' lang='lat' dir='ltr'>nox,</span> <span class='ocrx_word' id='word_1_497' title='bbox 2199 2191 2371 2245; x_wconf 87' lang='lat' dir='ltr'>quando</span> 
     </span>
     <span class='ocr_line' id='line_1_79' title="bbox 1340 2263 1870 2316; baseline -0.004 -13"><span class='ocrx_word' id='word_1_498' title='bbox 1340 2275 1466 2304; x_wconf 92' lang='lat' dir='ltr'>nemo</span> <span class='ocrx_word' id='word_1_499' title='bbox 1492 2265 1627 2316; x_wconf 87' lang='lat' dir='ltr'>potest</span> <span class='ocrx_word' id='word_1_500' title='bbox 1650 2263 1829 2316; x_wconf 83' lang='lat' dir='ltr'>operari.</span> <span class='ocrx_word' id='word_1_501' title='bbox 1851 2277 1870 2300; x_wconf 83' lang='lat'>›&gt;</span> 
     </span>
    </p>

    <p class='ocr_par' dir='ltr' id='par_1_10' title="bbox 1340 2333 2373 3022">
     <span class='ocr_line' id='line_1_80' title="bbox 1395 2333 2371 2387; baseline -0.001 -13"><span class='ocrx_word' id='word_1_502' title='bbox 1395 2337 1460 2374; x_wconf 69' lang='grc' dir='ltr'>ΞΟ.</span> <span class='ocrx_word' id='word_1_503' title='bbox 1505 2334 1610 2375; x_wconf 69' lang='lat' dir='ltr'>Solis</span> <span class='ocrx_word' id='word_1_504' title='bbox 1644 2334 1918 2384; x_wconf 76' lang='lat' dir='ltr'>autemillis,</span> <span class='ocrx_word' id='word_1_505' title='bbox 1959 2333 2113 2374; x_wconf 89' lang='lat' dir='ltr'>scilicet</span> <span class='ocrx_word' id='word_1_506' title='bbox 2143 2333 2371 2387; x_wconf 82' lang='lat' dir='ltr'>AEgyptiis,</span> 
     </span>
     <span class='ocr_line' id='line_1_81' title="bbox 1340 2403 2370 2456; baseline 0.001 -11"><span class='ocrx_word' id='word_1_507' title='bbox 1340 2405 1610 2456; x_wconf 69' lang='lat' dir='ltr'>superposita</span> <span class='ocrx_word' id='word_1_508' title='bbox 1629 2408 1731 2453; x_wconf 76' lang='lat' dir='ltr'>erat,</span> <span class='ocrx_word' id='word_1_509' title='bbox 1754 2404 1908 2444; x_wconf 83' lang='lat' dir='ltr'>scilicet</span> <span class='ocrx_word' id='word_1_510' title='bbox 1927 2416 1951 2444; x_wconf 88' lang='lat' dir='ltr'>a</span> <span class='ocrx_word' id='word_1_511' title='bbox 1976 2403 2075 2454; x_wconf 83' lang='lat' dir='ltr'>Dec,</span> <span class='ocrx_word' id='word_1_512' title='bbox 2096 2405 2243 2456; x_wconf 72' lang='lat' dir='ltr'>qravz‘s</span> <span class='ocrx_word' id='word_1_513' title='bbox 2268 2414 2370 2454; x_wconf 60' lang='grc' dir='ltr'>ηοω,</span> 
     </span>
     <span class='ocr_line' id='line_1_82' title="bbox 1342 2473 2369 2525; baseline 0.002 -13"><span class='ocrx_word' id='word_1_514' title='bbox 1342 2473 1445 2525; x_wconf 86' lang='lat' dir='ltr'>quia</span> <span class='ocrx_word' id='word_1_515' title='bbox 1464 2473 1683 2513; x_wconf 89' lang='lat' dir='ltr'>obscurior</span> <span class='ocrx_word' id='word_1_516' title='bbox 1702 2473 1847 2521; x_wconf 87' lang='lat' dir='ltr'>solito,</span> <span class='ocrx_word' id='word_1_517' title='bbox 1879 2475 1921 2513; x_wconf 87' lang='lat' dir='ltr'>et</span> <span class='ocrx_word' id='word_1_518' title='bbox 1948 2473 2140 2525; x_wconf 82' lang='lat' dir='ltr'>longior,</span> <span class='ocrx_word' id='word_1_519' title='bbox 2174 2474 2286 2513; x_wconf 89' lang='lat' dir='ltr'>unde</span> <span class='ocrx_word' id='word_1_520' title='bbox 2313 2473 2369 2514; x_wconf 73' lang='lat'>¹¹⁶:</span> 
     </span>
     <span class='ocr_line' id='line_1_83' title="bbox 1347 2542 2369 2596; baseline 0.005 -15"><span class='ocrx_word' id='word_1_521' title='bbox 1347 2558 1366 2581; x_wconf 71' lang='grc' dir='ltr'>α</span> <span class='ocrx_word' id='word_1_522' title='bbox 1386 2542 1469 2584; x_wconf 92' lang='lat' dir='ltr'>Nos</span> <span class='ocrx_word' id='word_1_523' title='bbox 1498 2544 1656 2596; x_wconf 84' lang='lat' dir='ltr'>quippe</span> <span class='ocrx_word' id='word_1_524' title='bbox 1687 2543 1948 2584; x_wconf 86' lang='lat' dir='ltr'>involvimur</span> <span class='ocrx_word' id='word_1_525' title='bbox 1981 2543 2219 2584; x_wconf 78' lang='lat' dir='ltr'>tenebris.»</span> <span class='ocrx_word' id='word_1_526' title='bbox 2257 2543 2369 2594; x_wconf 62' lang='lat' dir='ltr'>Nom,</span> 
     </span>
     <span class='ocr_line' id='line_1_84' title="bbox 1342 2614 2369 2667; baseline 0.001 -14"><span class='ocrx_word' id='word_1_527' title='bbox 1342 2614 1446 2664; x_wconf 87' lang='lat' dir='ltr'>dico,</span> <span class='ocrx_word' id='word_1_528' title='bbox 1471 2615 1678 2664; x_wconf 51' lang='lat' dir='ltr'>existens3</span> <span class='ocrx_word' id='word_1_529' title='bbox 1716 2615 1877 2666; x_wconf 73' lang='lat' dir='ltr'>z&#39;nzaqo,</span> <span class='ocrx_word' id='word_1_530' title='bbox 1911 2614 1954 2654; x_wconf 90' lang='lat' dir='ltr'>id</span> <span class='ocrx_word' id='word_1_531' title='bbox 1985 2616 2060 2664; x_wconf 88' lang='lat' dir='ltr'>est,</span> <span class='ocrx_word' id='word_1_532' title='bbox 2087 2626 2286 2667; x_wconf 77' lang='lat' dir='ltr'>expressa</span> <span class='ocrx_word' id='word_1_533' title='bbox 2302 2626 2369 2654; x_wconf 89' lang='lat' dir='ltr'>re-</span> 
     </span>
     <span class='ocr_line' id='line_1_85' title="bbox 1340 2684 2373 2737; baseline 0.001 -13"><span class='ocrx_word' id='word_1_534' title='bbox 1340 2685 1628 2737; x_wconf 75' lang='lat' dir='ltr'>p1·aesentatio;</span> <span class='ocrx_word' id='word_1_535' title='bbox 1665 2685 1946 2734; x_wconf 76' lang='lat' dir='ltr'>tenebrarum,</span> <span class='ocrx_word' id='word_1_536' title='bbox 1984 2684 2162 2735; x_wconf 88' lang='lat' dir='ltr'>scilicet,</span> <span class='ocrx_word' id='word_1_537' title='bbox 2199 2687 2373 2726; x_wconf 78' lang='lat' dir='ltr'>aeterna-</span> 
     </span>
     <span class='ocr_line' id='line_1_86' title="bbox 1341 2756 2373 2809; baseline 0 -12"><span class='ocrx_word' id='word_1_538' title='bbox 1341 2768 1438 2797; x_wconf 89' lang='lat' dir='ltr'>rum</span> <span class='ocrx_word' id='word_1_539' title='bbox 1452 2771 1461 2807; x_wconf 87' lang='lat'>;</span> <span class='ocrx_word' id='word_1_540' title='bbox 1476 2768 1585 2809; x_wconf 83' lang='lat' dir='ltr'>quoe,</span> <span class='ocrx_word' id='word_1_541' title='bbox 1607 2757 1761 2797; x_wconf 88' lang='lat' dir='ltr'>scilicet</span> <span class='ocrx_word' id='word_1_542' title='bbox 1781 2756 1924 2808; x_wconf 89' lang='lat' dir='ltr'>imago</span> <span class='ocrx_word' id='word_1_543' title='bbox 1940 2756 2229 2807; x_wconf 86' lang='lat' dir='ltr'>tenebrarum,</span> <span class='ocrx_word' id='word_1_544' title='bbox 2253 2757 2292 2797; x_wconf 92' lang='lat' dir='ltr'>id</span> <span class='ocrx_word' id='word_1_545' title='bbox 2311 2759 2373 2797; x_wconf 86' lang='lat' dir='ltr'>est</span> 
     </span>
     <span class='ocr_line' id='line_1_87' title="bbox 1340 2826 2367 2880; baseline 0.002 -13"><span class='ocrx_word' id='word_1_546' title='bbox 1340 2828 1525 2868; x_wconf 76' lang='lat' dir='ltr'>tenebrae</span> <span class='ocrx_word' id='word_1_547' title='bbox 1546 2828 1807 2880; x_wconf 77' lang='lat' dir='ltr'>imaginatae,</span> <span class='ocrx_word' id='word_1_548' title='bbox 1829 2830 2135 2880; x_wconf 77' lang='lat' dir='ltr'>superventu-ra</span> <span class='ocrx_word' id='word_1_549' title='bbox 2155 2826 2246 2869; x_wconf 77' lang='lat' dir='ltr'>illis</span> <span class='ocrx_word' id='word_1_550' title='bbox 2264 2831 2367 2877; x_wconf 78' lang='lat' dir='ltr'>erac,</span> 
     </span>
     <span class='ocr_line' id='line_1_88' title="bbox 1341 2897 2373 2948; baseline 0 -10"><span class='ocrx_word' id='word_1_551' title='bbox 1341 2898 1495 2939; x_wconf 88' lang='lat' dir='ltr'>scilicet</span> <span class='ocrx_word' id='word_1_552' title='bbox 1518 2898 1561 2938; x_wconf 92' lang='lat' dir='ltr'>in</span> <span class='ocrx_word' id='word_1_553' title='bbox 1581 2898 1771 2948; x_wconf 85' lang='lat' dir='ltr'>inferno,</span> <span class='ocrx_word' id='word_1_554' title='bbox 1806 2897 1920 2938; x_wconf 90' lang='lat' dir='ltr'>unde</span> <span class='ocrx_word' id='word_1_555' title='bbox 1947 2898 2005 2939; x_wconf 81' lang='lat'>¹⁵:</span> <span class='ocrx_word' id='word_1_556' title='bbox 2035 2913 2053 2937; x_wconf 89' lang='lat'>«</span> <span class='ocrx_word' id='word_1_557' title='bbox 2073 2897 2270 2938; x_wconf 90' lang='lat' dir='ltr'>Inutilem</span> <span class='ocrx_word' id='word_1_558' title='bbox 2291 2910 2373 2938; x_wconf 87' lang='lat' dir='ltr'>ser-</span> 
     </span>
     <span class='ocr_line' id='line_1_89' title="bbox 1340 2968 2368 3022; baseline -0.001 -12"><span class='ocrx_word' id='word_1_559' title='bbox 1340 2981 1445 3010; x_wconf 91' lang='lat' dir='ltr'>vum</span> <span class='ocrx_word' id='word_1_560' title='bbox 1464 2969 1600 3022; x_wconf 82' lang='lat' dir='ltr'>ejicite</span> <span class='ocrx_word' id='word_1_561' title='bbox 1618 2969 1661 3008; x_wconf 90' lang='lat' dir='ltr'>in</span> <span class='ocrx_word' id='word_1_562' title='bbox 1680 2968 1875 3009; x_wconf 85' lang='lat' dir='ltr'>tenebras</span> <span class='ocrx_word' id='word_1_563' title='bbox 1895 2968 2138 3009; x_wconf 75' lang='lat' dir='ltr'>exteriores.</span> <span class='ocrx_word' id='word_1_564' title='bbox 2155 2983 2174 3007; x_wconf 80' lang='lat'>›)</span> <span class='ocrx_word' id='word_1_565' title='bbox 2194 2969 2300 3009; x_wconf 90' lang='lat' dir='ltr'>Item</span> <span class='ocrx_word' id='word_1_566' title='bbox 2313 2971 2340 2994; x_wconf 71' lang='lat'>¹⁶</span> <span class='ocrx_word' id='word_1_567' title='bbox 2359 2983 2368 3009; x_wconf 72' lang='grc' dir='ltr'>ε</span> 
     </span>
    </p>
   </div>
   <div class='ocr_carea' id='block_1_7' title="bbox 1313 3036 2373 3090">
    <p class='ocr_par' dir='ltr' id='par_1_11' title="bbox 1313 3036 2373 3090">
     <span class='ocr_line' id='line_1_90' title="bbox 1313 3036 2373 3090; baseline 0.002 -12"><span class='ocrx_word' id='word_1_568' title='bbox 1313 3036 1317 3037; x_wconf 63' lang='grc'>’</span> <span class='ocrx_word' id='word_1_569' title='bbox 1342 3054 1362 3078; x_wconf 81' lang='grc'>((</span> <span class='ocrx_word' id='word_1_570' title='bbox 1385 3039 1560 3080; x_wconf 87' lang='lat' dir='ltr'>Terram</span> <span class='ocrx_word' id='word_1_571' title='bbox 1580 3039 1783 3090; x_wconf 83' lang='lat' dir='ltr'>miseriae,</span> <span class='ocrx_word' id='word_1_572' title='bbox 1806 3041 1846 3079; x_wconf 92' lang='lat' dir='ltr'>et</span> <span class='ocrx_word' id='word_1_573' title='bbox 1862 3039 2152 3089; x_wconf 87' lang='lat' dir='ltr'>tenebrarum,</span> <span class='ocrx_word' id='word_1_574' title='bbox 2176 3053 2194 3076; x_wconf 72' lang='lat' dir='ltr'>n</span> <span class='ocrx_word' id='word_1_575' title='bbox 2220 3041 2296 3080; x_wconf 90' lang='lat' dir='ltr'>etc.</span> <span class='ocrx_word' id='word_1_576' title='bbox 2320 3038 2373 3079; x_wconf 88' lang='lat' dir='ltr'>Et</span> 
     </span>
    </p>
   </div>
   <div class='ocr_carea' id='block_1_8' title="bbox 1340 3110 2370 3305">
    <p class='ocr_par' dir='ltr' id='par_1_12' title="bbox 1340 3110 2370 3305">
     <span class='ocr_line' id='line_1_91' title="bbox 1340 3110 2370 3164; baseline -0.001 -13"><span class='ocrx_word' id='word_1_577' title='bbox 1340 3111 1442 3164; x_wconf 86' lang='lat' dir='ltr'>quia</span> <span class='ocrx_word' id='word_1_578' title='bbox 1460 3113 1547 3151; x_wconf 89' lang='lat' dir='ltr'>tam</span> <span class='ocrx_word' id='word_1_579' title='bbox 1565 3121 1718 3162; x_wconf 88' lang='lat' dir='ltr'>graves</span> <span class='ocrx_word' id='word_1_580' title='bbox 1744 3110 1954 3160; x_wconf 89' lang='lat' dir='ltr'>tenebras,</span> <span class='ocrx_word' id='word_1_581' title='bbox 1991 3113 2088 3162; x_wconf 87' lang='lat' dir='ltr'>etc.,</span> <span class='ocrx_word' id='word_1_582' title='bbox 2109 3122 2198 3151; x_wconf 91' lang='lat' dir='ltr'>non</span> <span class='ocrx_word' id='word_1_583' title='bbox 2216 3110 2370 3150; x_wconf 69' lang='lat' dir='ltr'>immen</span> 
     </span>
     <span class='ocr_line' id='line_1_92' title="bbox 1340 3180 2367 3234; baseline -0.001 -13"><span class='ocrx_word' id='word_1_584' title='bbox 1340 3182 1420 3222; x_wconf 86' lang='lat' dir='ltr'>rito</span> <span class='ocrx_word' id='word_1_585' title='bbox 1443 3196 1452 3222; x_wconf 89' lang='lat'>:</span> <span class='ocrx_word' id='word_1_586' title='bbox 1475 3183 1567 3234; x_wconf 77' lang='lat' dir='ltr'>Ipsi</span> <span class='ocrx_word' id='word_1_587' title='bbox 1585 3191 1680 3234; x_wconf 75' lang='lat' dir='ltr'>erqo</span> <span class='ocrx_word' id='word_1_588' title='bbox 1695 3181 1780 3222; x_wconf 73' lang='lat' dir='ltr'>sibi</span> <span class='ocrx_word' id='word_1_589' title='bbox 1800 3184 1922 3223; x_wconf 77' lang='lat' dir='ltr'>erant</span> <span class='ocrx_word' id='word_1_590' title='bbox 1937 3182 2154 3234; x_wconf 69' lang='lat' dir='ltr'>gyraviores</span> <span class='ocrx_word' id='word_1_591' title='bbox 2175 3180 2367 3230; x_wconf 75' lang='lat' dir='ltr'>tenebrae,</span> 
     </span>
     <span class='ocr_line' id='line_1_93' title="bbox 1341 3252 2370 3305; baseline -0.001 -14"><span class='ocrx_word' id='word_1_592' title='bbox 1341 3252 1383 3292; x_wconf 90' lang='lat' dir='ltr'>id</span> <span class='ocrx_word' id='word_1_593' title='bbox 1403 3255 1479 3303; x_wconf 91' lang='lat' dir='ltr'>est,</span> <span class='ocrx_word' id='word_1_594' title='bbox 1495 3252 1744 3304; x_wconf 87' lang='lat' dir='ltr'>graviorum</span> <span class='ocrx_word' id='word_1_595' title='bbox 1756 3252 2043 3304; x_wconf 87' lang='lat' dir='ltr'>tenebrarum,</span> <span class='ocrx_word' id='word_1_596' title='bbox 2058 3252 2221 3305; x_wconf 80' lang='lat' dir='ltr'>supple,</span> <span class='ocrx_word' id='word_1_597' title='bbox 2239 3262 2370 3303; x_wconf 89' lang='lat' dir='ltr'>quam</span> 
     </span>
    </p>
   </div>
   <div class='ocr_carea' id='block_1_9' title="bbox 1341 3331 2372 3470">
    <p class='ocr_par' dir='ltr' id='par_1_13' title="bbox 1341 3331 2372 3470">
     <span class='ocr_line' id='line_1_94' title="bbox 1341 3331 2367 3375; baseline -0.007 -7"><span class='ocrx_word' id='word_1_598' title='bbox 1341 3353 1381 3358; x_wconf 92' lang='lat'>—-</span> <span class='ocrx_word' id='word_1_599' title='bbox 1413 3336 1424 3354; x_wconf 61' lang='lat'>²³</span> <span class='ocrx_word' id='word_1_600' title='bbox 1450 3335 1543 3367; x_wconf 76' lang='lat' dir='ltr'>Psal.</span> <span class='ocrx_word' id='word_1_601' title='bbox 1573 3343 1626 3373; x_wconf 79' lang='lat' dir='ltr'>LI,</span> <span class='ocrx_word' id='word_1_602' title='bbox 1657 3336 1688 3366; x_wconf 83' lang='lat'>3.</span> <span class='ocrx_word' id='word_1_603' title='bbox 1719 3352 1759 3358; x_wconf 91' lang='lat'><strong>—</strong></span> <span class='ocrx_word' id='word_1_604' title='bbox 1793 3335 1816 3353; x_wconf 84' lang='lat'>¹⁰</span> <span class='ocrx_word' id='word_1_605' title='bbox 1847 3335 1964 3373; x_wconf 62' lang='lat' dir='ltr'>Num„</span> <span class='ocrx_word' id='word_1_606' title='bbox 1993 3343 2049 3375; x_wconf 76' lang='lat' dir='ltr'>XI,</span> <span class='ocrx_word' id='word_1_607' title='bbox 2081 3336 2111 3366; x_wconf 82' lang='lat'>5.</span> <span class='ocrx_word' id='word_1_608' title='bbox 2136 3351 2177 3357; x_wconf 94' lang='lat'>—</span> <span class='ocrx_word' id='word_1_609' title='bbox 2208 3332 2230 3353; x_wconf 84' lang='lat'>¹¹</span> <span class='ocrx_word' id='word_1_610' title='bbox 2255 3331 2367 3372; x_wconf 86' lang='lat' dir='ltr'>Arist.,</span> 
     </span>
     <span class='ocr_line' id='line_1_95' title="bbox 1344 3379 2372 3422; baseline -0.002 -8"><span class='ocrx_word' id='word_1_611' title='bbox 1344 3383 1494 3416; x_wconf 68' lang='lat' dir='ltr'>Elenclz„</span> <span class='ocrx_word' id='word_1_612' title='bbox 1511 3382 1571 3414; x_wconf 86' lang='lat' dir='ltr'>lib.</span> <span class='ocrx_word' id='word_1_613' title='bbox 1593 3384 1618 3422; x_wconf 91' lang='lat'>1,</span> <span class='ocrx_word' id='word_1_614' title='bbox 1639 3391 1667 3414; x_wconf 89' lang='lat' dir='ltr'>c.</span> <span class='ocrx_word' id='word_1_615' title='bbox 1693 3390 1760 3414; x_wconf 61' lang='lat' dir='ltr'>xlv.</span> <span class='ocrx_word' id='word_1_616' title='bbox 1776 3399 1816 3405; x_wconf 93' lang='lat'>--</span> <span class='ocrx_word' id='word_1_617' title='bbox 1837 3382 1860 3400; x_wconf 84' lang='lat'>¹²</span> <span class='ocrx_word' id='word_1_618' title='bbox 1879 3382 2012 3420; x_wconf 62' lang='lat' dir='ltr'>Moab„</span> <span class='ocrx_word' id='word_1_619' title='bbox 2034 3390 2066 3422; x_wconf 88' lang='lat' dir='ltr'>v,</span> <span class='ocrx_word' id='word_1_620' title='bbox 2088 3383 2139 3412; x_wconf 83' lang='lat'>45.</span> <span class='ocrx_word' id='word_1_621' title='bbox 2158 3395 2199 3403; x_wconf 92' lang='lat'>--</span> <span class='ocrx_word' id='word_1_622' title='bbox 2220 3379 2242 3398; x_wconf 59' lang='grc' dir='ltr'>ὓ</span> <span class='ocrx_word' id='word_1_623' title='bbox 2262 3379 2372 3412; x_wconf 69' lang='grc' dir='ltr'><em>Ιοαη..</em></span> 
     </span>
     <span class='ocr_line' id='line_1_96' title="bbox 1342 3427 2368 3470; baseline -0.002 -9"><span class='ocrx_word' id='word_1_624' title='bbox 1342 3438 1391 3470; x_wconf 83' lang='lat' dir='ltr'>lx,</span> <span class='ocrx_word' id='word_1_625' title='bbox 1412 3432 1441 3461; x_wconf 81' lang='lat'>4.</span> <span class='ocrx_word' id='word_1_626' title='bbox 1459 3447 1499 3454; x_wconf 91' lang='lat'>-—</span> <span class='ocrx_word' id='word_1_627' title='bbox 1520 3430 1545 3452; x_wconf 73' lang='lat'>¹⁴</span> <span class='ocrx_word' id='word_1_628' title='bbox 1562 3429 1641 3469; x_wconf 86' lang='lat' dir='ltr'>Job,</span> <span class='ocrx_word' id='word_1_629' title='bbox 1663 3437 1802 3470; x_wconf 73' lang='lat' dir='ltr'>xxxvii,</span> <span class='ocrx_word' id='word_1_630' title='bbox 1825 3430 1873 3461; x_wconf 85' lang='grc'>19.</span> <span class='ocrx_word' id='word_1_631' title='bbox 1894 3446 1929 3452; x_wconf 88' lang='lat'>-</span> <span class='ocrx_word' id='word_1_632' title='bbox 1954 3429 1977 3451; x_wconf 84' lang='lat'>¹⁵</span> <span class='ocrx_word' id='word_1_633' title='bbox 1997 3427 2130 3465; x_wconf 66' lang='lat' dir='ltr'>Mattk„</span> <span class='ocrx_word' id='word_1_634' title='bbox 2156 3435 2235 3466; x_wconf 62' lang='lat' dir='ltr'>XXV,</span> <span class='ocrx_word' id='word_1_635' title='bbox 2258 3427 2309 3459; x_wconf 90' lang='lat'>30.</span> <span class='ocrx_word' id='word_1_636' title='bbox 2332 3443 2368 3448; x_wconf 91' lang='lat'>—</span> 
     </span>
    </p>
   </div>
   <div class='ocr_carea' id='block_1_10' title="bbox 1343 3475 2109 3517">
    <p class='ocr_par' dir='ltr' id='par_1_14' title="bbox 1343 3475 2109 3517">
     <span class='ocr_line' id='line_1_97' title="bbox 1343 3475 2109 3517; baseline -0.005 -7"><span class='ocrx_word' id='word_1_637' title='bbox 1343 3478 1369 3498; x_wconf 76' lang='lat'>¹⁶</span> <span class='ocrx_word' id='word_1_638' title='bbox 1390 3475 1463 3517; x_wconf 78' lang='lat' dir='ltr'>Job,</span> <span class='ocrx_word' id='word_1_639' title='bbox 1481 3487 1515 3517; x_wconf 83' lang='lat' dir='ltr'>x,</span> <span class='ocrx_word' id='word_1_640' title='bbox 1537 3479 1588 3509; x_wconf 85' lang='lat'>22.</span> <span class='ocrx_word' id='word_1_641' title='bbox 1611 3493 1647 3500; x_wconf 93' lang='lat'>-</span> <span class='ocrx_word' id='word_1_642' title='bbox 1667 3476 1709 3517; x_wconf 82' lang='lat' dir='ltr'>(a)</span> <span class='ocrx_word' id='word_1_643' title='bbox 1732 3476 1805 3517; x_wconf 74' lang='lat' dir='ltr'>Ley.</span> <span class='ocrx_word' id='word_1_644' title='bbox 1826 3475 2109 3508; x_wconf 84' lang='lat' dir='ltr'>recordationem.</span> 
     </span>
    </p>
   </div>
  </div>
 </body>
</html>
