2634 3853
130 915 224 950 Septi-

109 956 208 983 formis

85 999 129 1025 est
151 998 226 1025 elee-

91 1048 221 1075 mosynae

86 1081 114 1107 ef
117 1081 224 1109 ficaeia.

1011 175 1283 217 EXPOSlTlO
1313 174 1366 216 IN
1395 175 1509 217 CAP.
1540 175 1608 216 XI.

247 268 434 320 superest
466 262 565 307 date
603 264 925 318 eleemosynam,
963 264 1005 304 id
1036 267 1118 314 est,
1151 264 1201 303 de
1221 275 1269 303 eo

247 338 360 390 quod
379 339 583 388 superest,
607 339 654 375 ut
673 336 730 375 sic
762 338 962 387 tangatur
988 335 1267 386 eleemosynae

246 408 403 457 forma,
426 406 660 446 secundum
680 405 784 446 illud
804 407 815 428 ²
842 420 850 446 :
883 421 901 443 «
923 405 1014 445 Non
1034 408 1082 444 ut
1101 404 1192 443 aliis
1219 405 1270 443 sit

245 477 459 527 remissio,
493 478 612 518 vobis
640 480 782 518 autem
814 476 1041 517 tribulatio.
1065 491 1082 513 »
1108 475 1159 515 Et
1178 478 1271 527 post

244 548 425 588 formam
458 548 652 588 subditur
689 547 896 597 efficacia,
920 559 1018 587 cum
1050 547 1107 586 ait
1135 546 1269 587 :Ecce

244 619 390 660 omnia
410 618 572 660 munda
592 622 692 660 sunt
710 618 827 660 vobis
859 631 867 657 :
900 617 999 670 quia
1028 617 1271 669 elemosyna

244 690 428 742 disponit
457 690 510 730 ad
529 690 734 742 gratiam,
769 700 844 742 per
880 700 1010 741 quam
1039 688 1270 728 mundatur

244 763 389 803 anima
407 765 508 803 tota.
528 762 578 803 Et
597 766 767 816 propter
776 763 856 803 hoc
874 761 1026 802 dicitur
1039 762 1052 782 ²
1074 775 1082 801 :
1106 775 1124 798 «
1136 760 1271 800 Pietas

243 833 297 874 ad
327 833 471 874 omnia
499 833 613 873 utilis
642 836 724 884 est,
758 832 1081 884 promissionem
1110 831 1271 871 habens

243 904 343 946 vitae
364 916 461 957 quae
480 916 594 945 nunc
608 907 683 954 est,
703 906 743 944 et
762 903 934 944 futurae.
957 917 975 940 >³
1002 902 1114 942 Licet
1128 904 1270 942 autem

244 975 511 1028 eleemosyna
529 975 691 1016 dicatur
710 975 850 1016 valere
875 975 928 1015 ad
957 974 1039 1015 tria
1058 974 1267 1027 principa-

244 1046 352 1096 liter,
370 1048 513 1086 tamen
533 1045 785 1098 septiformis
810 1046 1043 1086 ostenditur
1074 1047 1166 1097 eJ'us
1187 1046 1271 1085 effi-

245 1117 357 1157 cacia
377 1117 422 1157 in
443 1116 673 1170 Scriptura.
694 1116 837 1156 Prima
859 1119 920 1156 est
931 1148 943 1167 ,
965 1117 1066 1169 quia
1083 1117 1270 1157 animam

245 1188 421 1229 mundat
440 1200 464 1228 a
483 1188 620 1240 culpa,
645 1187 755 1227 sicut
772 1187 841 1227 hic
860 1187 1062 1236 habetur,
1083 1189 1124 1227 et
1144 1187 1270 1227 etiam

245 1258 569 1301 Ecclesiasticus
588 1259 631 1298 ³:
660 1272 690 1315 (9
710 1257 987 1309 Eleemosyna
1014 1258 1146 1309 patris
1184 1270 1271 1298 non

243 1328 322 1369 erit
342 1329 384 1368 in
404 1329 632 1369 oblivione.
651 1343 670 1367 >³
695 1328 746 1368 Et
763 1328 892 1380 paulo
904 1330 996 1380 post
1018 1342 1025 1367 :
1052 1343 1071 1365 c<
1094 1327 1144 1368 Et
1164 1329 1272 1368 sicut

243 1398 288 1439 in
307 1410 455 1439 sereno
486 1399 667 1451 glacies,
698 1400 915 1440 solventur
948 1401 1113 1451 peccata
1140 1402 1224 1440 tna.
1247 1413 1266 1436 n

245 1467 438 1509 Secunda
456 1473 538 1520 est,
560 1469 660 1522 quia
681 1469 830 1510 liberat
850 1481 874 1508 a
902 1481 1026 1521 poena
1047 1472 1204 1509 {eterna
1223 1470 1236 1490 ¹·
1261 1484 1269 1510 z

250 1553 270 1577 <‹
291 1539 568 1593 Eleemosyna
587 1541 639 1580 ab
660 1540 778 1580 omni
810 1543 1001 1592 peccato,
1034 1543 1074 1579 et
1093 1552 1118 1580 a
1137 1542 1272 1581 morte

243 1609 406 1660 liberat,
429 1613 470 1650 et
487 1623 571 1651 non
592 1611 775 1663 patietur
796 1611 987 1651 animam
1005 1610 1067 1650 ire
1085 1611 1129 1650 in
1152 1614 1271 1651 tene-

243 1680 357 1721 bras.
378 1694 397 1718 ))
421 1680 582 1731 Tertia,
607 1681 710 1733 quia
729 1681 911 1721 defendit
939 1694 964 1720 a
998 1693 1121 1732 poena
1154 1684 1269 1721 tran—

243 1750 386 1791 sitoria
412 1751 425 1773 ⁵
466 1764 476 1793 :
511 1766 530 1790 «
567 1751 740 1792 Peccata
777 1754 850 1792 tua
889 1751 1165 1805 eleemosynis
1202 1765 1270 1793 re-

243 1821 370 1872 dime,
393 1837 412 1859 ))
438 1824 516 1863 etc.
533 1822 689 1871 Quarta
708 1824 783 1873 est,
807 1822 907 1874 quia
928 1822 1098 1874 mitigat
1116 1823 1272 1862 fomitis

244 1893 626 1945 concupiscentiam
644 1893 657 1914 ⁰
691 1908 699 1934 :
729 1908 747 1931 «
767 1893 917 1944 Ignem
955 1894 1171 1934 ardentem
1204 1906 1274 1934 ex-

243 1963 404 2015 tinguit
422 1977 545 2015 aqua,
579 1969 620 2005 et
652 1964 919 2017 eleemosyna
944 1965 1100 2005 resistit
1126 1977 1273 2017 pecca-

244 2034 311 2075 tis.
329 2048 348 2072 >³
377 2033 545 2085 Quinta,
567 2035 666 2088 quia
686 2035 756 2075 dat
776 2036 826 2076 de
851 2035 970 2076 hoste
993 2035 1210 2076 victoriam
1227 2038 1240 2059 ⁷
1259 2049 1267 2074 ε

249 2118 268 2142 «
289 2104 497 2146 Conclude
514 2105 825 2158 eleemosynam
851 2106 896 2145 in
918 2105 1039 2145 corde
1059 2104 1269 2157 pauperis,

241 2177 285 2215 et
302 2175 396 2216 haec
433 2187 511 2226 pro
546 2178 589 2216 te
627 2175 831 2216 exorabit.
856 2189 874 2212 >³
908 2175 959 2215 Et
990 2174 1118 2227 paulo
1143 2176 1267 2227 post:

249 2259 268 2283 (ι
288 2245 424 2299 Super
444 2248 612 2287 scutum
631 2246 811 2299 potentis
824 2277 834 2297 ,
857 2248 897 2286 et
919 2257 1045 2298 super
1063 2245 1267 2295 lanceam,

243 2315 448 2357 adversus
463 2317 689 2357 inimicum
704 2319 826 2357 tuum
845 2315 1071 2367 pugnabit.
1086 2329 1105 2352 »
1127 2315 1268 2365 Sexta,

244 2387 345 2438 quia
363 2389 584 2428 conservat
614 2386 820 2438 gratiam,
845 2386 1078 2426 secundum
1098 2386 1201 2426 illud
1222 2389 1236 2410 ⁸
1260 2401 1268 2425 :

250 2470 270 2494 «
287 2455 561 2509 Eleemosyna
579 2457 665 2498 viri
683 2457 803 2509 quasi
835 2457 1027 2497 sacculus
1047 2467 1144 2496 cum
1164 2456 1270 2508 ipso,

244 2529 286 2567 et
303 2527 485 2579 gratiam
513 2528 696 2569 hominis
722 2528 843 2580 quasi
871 2528 1078 2580 pupillam
1105 2540 1272 2569 conser-

245 2597 375 2640 vabit.
398 2612 417 2635 »
443 2597 643 2651 Septima,
670 2598 771 2651 quia
802 2598 872 2639 dat
892 2598 1092 2639 fiduciam
1123 2610 1275 2651 perve-

245 2668 391 2710 niendi
411 2669 463 2710 ad
484 2669 666 2721 gloriam
686 2672 699 2693 ⁹
723 2680 733 2709 ε
763 2668 972 2709 «Fiducia
1002 2682 1162 2721 magna
1195 2670 1275 2709 erit

246 2751 389 2780 coram
415 2752 584 2781 summo
613 2739 697 2780 Deo
731 2739 998 2792 eleemosyna
1026 2740 1274 2781 facientibus

245 2821 352 2850 eam.
377 2824 397 2848 »
425 2810 478 2851 Hi
499 2813 660 2863 septem
689 2810 860 2850 effectus
889 2814 987 2850 sunt
1014 2811 1146 2863 ipsius
1173 2811 1274 2851 elee-

246 2892 451 2934 mosynae,
475 2894 571 2935 quae
599 2885 688 2923 tam
717 2883 1012 2935 corporaliter,
1036 2895 1166 2936 quam
1196 2883 1275 2936 spi-

246 2951 455 2994 ritualiter
498 2953 738 2994 exhibetur.
789 2952 925 3005 Opera
970 2953 1270 2994 misericordiae

247 3023 471 3073 corporalis
489 3024 569 3064 hoc
587 3036 716 3066 versu
735 3024 1015 3075 designantur
1038 3038 1046 3064 z

282 3126 402 3168 visito,
421 3130 517 3170 poto,
537 3130 626 3171 cibo,
646 3130 789 3170 redimo,
812 3132 902 3170 tego,
925 3129 1060 3171 colligo,
1081 3131 1191 3162 condo
1197 3142 1207 3172 3

302 3232 358 3273 De
378 3234 532 3285 quibus
540 3267 553 3286 ,
580 3240 867 3289 praeterquam
906 3237 956 3277 de
990 3236 1156 3286 ultimo,
1194 3236 1274 3277 dis-

248 3306 437 3356 ceptatur
454 3306 482 3330 ¹⁰
499 3305 726 3359 injudicio.
743 3308 801 3348 De
813 3307 960 3347 ultimo
976 3319 1078 3347 vero
1094 3308 1142 3346 fit
1160 3318 1275 3347 men-

291 3411 300 3432 ¹
322 3411 350 3442 11
373 3411 463 3451 Corn,
484 3421 558 3453 vni,
582 3416 672 3446 13.—
691 3419 704 3438 ²
721 3417 733 3447 Ι
753 3417 848 3455 Tim„
866 3423 912 3456 1v,
934 3418 964 3448 8.
985 3432 1026 3439 -
1045 3416 1056 3433 ³
1076 3415 1192 3452 Eccli.,
1220 3421 1272 3455 111,

249 3458 300 3497 15,
326 3459 373 3490 17.
392 3477 433 3483 —
447 3459 461 3482 δ
483 3460 569 3499 Tob.,
588 3468 650 3503 xii,
666 3464 697 3495 9.
716 3480 757 3486 —
775 3464 786 3482 ⁵
808 3464 909 3503 Dan„
929 3470 975 3502 iv,
997 3465 1105 3495 21-
1122 3463 1133 3481 ⁶
1152 3461 1273 3501 Ecclz‘„

2293 180 2369 219 543

1345 265 1403 303 tio
1422 264 1464 303 in
1486 263 1630 304 Tobia.
1651 264 1679 286 ¹¹
1700 263 1765 303 Ad
1789 262 1871 303 hoc
1889 263 2030 302 autem
2056 263 2168 315 quod
2189 263 2368 306 eleemo-

1346 346 1451 386 syna
1475 335 1628 374 habeat
1662 334 1740 374 has
1772 333 1999 383 efficaciae,
2040 335 2274 374 necessaria
2310 339 2371 377 est

1346 404 1483 455 primo
1519 404 1761 457 simplicitas
1795 404 1842 443 in
1873 404 2019 452 corde3
2058 405 2248 444 unde121
2278 405 2372 447 «Te

1345 477 1486 514 autem
1503 476 1678 516 faciente
1699 476 2033 527 eleemosynam,
2064 475 2222 516 nesciat
2247 476 2374 516 sinis-

1345 548 1410 586 tra
1433 549 1516 597 tua,
1535 562 1553 584 »
1571 549 1648 587 etc.
1672 546 1862 587 Secundo
1879 559 1981 587 vero
2001 546 2250 588 discretioin
2264 547 2371 588 elec-

1345 617 1479 667 tione,
1515 617 1750 658 secundum
1779 617 1883 658 illud
1910 618 1938 639 ¹³
1962 632 1970 658 ε
2001 633 2020 656 ε(
2040 617 2084 658 Si
2103 618 2370 669 benefeceris,

1346 687 1447 727 scito
1467 687 1535 727 cui
1556 688 1824 728 benefeceris,
1846 702 1865 726 »
1892 687 2032 728 Tertio
2052 701 2154 730 vero
2182 701 2374 742 compas-

1345 758 1407 798 sio
1426 758 1470 797 in
1487 758 1705 799 affectione
1727 759 1751 780 ¹¹·
1775 771 1815 799 :(‹
1837 759 1941 800 Cum
1962 759 2160 800 effuderis
2174 760 2374 800 esurienti

1346 830 1533 870 animam
1553 832 1686 880 tuam,
1719 844 1738 867 »
1766 833 1863 879 etc.‚
1891 830 2090 871 «orietur
2117 831 2160 870 in
2189 831 2374 871 tenebris

1345 900 1422 941 lux
1440 903 1527 941 tua.
1550 916 1568 939 n
1596 901 1646 941 Et
1665 901 1709 940 in
1730 900 1802 942 Job
1822 900 1849 923 15
1880 915 1888 941 :
1918 900 2127 941 «Flebam
2161 900 2373 952 quondam

1347 983 1471 1023 super
1491 984 1540 1011 eo
1568 971 1642 1023 qui
1668 970 1845 1011 afflictus
1865 972 1974 1021 erat,
2013 973 2053 1010 et
2091 971 2372 1022 compatieba-

1346 1044 1417 1081 tur
1436 1042 1577 1081 anima
1596 1053 1692 1081 mea
1710 1041 1900 1093 pauperi.
1927 1055 1945 1079 ›)
1968 1040 2123 1089 Quarto
2142 1052 2260 1090 vero,
2280 1041 2372 1081 dul-

1346 1112 1446 1152 cedo
1467 1112 1510 1151 in
1530 1124 1723 1152 sermone
1744 1111 1769 1133 16
1792 1126 1801 1152 ;
1830 1127 1849 1149 «
1868 1111 2015 1152 Nonne
2035 1111 2229 1151 ardorem
2249 1111 2372 1151 refri-

1348 1183 1512 1234 gerabit
1532 1185 1626 1223 ros?
1649 1183 1706 1223 sic
1719 1185 1760 1223 et
1779 1183 1961 1224 verbum
1974 1181 2142 1232 melius,
2162 1194 2291 1234 quam
2307 1182 2376 1223 da-

1347 1257 1451 1294 tum.
1478 1268 1496 1291 »
1535 1253 1688 1302 Quinto
1708 1285 1718 1304 ,
1754 1253 1944 1293 hilaritas
1978 1253 2022 1292 in
2053 1252 2155 1291 facie
2187 1252 2214 1277 ¹⁷
2247 1266 2256 1292 ε
2284 1266 2303 1290 ((
2326 1251 2374 1292 In

1347 1325 1464 1365 omni
1482 1325 1577 1365 dato
1596 1324 1774 1365 hilarem
1788 1325 1851 1364 fac
1869 1323 2035 1364 vultum
2049 1324 2190 1363 tuum.
2210 1323 2293 1362 »¹8«
2306 1322 2376 1363 Ju-

1347 1396 1510 1437 cundus
1534 1396 1685 1446 homo,
1715 1396 1787 1448 qui
1809 1395 2046 1443 miseretur,
2063 1408 2081 1431 »
2119 1396 2196 1434 etc.
2228 1393 2373 1444 Sexto,

1348 1467 1486 1507 debita
1507 1467 1718 1519 quantitas
1752 1467 1796 1505 in
1827 1477 2003 1506 munere
2024 1465 2051 1486 ¹⁹
2074 1479 2083 1505 ε
2115 1480 2134 1503 <1
2158 1464 2374 1513 Quomodo

1347 1536 1550 1588 potueris,
1572 1537 1630 1577 ita
1652 1539 1739 1577 esto
1760 1536 2011 1576 misericors.
2035 1534 2077 1576 Si
2094 1535 2279 1575 multum
2299 1534 2375 1575 tibi

1346 1609 1487 1658 fuerit,
1510 1624 1529 1646 »
1556 1612 1632 1649 etc.
1658 1608 1845 1661 Septimo
1859 1606 2176 1656 vero,celeritas
2190 1607 2234 1646 in
2251 1617 2375 1658 opere

1347 1683 1387 1719 et
1405 1679 1664 1719 exhibitione
1683 1681 1735 1719 20;
1754 1677 1844 1718 «Ne
1857 1678 1968 1718 dicas
1986 1677 2120 1717 amico
2134 1680 2226 1717 tuo:
2245 1676 2372 1727 Vade,

1347 1754 1388 1790 et
1407 1755 1631 1800 revertere,
1659 1764 1677 1787 »
1715 1753 1790 1790 etc.
1817 1749 1867 1789 Et
1901 1751 2003 1788 tunc
2027 1749 2074 1788 fit
2108 1748 2375 1800 eleemosyna

1347 1833 1401 1861 ex
1420 1824 1505 1861 toto
1526 1820 1711 1871 homine,
1735 1832 1783 1860 ac
1802 1831 1877 1872 per
1896 1819 1977 1860 hoc
2003 1821 2064 1859 est
2096 1818 2177 1859 Deo
2206 1821 2374 1871 accepta

1347 1895 1388 1933 et
1407 1892 1587 1944 placens.

1399 1967 1466 2005 49..
1483 1963 1573 2005 Sed
1591 1974 1653 2004 vce
1673 1962 1789 2004 vobis
1815 1962 2060 2013 Phariscez's,
2083 1963 2161 2001 etc.
2185 1960 2282 2002 Post
2311 1960 2373 2001 in-

1347 2035 1630 2086 crepationem
1656 2033 1923 2085 duplicitatis,
1960 2032 2156 2072 subditur
2189 2031 2257 2071 hic
2291 2031 2370 2071 du-

1346 2104 1540 2157 plicitatis
1574 2107 1614 2145 et
1633 2104 1868 2156 hypocrisis
1899 2102 2169 2144 comminatio
2199 2102 2370 2142 calami-

1346 2178 1498 2216 tatum.
1520 2175 1636 2216 Unde
1653 2174 1772 2227 quasi
1791 2173 2086 2226 superadditur
2117 2173 2195 2212 ista
2234 2173 2370 2213 deter-

1348 2246 1525 2286 minatio
1550 2248 1577 2268 21
1601 2261 1609 2286 :
1646 2245 1717 2287 Vce
1746 2245 1882 2294 vobis,
1908 2244 2063 2285 Scrz'boe
2098 2247 2134 2285 et
2165 2243 2373 2285 Pharisaei

1348 2317 1593 2368 hypocritae.
1611 2315 1661 2356 Et
1672 2315 1875 2367 quoniam
1895 2315 1986 2354 haee
2005 2314 2088 2354 duo
2105 2325 2263 2365 genera
2283 2325 2372 2365 per-

1348 2399 1572 2438 sonarum,
1593 2386 1748 2427 scilicet
1780 2385 2094 2426 Pharisaeorum
2130 2386 2170 2424 et
2207 2383 2370 2424 Scriba-

1346 2471 1464 2509 rum,
1487 2458 1742 2498 simulabant
1767 2456 1954 2496 maxime
1973 2455 2254 2506 religionem3
2278 2454 2371 2496 ideo

1347 2532 1492 2569 contra
1510 2528 1586 2568 has
1602 2528 1708 2569 duas
1730 2538 1928 2580 personas
1956 2526 2052 2566 facit
2080 2538 2200 2566 suam
2229 2526 2372 2567 invec-

1346 2601 1526 2650 tionem;
1551 2600 1622 2640 sed
1650 2599 1694 2638 in
1719 2598 1917 2639 Matthaeo
1947 2597 2094 2645 simul;
2129 2596 2198 2637 hic
2228 2599 2372 2638 autem

1347 2671 1552 2712 distincte.
1572 2670 1668 2710 Ideo
1683 2681 1778 2722 pars
1792 2669 1870 2708 ista
1881 2668 2009 2708 habet
2025 2668 2130 2708 duas
2147 2681 2156 2708 z
2177 2668 2222 2707 in
2236 2668 2373 2720 prima

1347 2742 1631 2783 comminatur
1649 2751 1712 2782 voe
1729 2740 1829 2792 ipsis
1850 2739 2093 2789 Pharisaeis3
2127 2739 2171 2779 in
2191 2740 2373 2780 secunda

1347 2824 1448 2853 vero
1477 2811 1647 2861 Scribis,
1677 2811 1765 2850 sive
1784 2810 2080 2862 Legisperitis,
2109 2809 2168 2850 ibi
2188 2811 2217 2832 ²2
2240 2822 2250 2850 z
2272 2810 2374 2852 Res-

1343 2882 1536 2935 pendens
1554 2886 1692 2923 autem
1707 2881 1886 2933 quidam
1908 2891 1962 2922 ee:
1985 2881 2273 2933 Leqz‘sperz'cis,
2293 2885 2370 2922 etc.

1348 2953 1626 2995 Comminatio
1675 2954 1818 2992 autem
1875 2951 2157 2992 damnationis
2204 2955 2373 2993 aeternae

1346 3024 1469 3065 tertio
1502 3024 1729 3076 replicatur
1766 3024 1912 3063 contra
1939 3021 2174 3064 Pharisaeos
2203 3027 2372 3076 propter

1347 3094 1553 3146 triplicem
1573 3105 1759 3144 causam,
1781 3092 1936 3133 scilicet
1960 3096 2128 3146 propter
2146 3094 2370 3145 negligen-

1348 3183 1400 3214 111,
1421 3176 1471 3207 33.
1489 3192 1528 3198 —-
1550 3176 1559 3194 ⁷
1579 3174 1700 3214 Ecca„
1720 3182 1817 3215 xxix,
1840 3177 1888 3215 15,
1912 3177 1960 3207 18.
1978 3193 2019 3199 -
2038 3176 2052 3197 8
2072 3175 2190 3215 Εεσίί.,
2211 3183 2294 3214 xvn,
2320 3177 2369 3207 18.

1346 3240 1387 3246 —-
1405 3223 1418 3244 9
1440 3222 1527 3261 Tob„
1546 3230 1591 3262 iv,
1614 3224 1661 3252 12.
1681 3240 1723 3245 -
1742 3223 1769 3244 10
1788 3223 1921 3260 111αίίΙι.,
1946 3230 2025 3262 xxv,
2042 3224 2154 3254 35-45.
2176 3239 2215 3245 —-
2238 3223 2260 3243 ¹¹
2281 3222 2369 3262 Tob„

1348 3279 1378 3308 1,
1397 3272 1520 3309 21311,
1543 3271 1571 3299 7.
1591 3287 1629 3291 —
1649 3270 1675 3289 12
1694 3269 1828 3307 Matth.‚
1849 3277 1902 3310 v1‚
1923 3270 1952 3301 3.
1976 3287 2012 3292 -
2032 3269 2057 3290 1³
2080 3269 2182 3308 Εοσίῖ,
2203 3277 2256 3309 xl,
2279 3272 2307 3300 1.
2331 3287 2371 3293 -

1348 3316 1375 3338 1⁵
1391 3317 1469 3356 Isca,
1490 3323 1586 3355 Lv111,
1611 3318 1658 3347 10.
1675 3333 1715 3339 -
1735 3316 1761 3338 ¹⁵
1777 3316 1851 3357 Job,
1868 3324 1948 3354 xxx,
1966 3318 2017 3346 25.
2035 3332 2075 3338 —
2099 3316 2122 3336 1⁶
2140 3315 2255 3355 Ecclz'„
2271 3323 2369 3357 an,

1349 3366 1399 3395 16.
1415 3364 1492 3386 —17
1512 3363 1629 3402 Ecclz‘„
1651 3370 1755 3402 XXXV,
1775 3366 1878 3395 11.-
1898 3362 1926 3383 1⁸
1938 3362 2026 3393 Psal.
2047 3370 2115 3402 cxi,
2136 3364 2219 3393 5.—
2241 3363 2370 3402 19Τοὸ.,

1349 3419 1395 3452 ιν,
1417 3412 1446 3442 8.
1466 3428 1500 3433 —
1526 3411 1552 3432 20
1570 3411 1684 3451 prov„
1705 3418 1758 3450 111,
1780 3411 1832 3441 28.
1851 3427 1891 3433 —
1911 3410 1936 3432 2¹
1958 3410 2092 3449 matth„
2112 3417 2211 3450 xxm,
2231 3410 2369 3450 passim.

1346 3475 1388 3483 -—
1407 3459 1435 3479 2²
1458 3458 1551 3498 infr„
1573 3459 1624 3490 45.
1670 3480 1675 3483 .
