2634 3853
253 25 332 64 222

308 115 374 153 13.
393 112 469 154 Ait
487 113 626 154 autem
642 110 699 153 acl
720 110 842 153 illum
861 109 1058 161 Anqelus.
1077 107 1286 159 Tangitur

253 182 322 223 hic
346 183 470 224 tertio
498 182 767 224 denunciatio
797 181 928 221 futuri
958 181 1208 230 concethS,
1239 180 1286 218 ut

253 253 530 294 confortativa
549 253 789 301 irascibilis,
816 255 863 291 ut
884 249 1135 291 instructiva
1155 249 1282 289 ratio-

253 324 374 373 nalis,
394 327 435 365 et
455 324 709 364 consolativa
729 320 1080 373 concupiscibilis.
1101 318 1287 360 Ostendi-

253 396 325 434 tur
351 394 624 434 confortativa
656 393 698 432 in
727 392 808 432 hoc
837 391 950 443 quod
979 390 1107 430 dicit:
1145 390 1206 431 Ne
1227 391 1286 432 ti-

253 474 389 513 meas,
421 464 646 511 Zacharia,
674 462 876 514 qaom’am
897 460 1107 502 exaudita
1127 464 1188 502 est
1213 460 1283 502 de-

252 537 439 586 precata>
466 540 554 576 tua.
571 533 614 574 Si
635 533 745 574 Deus
765 533 939 573 exaudit
957 532 1165 583 homines,
1185 535 1287 572 tunc

255 606 512 658 sperandum
532 608 595 645 est
615 605 659 644 in
673 604 777 657 ipso,
796 607 837 645 et
854 604 948 645 ideo
969 603 1283 654 confidendum,

252 689 339 717 non
366 676 680 717 formidandum
704 683 742 716 ¹:
772 692 791 715 «
824 675 918 716 Noli
947 675 1118 725 timere,
1150 675 1283 715 Abra-

251 748 381 788 ham:
413 759 496 799 ego
526 750 736 800 protector
768 749 870 787 tuus
904 758 1016 787 sum.
1046 760 1063 783 ›)
1090 745 1141 786 Et
1172 746 1286 798 quod

251 819 425 860 omnino
464 818 518 857 sit
563 817 786 866 exaudita,
832 817 1004 868 signum
1043 819 1104 857 est
1142 817 1286 857 missio

251 889 389 929 nuntii
416 890 453 928 ²:
495 904 513 926 «
543 888 590 928 In
620 888 690 928 illo
720 891 911 940 tempore
941 887 1152 928 exauditae
1188 890 1288 927 sunt

251 971 396 1011 preces
415 959 643 999 amborum
656 958 699 997 in
716 960 943 1010 conspectu
958 958 1108 1008 gloria}
1127 958 1287 997 summi

251 1028 345 1069 Dei:
373 1032 413 1068 et
439 1029 596 1068 missus
628 1032 689 1069 est
709 1027 902 1079 Angelus
923 1027 1091 1068 Domini
1118 1030 1287 1068 sanctus

251 1099 459 1152 Raphael,
497 1114 517 1138 1)
548 1103 626 1140 etc.
662 1099 808 1141 Simile
840 1100 946 1140 dixit
981 1100 1173 1151 Angelus
1205 1100 1285 1140 Da-

250 1171 350 1211 nieli
369 1174 406 1209 ³:
425 1186 443 1209 (ι
458 1171 564 1220 Quia
585 1183 639 1212 ex
658 1171 724 1211 die
744 1170 897 1223 primo,
920 1183 1006 1223 quo
1024 1171 1199 1223 posuisti
1217 1183 1289 1212 cor

251 1245 377 1282 tuum
406 1243 458 1284 ad
489 1242 833 1294 intelligendum,
865 1245 914 1282 ut
941 1245 982 1283 te
1008 1242 1218 1294 affligeres
1244 1243 1289 1282 in

252 1318 479 1367 conspectu
496 1315 565 1355 Dei
583 1316 661 1364 tui,
678 1314 876 1355 exaudita
890 1318 990 1355 sunt
1007 1315 1139 1355 verba
1159 1318 1246 1355 tua.
1265 1329 1282 1351 >³

251 1385 506 1425 Describitur
537 1385 789 1425 instructiva
822 1385 1037 1425 rationalis
1065 1386 1143 1437 (a);
1176 1386 1289 1426 unde

253 1456 512 1506 praenuntiat
530 1456 575 1508 (b)
591 1456 768 1508 prolem,
786 1457 827 1495 et
841 1455 1029 1507 praedicit
1040 1468 1195 1497 nomen
1211 1471 1219 1496 :
1236 1457 1290 1498 Ec

255 1536 366 1568 ua‘or
398 1530 472 1569 zaa
497 1527 713 1568 Elisabeth
730 1527 874 1578 pariet
891 1527 970 1568 aba·
989 1528 1142 1578 filiam,
1161 1531 1197 1569 et
1218 1538 1290 1570 vo-

254 1596 371 1638 cabis
394 1608 546 1639 nomen
566 1597 657 1649 ejus
678 1598 894 1639 Joannem.
919 1598 1076 1643 Paria,
1095 1597 1287 1650 inquam,

255 1667 358 1717 tibi,
399 1668 499 1720 quia
529 1669 580 1710 de
618 1671 660 1709 te
697 1669 749 1709 ad
785 1670 905 1709 tuam
940 1668 1287 1709 consolationem.

254 1737 380 1779 Juxta
399 1739 512 1791 quod
534 1739 792 1791 promissum
817 1742 880 1780 est
898 1739 1084 1780 Abrahae
1104 1740 1117 1761 '⁶
1135 1753 1144 1780 :
1173 1755 1191 1778 «
1212 1740 1291 1788 Qui

258 1810 502 1861 egredietur
523 1810 573 1850 de
590 1813 710 1850 utero
730 1812 820 1860 tuo,
842 1810 984 1862 ipsum
1004 1811 1181 1851 habebis
1199 1811 1291 1851 hae-

256 1880 414 1920 redem.
437 1894 455 1918 ))
482 1880 638 1920 Deinde
658 1881 909 1933 subiungit:
943 1881 997 1923 Ec
1025 1881 1193 1923 vocabis
1220 1892 1291 1923 no-

258 1962 354 1992 nzen
379 1951 469 2002 ejus
498 1952 728 2001 Joannem,
757 1951 993 1991 secundum
1023 1951 1128 1992 illud
1147 1952 1289 2001 Isaice,

259 2022 372 2074 quod
401 2022 555 2062 dicitur
583 2023 661 2062 sub
692 2033 872 2073 persona
889 2021 1023 2074 ipsius
1050 2021 1224 2063 Joannis
1248 2023 1289 2062 ⁶:

266 2108 284 2131 «
305 2092 510 2133 Dominus
531 2093 584 2132 ab
613 2095 733 2132 utero
752 2091 920 2132 vocavit
946 2104 1038 2142 me,
1070 2093 1121 2133 de
1149 2095 1293 2135 ventre

260 2163 408 2203 matris
435 2175 542 2204 meae
571 2163 814 2203 recordatus
845 2166 906 2203 est
936 2163 1122 2203 nominis
1146 2164 1245 2204 mei.
1269 2179 1287 2202 >³

259 2234 516 2274 Describitur
541 2237 753 2286 postremo
783 2236 830 2274 ut
860 2234 1118 2275 consolativa
1142 2235 1187 2274 in
1214 2235 1294 2275 hoc

260 2304 375 2357 quod
393 2305 547 2345 dicitur
571 2305 637 2357 (v.
664 2304 735 2354 14)
754 2319 762 2344 :
787 2304 828 2343 E
831 2307 847 2345 t
866 2305 947 2345 erit
965 2304 1174 2356 qaudz’um
1193 2305 1291 2355 tibi,

262 2379 300 2417 et
319 2375 545 2418 exaltatio.
572 2374 746 2416 Exultat
769 2375 928 2426 gaudio
953 2377 1073 2426 pater
1096 2376 1230 2427 justi,
1253 2376 1294 2417 id

261 2449 337 2496 est,
359 2445 579 2486 Zacharias
605 2448 723 2499 pater
741 2445 928 2486 Joannis.
950 2445 1000 2486 Et
1020 2446 1033 2466 ⁶
1051 2460 1059 2486 ε
1090 2461 1108 2484 (ι
1129 2446 1208 2496 Qui
1228 2459 1294 2487 sa-

262 2519 446 2569 pientem
468 2517 645 2569 genuit,
668 2517 882 2557 laetabitur
903 2517 947 2556 in
967 2529 1032 2557 eo.
1052 2530 1070 2555 ›)
1091 2522 1104 2543 ⁷
1126 2533 1144 2556 (‹
1164 2517 1295 2559 Filius

264 2588 428 2640 sapiens
445 2588 628 2628 laetificat
648 2591 859 2639 patrem.»
882 2587 965 2629 Nec
981 2588 1059 2628 erit
1072 2588 1174 2629 illud
1193 2601 1300 2641 gau-

264 2660 382 2700 dium
395 2658 629 2710 singulare,
651 2659 724 2699 sed
742 2671 984 2700 commune.
1007 2659 1057 2699 Et
1076 2664 1298 2714 propterea

264 2733 392 2773 dicit:
425 2732 483 2774 Ec
514 2732 638 2773 nnclcz'
666 2733 714 2774 in
742 2734 969 2775 nativitate
1005 2733 1096 2785 effus
1131 2735 1296 2787 gaude-

265 2803 384 2846 bunt.
410 2802 423 2824 ⁸
445 2818 464 2840 «
486 2802 534 2843 In
557 2802 903 2855 multiplicatione
924 2805 1141 2855 Justorum
1177 2805 1293 2846 laeta-

264 2874 379 2915 bitur
405 2873 576 2925 vulgus.
603 2888 622 2911 n
649 2873 907 2915 Hieremias⁹
932 2889 940 2915 ε
970 2875 1099 2915 «Erit
1126 2875 1233 2915 mihi
1253 2876 1297 2917 in

265 2957 443 2996 nomen,
465 2947 506 2985 et
524 2944 570 2984 in
591 2945 813 2996 gaudium,
844 2949 885 2986 et
912 2946 956 2986 in
978 2946 1169 2998 laudem,
1193 2951 1234 2988 et
1252 2948 1297 2988 in

266 3016 571 3058 exultationem
591 3016 754 3056 cunctis
774 3017 976 3067 gentibus
994 3021 1134 3059 terrae.
1156 3034 1176 3056 »
1199 3019 1297 3059 Am-

266 3088 435 3129 brosius
455 3086 481 3108 ¹⁰
496 3101 505 3127 :
518 3101 537 3125 (‹
553 3086 688 3127 Habet
701 3090 944 3128 sanctorum
960 3088 1087 3129 editio
1101 3089 1296 3131 laetitiam

312 3173 319 3190 ¹
340 3171 435 3212 Gen„
461 3177 518 3210 xv,
538 3172 568 3201 1.
589 3185 629 3192 —
653 3170 664 3187 ²
694 3168 863 3210 Tob.,111,
884 3171 942 3211 24,
967 3172 1020 3202 25.
1039 3188 1080 3194 -
1105 3171 1118 3193 ³
1144 3172 1241 3214 Dan„
1262 3182 1297 3213 x,

269 3222 320 3252 12.
342 3238 382 3244 -
409 3219 421 3237 ¹
447 3218 541 3257 Gen„
566 3224 624 3257 xv,
650 3218 680 3248 4.
704 3233 739 3239 —-
769 3217 782 3238 ⁵
800 3217 878 3258 lca„
903 3226 1005 3259 xmx,
1034 3221 1064 3250 1.
1085 3237 1126 3243 —
1154 3220 1165 3238 ⁶
1187 3221 1297 3262 Prov„

268 3275 375 3308 xxm,
404 3268 454 3299 24.
480 3283 521 3290 -
544 3266 558 3289 ⁷
583 3266 695 3304 Prov„
723 3273 763 3304 x,
794 3266 822 3295 1.
850 3283 889 3288 —
920 3265 933 3286 θ
964 3266 1059 3307 11)ὶά.,
1086 3275 1184 3306 xxm,
1209 3270 1297 3299 2.—

270 3316 282 3334 ⁹
299 3316 431 3356 Jerem„
455 3320 591 3352 xxxm,
619 3314 650 3343 9.
676 3328 715 3334 -
747 3311 768 3329 ¹⁰
798 3311 969 3352 Ambros„
996 3315 1031 3344 in
1056 3314 1145 3354 Luc„
1170 3314 1227 3346 lib.
1249 3316 1297 3357 ll,

979 19 1263 62 EVANGELH
1294 17 1482 61 SANCTI
1511 20 1661 63 LUCAE

1359 108 1668 160 plurimorum,
1710 109 1812 161 quia
1849 121 2073 152 commune
2109 111 2271 152 bonum
2311 112 2387 151 est.

1359 180 1379 219 J
1387 179 1526 219 ustitia
1547 179 1660 220 enim
1681 179 1921 219 communis
1940 183 2002 221 est
2016 181 2167 223 virtus.
2188 196 2208 220 ›>
2231 181 2390 222 «Exul-

1358 251 1442 290 tate
1471 262 1574 302 ergo
1594 251 1634 300 ¹¹,
1659 250 1783 302 Justi,
1814 250 1859 290 in
1885 250 2081 302 Domino;
2115 255 2248 293 rectos
2275 252 2391 294 decet

1360 320 1624 362 collaudatio.
1648 337 1666 359 ›)

1419 393 1479 431 15.
1498 392 1594 435 Eric
1607 394 1720 434 enim
1741 402 1920 445 maanus
1940 402 2082 434 coram
2100 392 2293 434 Domino.
2318 393 2392 433 Su-

1360 474 1436 514 pra
1458 464 1671 503 notificata
1690 466 1752 503 est
1770 462 2034 504 denuntiatio
2053 462 2245 515 angelica
2264 474 2393 514 quan-

1360 535 1453 573 tum
1484 533 1536 573 ad
1566 534 1903 575 circumstantias
1932 546 1985 574 ex
2018 536 2136 586 parte
2169 533 2389 586 promissi:

1360 605 1682 647 commendatur
1711 606 1825 647 enim
1852 591 1971 646 'filius
1995 604 2235 645 nasciturus
2255 603 2299 643 in
2324 603 2394 643 tri-

1361 675 1459 725 bus,
1481 675 1655 727 scilicet,
1679 677 1724 716 in
1745 677 1854 725 vita,
1879 676 2032 728 gratia,
2057 677 2099 716 et
2118 674 2320 716 doctrina.
2344 674 2395 714 Et

1360 748 1548 800 primum
1574 749 1741 801 respicit
1766 751 1929 798 actum3
1965 747 2199 788 secundum
2227 746 2395 800 respicit

1360 819 1569 868 officium3
1600 819 1772 859 tertium
1802 818 1972 871 respicIt
1996 817 2271 859 intellectum.
2301 816 2393 858 Pri-

1362 901 1482 930 mum
1494 890 1550 929 ibi
1567 902 1577 930 ι
1596 891 1697 931 Erit
1713 891 1824 931 enim
1842 900 2023 942 maanus
2037 899 2178 931 coram
2195 889 2391 930 Domino.

1361 959 1603 1001 Secundum
1619 960 1697 1000 ibi:
1722 961 1777 1003 Et
1795 961 1972 1013 Spiritu
1990 964 2135 1001 sancto
2150 959 2392 1011 replebitur.

1361 1030 1549 1072 Tertium
1570 1032 1628 1071 ibi
1659 1032 1722 1084 (v.
1746 1033 1814 1082 16)
1835 1046 1843 1071 :
1868 1032 1921 1073 Et
1940 1031 2090 1073 multos
2118 1030 2308 1081 liliorum
2328 1030 2394 1071 ls-

1361 1102 1471 1153 rael,
1507 1106 1584 1143 etc.
1619 1102 1890 1144 Nasciturum
1920 1102 2052 1154 igitur
2080 1101 2238 1152 filium,
2267 1113 2395 1154 quem

1362 1173 1493 1225 patris
1526 1173 1632 1213 dixit
1664 1185 1753 1214 esse
1789 1173 2020 1225 gaudium,
2058 1172 2245 1226 primum
2277 1184 2396 1212 com-

1364 1245 1534 1285 mendat
1552 1245 1598 1284 in
1617 1245 1721 1295 vita,
1740 1248 1949 1297 quantum
1969 1245 2021 1285 ad
2042 1245 2309 1285 existentiam
2329 1255 2397 1285 ve-

1363 1315 1522 1365 ritatis,
1555 1318 1594 1355 et
1624 1318 1831 1368 quantum
1868 1316 1921 1356 ad
1949 1315 2205 1356 evidentiam
2239 1314 2396 1354 sancti-

1365 1387 1475 1426 tatis.
1494 1386 1770 1427 Existentiam
1786 1386 1974 1426 veritatis
1992 1386 2148 1438 tangit,
2166 1397 2263 1426 cum
2277 1384 2394 1425 dicit:

1364 1458 1461 1499 Erit
1493 1459 1605 1499 enim
1637 1468 1818 1509 maanus
1854 1467 1995 1498 coram
2033 1457 2215 1497 Domino
2242 1467 2255 1495 .·
2292 1455 2400 1494 sicut

1364 1529 1442 1569 Job
1463 1529 1515 1569 ¹²:
1545 1529 1682 1569 «Erat
1713 1528 1779 1567 vir
1806 1528 1874 1567 ille
1906 1538 2093 1578 magnus
2121 1526 2231 1565 inter
2253 1537 2399 1566 omnes

1366 1599 1588 1639 orientales
1608 1614 1616 1638 :
1640 1613 1659 1636 >³
1686 1610 1772 1638 non
1795 1598 1905 1638 inter
1932 1599 2186 1650 peccatores,
2209 1596 2400 1649 quisunt

1366 1671 1516 1722 magni
1551 1671 1596 1711 in
1630 1674 1858 1723 conspectu
1898 1670 2147 1720 hominum,
2189 1669 2261 1709 sed
2292 1669 2401 1709 inter

1362 1745 1523 1795 justos,
1546 1744 1603 1784 ita
1623 1746 1671 1784 ut
1696 1744 1740 1783 in
1767 1745 1860 1796 eJus
1886 1746 1983 1783 ortu
2012 1742 2142 1794 possit
2166 1741 2246 1781 dici
2274 1740 2397 1789 illud,

1366 1815 1479 1867 quod
1493 1815 1669 1855 inferius
1685 1814 1886 1854 scribitur
1900 1816 1927 1838 ¹³
1943 1829 1978 1854 :«
1994 1812 2202 1866 Propheta
2216 1821 2404 1862 magnus

1368 1886 1555 1926 surrexit
1581 1886 1625 1926 in
1651 1886 1792 1937 nobis,
1814 1900 1832 1923 ›)
1858 1888 1936 1925 etc.
1968 1884 2075 1926 Vere
2098 1893 2288 1935 magnus
2305 1893 2402 1934 pro-

1368 1957 1509 2009 pheta,
1531 1957 1646 2009 quia,
1669 1957 1899 1997 secundum
1920 1955 2091 1996 laudem
2111 1952 2339 1995 Salvatoris
2356 1951 2401 2002 ¹¹⁸,

1367 2028 1455 2081 ipse
1473 2031 1562 2068 erat
1576 2044 1595 2067 (‹
1609 2028 1828 2081 propheta,
1849 2031 1889 2068 et
1904 2027 2127 2081 plusquam
2143 2025 2363 2079 propheta,
2379 2037 2398 2061 n

1369 2101 1410 2138 et
1429 2099 1532 2139 adeo
1550 2111 1752 2150 magnuS,
1769 2102 1819 2140 ut
1837 2099 1947 2140 dicat
1965 2098 2122 2139 ibidem
2143 2096 2336 2138 Salvator
2354 2096 2401 2136 ¹⁵:

1376 2183 1394 2207 (‹
1413 2167 1506 2209 Non
1527 2171 1712 2210 surrexit
1733 2171 1870 2222 major
1892 2170 2001 2210 inter
2025 2171 2146 2209 natos
2174 2167 2405 2208 mulierum

1369 2239 1529 2280 Joanne
1555 2240 1762 2292 Baptista,
1792 2254 1811 2277 »
1843 2243 1920 2280 etc.
1953 2239 2218 2281 Evidentiam
2250 2236 2403 2277 sancti-

1370 2311 1465 2351 tatis
1485 2311 1624 2362 tangit
1645 2311 1688 2351 in
1717 2311 1796 2350 hoc
1821 2310 1934 2364 quod
1961 2310 2088 2350 dicit:
2113 2309 2169 2351 Ec
2195 2310 2346 2350 vinum
2368 2312 2406 2350 et

1370 2382 1550 2423 siceram
1575 2391 1662 2423 non
1693 2381 1812 2423 bibet.
1840 2380 1887 2421 In
1914 2393 1999 2433 quo
2029 2380 2280 2431 designatur
2307 2379 2406 2420 vitae
2428 2397 2499 2424 νὴ...
2513 2406 2562 2424 au.

1371 2453 1618 2502 austeritas,
1646 2464 1742 2505 quae
1763 2452 1941 2504 signum
1962 2454 2023 2492 est
2046 2450 2277 2491 sanctitatis
2296 2450 2404 2490 inte-
2435 2439 2560 2507 {ffissssfij’

1371 2523 1515 2574 rioris,
1537 2522 1769 2563 secundum
1791 2521 1896 2562 illud
1917 2521 1944 2543 ¹⁶
1965 2536 1973 2562 :
1999 2536 2018 2560 α
2038 2521 2119 2570 Qui
2145 2523 2288 2561 autem
2308 2523 2408 2561 sunt
2426 2521 2567 2588 ξὶὶῗᾶῇζῐέξ

1372 2593 1544 2644 Christi,
1576 2605 1747 2633 carnem
1777 2604 1898 2632 suam
1919 2592 2245 2643 crucifixerunt,
2282 2605 2302 2628 »
2325 2594 2403 2632 etc.
2427 2610 2529 2637 gnum.

1373 2664 1454 2705 Per
1485 2665 1566 2704 ista
1585 2667 1728 2705 autem
1748 2663 1832 2704 duo
1852 2662 2038 2704 excludit
2063 2674 2233 2702 omnem
2257 2664 2406 2714 potum

1373 2738 1446 2791 qui
1460 2739 1596 2790 potest
1609 2736 1834 2777 inebriare.
1851 2736 1975 2776 Decet
1993 2735 2107 2776 enim
2121 2746 2210 2787 vas,
2229 2734 2407 2775 coelestis

1373 2808 1523 2860 gratiae
1546 2807 1860 2860 mancipatum,
1882 2819 1908 2846 a
1928 2806 2072 2847 saeculi
2091 2805 2297 2846 illecebris
2318 2805 2408 2846 abs-

1373 2880 1522 2920 tinere.
1544 2877 1661 2919 Unde
1683 2877 1836 2918 dicitur
1856 2877 2021 2928 Aaron,
2051 2879 2091 2917 et
2116 2876 2215 2916 filiis
2240 2877 2333 2928 ejus
2349 2877 2376 2901 ¹⁷
2395 2890 2403 2917 :

1380 2949 1601 2998 «Vinum,
1634 2950 1675 2988 et
1711 2960 1837 2989 omne
1868 2947 1980 3000 quod
2011 2946 2220 2987 inebriare
2249 2948 2405 2999 potest,

1373 3032 1460 3061 non
1478 3019 1629 3060 bibetis
1649 3021 1697 3059 tu
1720 3021 1761 3059 et
1784 3016 1860 3058 filii
1889 3017 1973 3067 tui,
2004 3017 2172 3069 quando
2198 3016 2409 3057 intrabitis

1374 3159 1408 3183 11.
1431 3151 1483 3182 30.
1504 3166 1544 3172 —
1564 3150 1587 3171 ¹¹
1608 3149 1699 3181 Psal.
1722 3155 1841 3188 xxxlr,
1864 3150 1893 3179 1.
1915 3164 1954 3170 —
1976 3147 1998 3165 ¹²
2017 3146 2094 3189 Job,
2116 3155 2140 3188 1,
2161 3149 2192 3178 3.
2213 3165 2251 3171 -
2273 3147 2297 3170 ¹³
2316 3146 2405 3189 Lucu,

1375 3205 1435 3238 vn,
1460 3199 1509 3229 16.
1532 3214 1566 3219 —
1591 3196 1613 3215 ¹⁴
1633 3195 1768 3235 Matth„
1788 3203 1837 3235 Χῖ,
1857 3195 1888 3226 9.
1910 3210 1950 3217 -
1973 3194 1998 3216 ²⁵
2022 3194 2120 3236 ibid„
2141 3203 2180 3228 11.
2201 3212 2241 3218 —
2263 3194 2291 3213 ¹⁶
2314 3193 2406 3235 Gal„

1377 3253 1408 3286 v,
1428 3247 1478 3278 24.
1500 3263 1540 3269 —
1564 3245 1590 3266 ¹⁷
1608 3244 1726 3278 Levat..
1746 3252 1785 3285 x-‚
1807 3245 1837 3275 9.

1418 3318 1459 3358 (a)
1482 3315 1664 3355 Caet.,ed2·t.
1684 3313 1837 3346 rationis.
1860 3329 1900 3339 —-
1920 3312 1966 3355 (b)
1987 3314 2067 3346 Item
2084 3314 2291 3356 pronuntiat.
