2634 3853
287 196 364 234 180

284 281 369 321 sint
383 281 599 334 lacrymae,
615 293 702 321 non
718 283 908 320 extortae.
922 278 997 319 Vel
1012 276 1161 325 (Iecluc,
1180 273 1222 314 id
1235 275 1309 322 est,

285 352 484 392 deorsum
510 353 591 393 due
621 353 671 392 ad
704 351 1025 392 mundationem
1048 345 1312 387 couscientia}

284 434 361 474 per
380 423 747 474 compunctionem
762 436 771 470 ;
790 421 901 460 unde
918 420 960 458 in
978 418 1143 459 Psalmo
1160 417 1190 455 ¹:
1209 430 1227 453 α
1240 414 1313 454 La-

285 493 394 533 vabo
421 505 494 545 per
522 492 712 543 singulas
741 494 881 530 noctes
908 490 1087 538 lectum,
1110 501 1128 524 ))
1161 488 1238 526 etc.
1262 483 1315 525 Ut

284 575 372 603 non
401 563 623 603 ascendant
648 573 722 613 per
746 559 1061 600 indevotionem
1089 558 1311 609 lacrymae,

286 633 519 685 lacrymas,
553 632 593 671 id
613 634 695 680 est,
728 631 1004 677 abundanter,
1027 632 1068 669 et
1087 630 1311 675 ferventer,

286 707 410 756 atque
431 704 684 755 impetuose,
707 701 764 742 sic
783 702 897 741 enim
916 701 1047 741 currit
1066 703 1251 749 torrens,
1275 700 1315 737 et

287 777 444 827 quanto
474 773 606 813 currit
629 771 924 824 impetuosius,
947 774 1064 811 tanto
1091 770 1213 810 citius
1239 781 1312 808 ex-

286 845 479 895 siccatur,
512 844 612 897 quia
641 846 798 896 quanto
834 843 1021 894 gemitus
1056 844 1117 881 est
1152 840 1313 888 sortior,

286 918 403 955 tanto
435 915 557 955 citius
590 914 718 955 venia
748 914 1013 966 impetratur.
1036 911 1154 951 Unde
1187 910 1315 961 Ilugo

286 986 337 1026 de
367 986 518 1026 Sancto
552 985 744 1027 Victore:
776 999 795 1022 «
826 983 948 1023 Recte
981 980 1317 1033 compunctionis

285 1057 425 1098 fervor
462 1057 638 1097 torrenti
677 1057 968 1107 comparatum
1010 1052 1110 1104 quia
1159 1053 1316 1103 quanto

286 1129 423 1180 maj0r
451 1128 517 1167 vis
549 1127 703 1167 doloris
733 1127 778 1165 in
810 1124 1136 1177 compunctione
1167 1122 1313 1172 fuerit,

285 1201 401 1238 tanto
442 1198 563 1237 citius
600 1196 745 1237 divina
787 1195 1070 1235 consolatione
1112 1205 1314 1245 superve-

283 1268 425 1308 niente
453 1268 691 1320 pertransit.
718 1281 736 1304 ))
763 1267 944 1308 Torrens
964 1266 1112 1313 etiam,
1135 1264 1235 1316 quia
1257 1267 1319 1303 est

286 1350 397 1390 aqua
414 1337 550 1378 fluens
564 1370 574 1388 ,
596 1338 825 1389 significat,
849 1336 962 1389 quod
992 1336 1194 1387 lacrymae
1217 1335 1319 1372 sunt

285 1411 453 1448 tantum
482 1408 702 1461 praesentis
730 1407 933 1460 temporis
961 1407 975 1428 2
1002 1421 1009 1445 :
1040 1421 1058 1443 (ι
1091 1405 1320 1455 Absterget

286 1478 395 1520 Deus
415 1491 585 1519 omnem
606 1479 854 1531 lacrymam.
877 1492 895 1515 »
929 1478 1000 1519 Per
1022 1476 1136 1518 diem
1160 1479 1198 1517 ct
1216 1486 1319 1517 noc-

288 1556 391 1601 tem,
413 1551 455 1592 id
475 1554 538 1591 est
557 1551 780 1591 continue:
803 1550 871 1591 vel
887 1560 963 1601 per
987 1549 1121 1598 diem,
1149 1550 1320 1599 propter

285 1625 505 1674 peccantes
520 1622 564 1660 in
578 1621 871 1673 prosperitate:
895 1623 930 1661 et
949 1622 1124 1667 noctem,
1150 1618 1321 1669 propter

287 1695 506 1745 peccantes
537 1704 590 1732 ex
618 1691 884 1732 adversitate.
918 1689 992 1730 Vel
1025 1701 1099 1741 per
1132 1687 1244 1729 diem
1282 1689 1322 1726 et

287 1765 469 1812 noctem,
509 1761 665 1802 diversi
699 1763 832 1800 status
866 1759 1170 1810 intelliguntur
1204 1769 1319 1798 com—

287 1833 530 1885 punctionis
553 1846 562 1872 :
585 1832 723 1884 primo
744 1831 859 1871 enim
882 1830 1011 1870 afficit
1039 1832 1320 1870 mentemve-

288 1904 464 1944 hemens
478 1892 652 1944 taedium
674 1902 957 1943 detestationis
971 1901 1129 1954 peccati
1143 1915 1152 1950 ;
1170 1899 1323 1940 deinde

290 1976 500 2028 gaudium
535 1976 778 2016 immissum
824 1974 1100 2015 remissionis.
1144 1973 1323 2013 Sanctus

290 2046 554 2088 Bernardus:
577 2061 596 2085 <‹
621 2046 651 2086 Ο
671 2047 783 2086 bone
809 2045 905 2086 Jnsu
916 2076 928 2096 ,
951 2045 986 2084 si
1013 2046 1102 2083 tam
1122 2042 1243 2083 dulce
1263 2045 1324 2082 est

291 2118 392 2158 flere
414 2118 464 2157 de
483 2120 538 2167 te,
559 2129 690 2170 quam
711 2116 832 2157 dulce
853 2119 913 2156 est
933 2115 1120 2167 gaudere
1138 2114 1188 2154 de
1208 2115 1278 2153 te?
1299 2128 1318 2151 ›>

292 2187 373 2228 Per
399 2191 565 2228 noctem
594 2188 804 2240 lacrymas
824 2186 1010 2236 deducit,
1034 2185 1108 2238 qui
1131 2185 1325 2225 moeroris

292 2259 472 2299 taedium
502 2258 779 2310 lacrymando
814 2259 1054 2308 aggravat3
1100 2268 1174 2307 per
1212 2255 1325 2295 diem

291 2330 500 2383 lacrymas
513 2329 695 2378 deducit,
708 2329 783 2381 qui
795 2331 889 2381 post
902 2327 1171 2368 devotionem
1185 2326 1326 2366 laetam

293 2402 479 2441 animam
505 2401 551 2441 in
579 2412 763 2441 moerore
795 2402 947 2440 servat.
979 2398 1065 2438 Hoc
1088 2397 1242 2437 idcirco
1262 2397 1324 2437 di-

294 2471 424 2523 citur,
447 2472 547 2525 quia
566 2474 665 2512 sunt
681 2470 889 2520 nonnulli,
907 2470 982 2522 qui
1005 2471 1099 2522 post
1118 2468 1327 2520 lacrymas

293 2554 369 2596 per
399 2543 572 2583 inanem
598 2542 789 2582 laetitiam
815 2554 859 2581 se
888 2539 1145 2589 dissolvunt;
1170 2542 1209 2579 et
1229 2538 1329 2591 quia

297 2624 368 2652 cor
397 2625 524 2653 suum
554 2613 598 2652 in
624 2624 806 2653 moerore
838 2613 1158 2663 perseveranter
1186 2612 1330 2649 tenere

298 2683 542 2735 negligunt,
565 2682 773 2735 quidquid
790 2679 1125 2732 compunctionis
1141 2682 1331 2730 tempore

300 2753 353 2793 ad
373 2765 443 2794 eos
468 2753 721 2806 pertinuisse
745 2754 928 2805 poterat,
957 2751 1152 2803 perdunt.
1176 2750 1330 2791 Idcirco

300 2823 423 2865 valde
456 2823 743 2864 necessarium
775 2825 860 2871 est,
894 2824 942 2862 ut
968 2824 1193 2874 postquam
1223 2833 1334 2861 com-

301 2894 542 2947 punctionis
570 2894 708 2945 gratia
728 2896 916 2933 mentem
940 2904 964 2932 a
986 2892 1108 2932 sorde
1127 2892 1329 2941 erexerit,

303 2964 475 3005 sollicite
491 2966 710 3014 caveatur,
734 2976 787 3004 ne
806 2963 1078 3015 postmodum
1099 2962 1192 3003 haec
1210 2962 1330 3002 honi-

303 3038 367 3075 tas
395 3047 469 3087 per
497 3033 819 3074 immoderatam
847 3033 1037 3073 laetitiam
1057 3033 1329 3084 dissolvatur,

305 3117 353 3145 ac
373 3117 427 3145 ne
448 3116 639 3156 unquam
661 3116 755 3143 eam
774 3104 949 3156 praestiti
978 3103 1173 3143 moeroris
1193 3106 1332 3143 custo-

306 3175 376 3216 dia
397 3174 673 3226 derelinquat.
699 3173 924 3225 Sequitur:
948 3173 1041 3214 Non
1060 3173 1133 3214 des
1150 3175 1335 3225 requiem

308 3246 400 3295 tibi,
423 3247 468 3286 in
486 3246 589 3286 fletu
609 3245 813 3298 paulatim
832 3245 1079 3297 tepescendo
1097 3259 1106 3292 ;
1130 3246 1333 3296 requiem,

307 3317 461 3371 inquit,
483 3316 678 3357 moeroris
702 3316 1008 3364 enervativam,
1037 3314 1104 3354 vel
1124 3314 1335 3367 interrup-

308 3389 465 3431 tivam:
483 3387 552 3430 vel
569 3387 615 3427 in
633 3386 714 3426 hoc
733 3385 918 3436 corporis
938 3384 1106 3424 afflictio
1125 3384 1335 3426 innuitur.

354 3471 365 3493 ¹
385 3469 480 3501 Psal.
500 3477 547 3507 vt,
568 3471 600 3499 Ἰ.
620 3484 661 3492 ·-
681 3468 692 3486 ²
709 3468 821 3507 Apoc„
844 3473 915 3505 ml,
939 3467 968 3496 4.
991 3482 1031 3488 —
1050 3465 1063 3487 ³
1082 3465 1168 3497 Psal.
1190 3474 1338 3506 xxxmn,

632 190 907 233 EXPOSITIO
940 189 993 229 IN
1029 182 1468 229 LAMENTATlONES
1498 183 1737 225 JEREMIAE
1768 182 2077 226 PROPHETAE.

1389 271 1469 313 Sed
1499 285 1574 325 pro
1601 271 1724 312 tertio
1752 272 1967 323 sequitur:
2002 273 2058 315 Ec
2081 283 2168 314 ‘non
2197 274 2350 322 taceat,
2373 270 2416 312 id

1386 346 1461 393 est,
1478 356 1700 396 nunquam
1717 345 1847 383 cesset
1865 343 2105 395 lacrymari,
2123 344 2291 395 pupilla
2305 341 2417 384 oculi

1387 416 1476 455 lui:
1505 415 1704 467 lacrymae
1733 415 1847 454 enim
1873 413 2083 453 continuae
2111 413 2346 465 loquuntur
2373 413 2417 452 in

1387 485 1564 525 auribus
1593 484 1683 534 Dei3
1716 484 1828 524 unde
1855 484 1898 522 in
1931 483 2094 524 Psalmo
2115 485 2155 522 ⁸:
2187 497 2206 520 «
2232 484 2419 524 Auribus

1386 555 1556 606 percipe
1579 555 1789 606 lacrymas
1809 565 1939 593 meas.
1972 567 1990 590 >³
2017 552 2171 602 Quasi,
2194 553 2272 592 etsi
2288 555 2421 593 taceat

1386 625 1558 677 lingua,
1579 638 1667 666 non
1686 629 1820 666 taceat
1851 624 2030 677 pupilla,
2054 636 2106 664 ex
2140 636 2224 676 qua
2251 626 2314 664 est
2338 623 2421 663 im-

1388 698 1578 749 petrandi
1602 698 1797 738 efficacia.
1821 697 1871 738 Et
1891 697 1972 736 hoc
1991 696 2043 736 ad
2061 696 2245 736 litteram
2268 693 2422 734 intelli-

1391 769 1507 819 gitur
1542 770 1592 809 de
1627 781 1784 821 magna
1819 767 2027 808 effusione
2056 766 2346 818 lacrymarum
2377 764 2422 804 in

1388 840 1568 892 pupilla,
1590 843 1638 881 ut
1658 841 1760 881 dum
1780 840 1822 880 id
1853 839 1962 891 quod
1990 841 2186 878 tenerum
2207 838 2290 887 est,
2314 835 2421 875 asssi-

1389 911 1520 962 gitur,
1544 911 1667 951 citius
1688 911 1740 951 ad
1760 909 2094 950 misericordiam
2121 908 2254 960 pietas
2274 905 2425 959 judicis

1390 980 1724 1021 inssectatur.Vel
1739 980 1899 1033 pupilla
1920 980 2072 1020 intima
2087 978 2254 1019 devotio
2270 977 2425 1017 mentis

1390 1051 1654 1102 intelligitur,
1674 1050 1748 1090 Vel
1773 1050 2019 1102 allegorice,
2043 1049 2201 1102 pupilla
2232 1047 2426 1088 Ecclesiae

1390 1121 1473 1161 viri
1505 1121 1636 1161 sancti
1667 1124 1707 1161 et
1732 1120 1973 1173 spirituales
1997 1119 2311 1170 intelliguntur.
2346 1116 2424 1158 Sed

1392 1194 1552 1243 contra,
1567 1192 1734 1232 videtur
1744 1191 1973 1244 praecipere
1985 1189 2265 1242 impossibile:
2283 1187 2428 1228 nullus

1392 1263 1507 1302 enim
1542 1265 1677 1314 potest
1703 1262 1904 1302 continue
1936 1260 2143 1313 pupillam
2173 1259 2424 1310 astringere.

1394 1333 1638 1385 Respondeo
1660 1345 1670 1372 ε
1713 1332 1818 1372 Illud
1861 1332 2137 1383 intelligitur,
2180 1331 2287 1370 sicut
2323 1330 2427 1370 illud

1393 1403 1581 1456 Apostoli
1603 1407 1616 1427 ⁶
1645 1415 1654 1443 :
1678 1417 1697 1441 «
1726 1402 1824 1442 Sine
1850 1402 2162 1442 intermissione
2182 1404 2322 1450 orate;
2346 1415 2364 1438 »
2390 1403 2431 1440 et

1374 1476 1495 1534 ,illud
1529 1475 1695 1515 Domini
1714 1476 1753 1515 ²⁵:
1781 1475 1991 1527 «Oportet
2023 1486 2189 1526 semper
2218 1485 2360 1523 orare,
2391 1475 2431 1512 et

1394 1559 1483 1587 non
1502 1546 1693 1586 deficere.
1715 1560 1733 1583 >)
1760 1546 1847 1585 Hoc
1868 1545 1980 1585 enim
2005 1548 2068 1585 est
2094 1536 2259 1596 semper
2280 1545 2321 1583 et
2340 1543 2430 1582 sine

1395 1618 1729 1667 intermissione,
1760 1616 1878 1656 nulla
1917 1615 2024 1655 hora
2048 1614 2284 1654 orationem
2315 1612 2430 1653 debi-

1396 1690 1484 1728 tam
1504 1688 1827 1740 praetermittere
1846 1701 1855 1726 t
1879 1689 1918 1726 et
1939 1686 2020 1726 hoc
2039 1685 2232 1725 similiter
2252 1687 2315 1725 est
2334 1695 2429 1724 con—

1396 1758 1515 1798 tinue
1535 1758 1715 1810 plorare.
1737 1757 1871 1797 Aliter
1890 1756 2133 1809 responderi
2150 1757 2286 1808 potest
2303 1770 2311 1796 :
2331 1755 2430 1807 quia

1398 1841 1525 1882 super
1544 1829 1676 1869 illud:
1700 1828 1795 1871 Νοη
1823 1828 1896 1870 des
1909 1828 2118 1881 requiem,
2142 1829 2236 1878 etc„
2261 1826 2430 1867 Glossa:

1405 1915 1424 1937 α
1437 1900 1610 1940 Modum
1623 1898 1887 1952 lacrymandi
1901 1901 2110 1951 temperat
2133 1910 2141 1936 :
2159 1898 2259 1950 quia
2279 1897 2435 1937 scilicet

1399 1970 1521 2011 dicit:
1544 1970 1638 2011 Non
1655 1973 1743 2010 tam
1764 1970 1973 2022 lacrymas
1993 1969 2170 2022 impero,
2193 1980 2324 2020 quam
2340 1979 2435 2009 con-

1400 2040 1565 2080 tinuam
1584 2040 1854 2081 devotionem
1873 2040 2060 2092 impono.
2078 2054 2097 2077 »

1458 2111 1586 2162 Caph.
1601 2111 1826 2162 Consurqe,
1846 2112 1922 2150 etc.
1944 2109 2019 2149 Hic
2038 2110 2222 2150 secundo
2241 2110 2435 2151 hortatur

1402 2183 1454 2224 ad
1474 2182 1715 2224 veneranda
1732 2182 1877 2223 divina
1891 2181 2065 2234 Judicia.
2083 2181 2294 2234 Consurye
2312 2181 2437 2222 corde

1403 2257 1444 2294 et
1462 2266 1587 2306 opere
1611 2268 1621 2303 3
1642 2263 1870 2305 consurge,
1893 2252 2022 2292 simul
2043 2264 2141 2292 cum
2169 2252 2260 2292 aliis
2279 2264 2433 2304 surge3

1405 2325 1551 2376 lauda,
1573 2325 1718 2367 divina
1736 2325 1917 2374 judicia3
1941 2325 1990 2366 in
2004 2328 2142 2376 nocte,
2164 2325 2207 2365 id
2225 2328 2286 2366 est
2305 2325 2350 2364 in
2368 2325 2439 2365 ad-

1403 2396 1626 2445 versitate,
1662 2408 1749 2436 non
1780 2395 1919 2435 solum
1948 2396 2056 2435 sicut
2081 2395 2171 2446 ille,
2203 2396 2253 2436 de
2282 2407 2366 2448 quo
2395 2395 2439 2435 in

1405 2466 1575 2509 Psalmo
1595 2471 1608 2492 ⁶
1632 2479 1646 2507 :
1684 2481 1702 2503 «
1724 2465 1998 2506 Confitebitur
2017 2465 2116 2516 tibi,
2144 2478 2243 2506 cum
2270 2467 2438 2506 benefe-

1405 2538 1512 2578 ceris
1530 2538 1586 2587 ei;
1610 2552 1629 2575 >)
1648 2536 1720 2577 sed
1741 2536 1848 2576 sicut
1868 2536 2069 2577 dicitur⁷z
2094 2551 2113 2574 (ι
2132 2535 2211 2576 Ubi
2231 2540 2293 2577 est
2313 2537 2437 2587 Deus,

1406 2609 1481 2661 qui
1512 2608 1609 2648 fecit
1629 2619 1720 2656 me;
1752 2607 1826 2659 qui
1856 2607 1969 2647 dedit
1994 2607 2183 2647 carmina
2214 2607 2259 2647 in
2285 2609 2439 2648 nocte?

1407 2681 1461 2720 In
1477 2678 1697 2731 principio
1727 2677 2005 2729 viqilz'arum:
2028 2676 2218 2726 Quatuor
2243 2681 2362 2717 erant
2382 2678 2441 2719 vi-

1410 2749 1526 2801 giliae
1548 2761 1558 2789 ε
1580 2749 1718 2801 prima
1741 2748 1893 2788 dicitur
1913 2749 2211 2789 conticinium:
2240 2749 2438 2800 secunda,

1408 2819 1734 2871 intempestum;
1762 2818 1911 2869 tertia,
1945 2818 2046 2870 galli
2078 2821 2243 2870 cantus;
2275 2821 2440 2871 quarta,

1411 2889 1710 2930 antelucanum
1731 2902 1741 2928 z
1765 2901 1949 2941 quarum
1977 2888 2178 2941 quaelihet
2203 2889 2332 2930 habet
2360 2892 2444 2929 tres

1411 2960 1537 3000 horas
1561 2974 1569 3000 :
1598 2960 1641 2999 in
1659 2959 1797 3012 prima
1819 2960 2008 3000 solebant
2027 2960 2206 3011 vigilare
2228 2959 2349 3011 pueri
2365 2974 2376 3009 ;
2400 2961 2445 3000 in

1412 3030 1597 3070 secunda
1624 3030 1931 3080 adolescentes;
1960 3031 2006 3070 in
2024 3030 2146 3070 tertia
2167 3031 2370 3082 juvenes3
2393 3031 2444 3082 ,in

1412 3102 1564 3152 quarta
1583 3111 1717 3140 senes.
1741 3098 1789 3138 In
1814 3099 2020 3151 principio
2043 3098 2179 3150 igitur
2204 3099 2356 3140 harum
2376 3101 2442 3141 vi·

1416 3172 1617 3223 giliarum
1648 3182 1930 3222 consurgere,
1965 3171 2025 3210 est
2062 3170 2107 3209 in
2139 3169 2341 3223 lacrymis
2372 3183 2445 3224 per

1415 3247 1582 3282 noctem
1602 3241 1678 3281 ire.
1700 3240 1926 3291 Moraliter,
1954 3240 2000 3279 in
2027 3239 2234 3293 principio
2263 3241 2446 3292 vigilare

1416 3314 1480 3353 est
1493 3324 1518 3352 a
1533 3311 1717 3364 pueritia
1729 3310 1897 3352 virtutis
1911 3310 2048 3350 studio
2064 3309 2275 3352 inhaerere
2286 3325 2295 3351 :
2306 3312 2320 3334 ⁸
2335 3325 2355 3350 «
2365 3309 2446 3359 Qui

1420 3420 1469 3451 Π,
1491 3434 1530 3440 -
1551 3417 1565 3438 ⁶
1585 3417 1594 3447 1
1617 3416 1738 3455 leess.,
1759 3423 1790 3456 v,
1813 3416 1863 3447 17.
1884 3433 1924 3439 --
1945 3415 1960 3437 ⁵
1977 3415 2066 3454 Luc..
2087 3423 2188 3457 xvm,
2210 3419 2240 3448 1.
2264 3433 2299 3439 —
2326 3415 2340 3437 θ
2355 3415 2446 3448 Psal.

1418 3472 1546 3504 xnvm,
1567 3467 1617 3496 19.
1637 3481 1672 3486 -
1696 3464 1705 3483 ⁷
1725 3462 1796 3504 Job,
1817 3471 1919 3503 xxxv,
1945 3465 1996 3495 10.
2016 3480 2057 3487 —
2079 3463 2094 3486 ⁸
2115 3464 2227 3504 Prov.,
2247 3471 2324 3505 vm,
2344 3464 2395 3496 17.
