2587 3845
292 144 342 182 96
896 145 1171 187 EXPOSITIO
1202 143 1253 185 IN
1283 142 1482 185 LIBRUM
1512 145 1824 188 SAPIENTIAE.

290 230 515 273 subvenire
536 232 594 273 eis
615 245 700 275 non
721 238 907 287 possunt.
928 235 1046 276 Hanc
1065 237 1206 275 autem
1229 233 1313 273 im-

289 302 517 352 potentiam
535 305 715 346 ostendit
731 318 820 346 esse
844 305 1128 346 detestandam
1147 319 1155 344 z
1178 304 1316 357 primo

289 381 342 410 ex
361 371 586 423 fragilitate
607 375 704 415 idoli
727 388 811 416 non
835 375 1032 424 valentis;
1058 375 1241 414 secundo
1262 386 1315 414 ex

288 439 359 480 Dei
380 444 565 494 potentia
585 446 710 485 etiam
743 447 831 486 sine
861 457 969 485 nave
998 444 1228 484 salvantis:
1257 444 1317 486 Tu

289 516 453 561 autem,
472 517 566 563 etc.;
590 516 711 555 tertio
731 527 784 555 ex
805 515 985 556 utilitate
1007 515 1139 567 ipsius
1159 515 1280 555 navis
1305 530 1312 555 :

290 581 377 623 Sed
410 588 455 625 ut
493 595 578 626 non
608 589 766 636 essent,
797 588 903 635 etc.;
933 589 1084 638 quarto
1120 586 1315 638 exemplo

288 663 395 692 arcae
426 652 512 693 Noe
546 666 685 704 genus
726 656 967 697 humanum
992 657 1310 698 conservantis:

288 721 376 762 Sed
398 726 434 764 et
454 724 504 764 ab
522 725 674 776 inicio,
696 730 774 768 etc.

339 793 443 833 Dicit
457 806 563 847 ergo
583 811 590 836 :
612 798 768 839 lterum
789 799 918 848 alitis,
936 802 1031 849 etc.⁷
1052 800 1170 851 quasi
1186 799 1312 839 dicat:

286 860 377 903 Non
398 864 535 905 solum
555 866 764 909 inutiliter
782 872 932 921 petunt
944 870 1139 910 homines
1159 870 1212 910 ab
1231 870 1314 911 ido-

285 931 336 973 lis
356 934 617 987 adjutorium
639 938 682 978 in
704 942 837 989 terra;
857 940 928 982 sed
949 941 1101 982 iterum
1123 941 1167 980 in
1187 954 1313 994 aqua,

285 1004 386 1055 quia
403 1005 531 1058 alius,
548 1008 703 1049 scilicet
722 1009 866 1060 homo,
883 1012 1089 1063 naviqare
1104 1013 1313 1064 capitam,

285 1075 441 1116 scilicet
461 1079 687 1130 preposite,
711 1085 751 1122 ec
770 1091 845 1132 per
860 1082 969 1131 seros
993 1081 1164 1132 flaccus,
1182 1082 1312 1131 idest,

284 1146 539 1197 periculosos
563 1163 572 1188 2
596 1150 707 1189 unde
738 1151 781 1190 in
804 1151 970 1192 Psalmo
991 1152 1000 1173 ¹
1027 1166 1035 1192 :
1063 1166 1081 1189 ι(
1105 1151 1316 1193 Mirabiles

283 1216 483 1258 elationes
516 1219 672 1269 maris3
697 1235 715 1257 »
741 1220 844 1261 item
864 1222 877 1243 ²
905 1236 913 1262 :
946 1237 965 1260 (ι
995 1221 1075 1271 Qui
1108 1223 1317 1275 navigant

283 1298 421 1338 mare,
446 1293 646 1330 enarrent
670 1291 855 1343 pericula
885 1293 994 1344 ejus.
1023 1307 1042 1330 n
1069 1294 1157 1336 Iter
1183 1295 1317 1345 facere

284 1358 494 1410 incipiens
516 1392 526 1410 ,
568 1361 723 1402 scilicet
771 1363 975 1414 propositi
1021 1365 1269 1406 executione
1303 1380 1312 1406 t

282 1429 418 1482 Ligno
441 1434 634 1482 portante
657 1443 699 1474 se
722 1465 731 1482 ,
767 1433 971 1487 fraqz'lius
999 1435 1164 1487 liqnum
1193 1437 1316 1478 invo-

282 1505 363 1542 cai.
397 1501 597 1553 Invocat,
622 1503 777 1544 scilicet
805 1504 849 1544 in
872 1505 1101 1557 auxilium,
1125 1507 1312 1559 lignum,

283 1571 436 1612 scilicet
463 1573 645 1625 idolum,
671 1575 877 1627 fragilius
897 1576 1010 1628 liqna
1038 1581 1233 1628 portante
1255 1588 1313 1627 se,

283 1641 324 1681 id
346 1645 406 1682 est
425 1643 540 1684 navi.

336 1716 374 1752 Ξ.
399 1713 512 1755 Illud
527 1715 663 1764 enim,
681 1715 835 1757 scilicet
855 1718 1025 1769 lignum
1046 1718 1166 1769 idoli,
1190 1721 1316 1771 cupi-

285 1782 401 1824 ditas
430 1784 684 1837 acquirendi
713 1789 976 1840 eoecoqitavii
998 1803 1006 1828 :
1032 1788 1144 1829 unde
1163 1789 1316 1830 dieitur

283 1854 461 1894 avaritia
477 1854 490 1875 ³
515 1855 766 1897 «idolorum
796 1859 992 1900 servitus.
1015 1874 1034 1896 »
1059 1860 1121 1902 Et
1155 1861 1317 1912 artifex

284 1925 505 1977 sapientia
517 1926 751 1977 fabricavit
771 1939 850 1970 sua
867 1940 881 1969 .·
898 1940 998 1980 sua,
1020 1930 1173 1982 inquit,
1193 1931 1316 1983 quasi

285 1995 395 2036 dicat
418 2011 425 2036 :
448 1996 540 2037 Non
560 1997 704 2038 divina
724 1999 737 2019 ⁶
752 2029 764 2048 ,
794 1999 902 2040 «sed
933 2004 1124 2051 terrena,
1147 2002 1316 2042 anima-

286 2065 358 2115 lis,
390 2066 607 2108 diabolica.
636 2068 650 2089 ⁵
685 2083 704 2106 «
727 2068 936 2110 Abierunt
957 2071 1000 2111 in
1025 2072 1315 2113 confusionem

285 2136 555 2178 fabricatores
589 2151 799 2180 errorum.
832 2155 850 2178 »
878 2140 928 2182 Et
956 2141 1033 2182 Job
1051 2141 1064 2163 ⁶
1089 2157 1097 2182 :
1128 2158 1146 2182 «
1166 2142 1314 2184 Osten-

287 2207 390 2248 dens
423 2221 499 2250 vos
531 2210 801 2252 fabricatores
836 2212 1057 2253 mendacii.
1087 2227 1106 2251 »
1138 2213 1314 2254 Glossa:

294 2293 312 2315 «
332 2278 436 2319 Cum
465 2281 602 2333 major
631 2281 684 2321 sit
708 2281 782 2334 qui
807 2282 923 2333 fecit,
947 2295 1077 2335 quam
1106 2285 1220 2336 quod
1240 2285 1313 2335 fit,

287 2350 493 2391 facturam
514 2363 637 2392 suam
658 2352 834 2393 adorare
859 2353 1047 2394 insanire
1067 2357 1142 2395 est.
1166 2370 1185 2392 >³

343 2424 381 2461 3.
410 2422 499 2464 Tua
519 2427 676 2473 autem,
696 2428 820 2476 pater
840 2438 855 2465 .·
873 2425 993 2477 quasi
1013 2425 1123 2466 dicat
1145 2438 1154 2466 :
1177 2426 1238 2467 lta
1256 2427 1316 2468 in-

287 2496 441 2534 vocant
460 2494 519 2533 illi
539 2494 701 2535 idolum
719 2495 762 2535 in
785 2495 996 2548 regimine
1016 2496 1194 2537 itineris.
1224 2499 1312 2539 Au-

287 2571 385 2618 tem,
395 2580 471 2620 pro
479 2568 566 2610 sed.
577 2569 681 2620 Tua,
691 2572 824 2622 pater,
838 2571 1046 2611 creatione
1060 2570 1088 2611 :⁷
1097 2570 1175 2611 «Et
1185 2583 1312 2621 nunc,

286 2636 477 2688 Domine,
501 2640 618 2690 pater
638 2642 780 2680 noster
801 2652 844 2679 es
864 2642 932 2691 tu,
958 2653 1034 2681 nos
1057 2641 1108 2693 (a)
1126 2653 1226 2682 vero
1245 2641 1310 2682 lu-

284 2706 401 2754 tum,
417 2720 436 2742 »
454 2707 533 2746 etc.
555 2705 660 2746 Item
676 2707 1056 2758 provisione‚11nde
1075 2712 1088 2733 ⁸
1112 2722 1120 2748 :
1151 2723 1170 2746 «
1191 2708 1315 2750 Pater

284 2778 440 2826 noster,
462 2777 539 2816 etc.
556 2808 565 2826 ‚
589 2788 742 2828 panem
773 2780 989 2828 nostrum,
1012 2793 1030 2816 ))
1055 2781 1133 2820 etc.
1159 2779 1311 2822 Guber-

283 2856 390 2896 nas,
416 2847 561 2887 omnia
588 2848 768 2897 scilicet,
788 2849 1094 2901 providentia,
1126 2863 1224 2904 quae
1254 2864 1314 2893 se-

284 2916 474 2957 cundum
493 2917 801 2959 Damascenum
818 2923 831 2944 ⁹
852 2922 913 2960 est
935 2933 1037 2961 cura
1058 2921 1127 2962 Dei
1147 2923 1198 2963 ad
1213 2935 1281 2963 res
1298 2936 1308 2964 :

284 2988 335 3028 de
353 2999 438 3039 qua
455 2987 599 3029 Judith
615 2990 643 3014 ¹⁰
666 3003 706 3029 z«
725 2989 887 3031 Judicia
908 2994 982 3032 tua
1001 2992 1046 3032 in
1072 2996 1146 3034 tua
1166 2994 1310 3046 provi-

283 3058 426 3099 dentia
458 3060 688 3110 posuisti.»
714 3059 778 3101 Ex
809 3061 926 3102 dictis
957 3066 1098 3115 patet,
1122 3065 1236 3117 quod
1267 3065 1310 3105 in

284 3128 367 3170 Deo
399 3128 506 3169 nihil
535 3130 679 3181 agitur
710 3143 735 3170 a
767 3143 867 3172 casu
886 3134 927 3172 et
958 3133 1151 3184 fortuna3
1175 3135 1275 3187 quia
1298 3168 1307 3186 ,

283 3200 390 3240 sicut
418 3199 515 3240 dicit
536 3198 654 3239 Plato
676 3200 718 3248 ¹¹,
746 3215 765 3237 «
785 3201 889 3242 nihil
920 3206 1003 3254 est,
1026 3206 1150 3257 cujus
1169 3208 1311 3246 ortum

325 3283 335 3304 ¹
355 3281 445 3313 Psal.
470 3289 557 3321 xcu,
580 3283 611 3312 4.
636 3298 677 3304 --
701 3282 714 3303 ²
735 3281 854 3321 Ecclz'„
879 3291 987 3325 mn,
1011 3288 1063 3318 26.
1087 3304 1127 3310 —
1147 3287 1158 3305 ³
1178 3287 1312 3328 Epizes„

283 3337 316 3369 v,
337 3330 370 3360 5.
388 3346 430 3352 -
456 3329 470 3351 ὅ
496 3330 583 3368 lac„
613 3336 672 3367 111,
699 3330 729 3359 5.
756 3345 796 3351 —
821 3329 834 3350 ⁸
859 3330 935 3370 Im„
963 3340 1042 3371 XLV,
1064 3334 1112 3365 16·
1135 3349 1176 3356 -
1202 3334 1213 3352 ⁶
1238 3334 1312 3375 lob,

285 3383 371 3416 xiii,
397 3378 428 3408 4.
454 3393 495 3399 —
525 3376 539 3398 '¹
563 3376 642 3413 Isa„
669 3383 764 3416 Lim,
788 3377 819 3408 8.
842 3394 877 3400 -
907 3379 918 3396 ⁸
942 3379 1079 3420 Matth„
1108 3388 1160 3421 v1‚
1192 3384 1241 3412 ll.
1271 3398 1312 3405 —

285 3423 292 3441 ²
315 3424 465 3464 Damas„
481 3423 520 3454 de
538 3422 614 3455 Fid.
637 3421 787 3461 Orikod„
806 3423 863 3457 lib.
885 3426 927 3466 ll,
949 3434 978 3458 c.
999 3434 1048 3458 1x.
1075 3443 1114 3450 —
1134 3429 1160 3449 ¹⁰
1177 3428 1312 3467 Juditle,

1393 245 1479 274 non
1500 235 1760 287 praecesserit
1793 234 1985 286 legitima
2004 246 2143 275 causa,
2165 250 2184 272 »
2212 234 2419 275 Mundum

1392 316 1494 345 vero
1521 304 1805 346 administrari
1836 304 2119 357 providentia,
2142 305 2292 357 probat.
2312 303 2418 344 Tul—

1392 374 1476 415 lius
1491 376 1517 396 ¹²
1533 375 1591 414 sic
1611 387 1651 415 z«
1671 375 1819 415 Melius
1839 375 2202 425 administrantur,
2221 386 2318 426 quae
2334 375 2420 414 fue-

1392 445 1477 485 rint
1497 458 1522 485 a
1542 445 1805 498 providentia
1819 476 1828 494 ‚
1851 456 1980 497 quam
1997 456 2097 496 quae
2116 456 2140 483 a
2161 456 2261 484 casu
2280 458 2287 484 :
2307 458 2325 482 »
2351 443 2422 483 sed

1394 515 1581 555 mundus
1612 516 1769 568 optime
1798 514 2118 554 administratur
2147 526 2157 554 ε
2191 524 2318 564 ergo,
2341 516 2418 553 etc.

1397 586 1624 637 Quoniam,
1640 589 1735 636 etc,
1757 586 1877 639 quasi
1899 585 2007 625 dicat
2026 598 2034 623 :
2060 584 2146 625 Hoc
2168 586 2294 636 patet,
2308 583 2422 635 quod

1393 656 1536 696 omnia
1568 656 1834 709 providentia
1858 655 2073 707 gubernas
2088 667 2100 705 3
2127 655 2331 706 quoniam
2354 654 2424 695 de-

1393 726 1515 778 disti,
1538 727 1692 768 scilicet
1710 727 1806 767 filiis
1825 726 1964 776 lsrael,
1985 726 2158 767 inmari
2172 727 2305 774 viam,
2326 726 2425 766 edu-

1393 799 1523 839 cendo
1543 811 1614 839 eos
1634 798 1683 839 de
1706 798 1892 851 AEgypto
1915 809 1987 850 per
2009 796 2196 838 medium
2220 797 2317 837 sicci
2339 809 2425 837 ma-

1392 869 1450 909 ris
1467 884 1476 919 ;
1500 873 1539 912 ct
1554 871 1667 911 inter
1684 870 1858 921 fluctus,
1889 869 2042 909 scilicet
2061 867 2182 909 ssuvii
2201 867 2394 908 Jordanis
2411 901 2420 918 ⁷

1392 941 1584 983 semitam
1605 941 1916 991 firmissimam,
1941 943 1989 979 ut
2008 941 2121 992 patet
2143 938 2187 978 in
2207 938 2344 980 Josue.
2369 939 2425 979 De

1393 1013 1576 1063 utroque
1596 1011 1749 1051 dicitur
1773 1011 1817 1050 in
1839 1010 2006 1051 Psalmo
2025 1011 2057 1034 ¹³
2081 1024 2089 1050 ε
2121 1025 2139 1049 α
2159 1010 2206 1050 In
2228 1011 2336 1051 mari
2356 1010 2425 1051 via

1393 1083 1485 1131 tua,
1510 1083 1551 1120 et
1576 1081 1737 1121 semitae
1757 1083 1844 1120 tuae
1874 1080 1918 1119 in
1938 1081 2059 1132 aquis
2080 1081 2240 1121 multis.
2263 1095 2281 1119 n
2308 1080 2422 1121 Glos-

1393 1163 1438 1191 sa
1461 1162 1470 1189 :
1503 1167 1520 1188 «
1542 1150 1751 1191 israelitas
1766 1163 1841 1203 per
1859 1150 1973 1191 Mare
1993 1150 2188 1192 Rubrum
2208 1151 2316 1192 sicco
2336 1164 2426 1193 ves-

1392 1221 1498 1273 tigio
1520 1221 1762 1261 transduxit
1784 1221 1928 1261 divina
1950 1221 2150 1275 potentia,
2173 1224 2213 1263 et
2231 1221 2425 1263 Jordanis

1393 1304 1526 1345 aquas
1544 1292 1700 1334 divisit.
1725 1307 1743 1330 n

1451 1367 1488 1404 4.
1528 1363 1784 1414 Ostendens,
1817 1363 1971 1404 scilicet
2002 1375 2076 1416 per
2095 1364 2199 1411 hoc,
2222 1364 2424 1416 quoniam

1390 1438 1536 1487 polens
1563 1445 1605 1476 es
1636 1445 1691 1475 ea:
1723 1434 1941 1485 omnibus,
1970 1434 2125 1474 scilicet
2156 1433 2355 1486 periculis
2386 1436 2426 1473 et

1393 1505 1576 1556 casibus,
1594 1516 1765 1556 sanare,
1784 1505 1852 1546 vel
1866 1504 2018 1545 melius
2039 1504 2272 1544 secundum
2294 1503 2422 1544 aliam

1393 1575 1598 1626 litteram,
1621 1576 1803 1627 salvare,
1823 1576 1953 1617 etiam
1972 1576 2013 1617 si
2036 1576 2129 1617 sine
2152 1577 2257 1625 rate,
2275 1574 2316 1614 id
2339 1577 2422 1625 est,

1392 1647 1508 1698 navi,
1522 1648 1619 1699 quis
1634 1647 1763 1688 adeat
1782 1647 1944 1687 mare.¹4
1965 1661 1984 1683 «
2001 1644 2105 1686 Cum
2120 1645 2334 1685 transieris
2351 1657 2426 1697 per

1392 1729 1525 1770 aquas
1541 1749 1551 1767 ‚
1574 1720 1715 1757 tecum
1736 1729 1828 1767 ero,
1852 1719 1893 1757 et
1912 1716 2092 1757 flumina
2121 1728 2207 1757 non
2236 1716 2426 1769 operient

1392 1791 1446 1829 te.
1468 1802 1487 1825 ι)
1507 1787 1625 1828 Unde
1644 1787 1819 1828 Petrum
1835 1787 2124 1828 ambulantem
2145 1787 2188 1827 in
2208 1787 2421 1836 fluctibus,

1393 1871 1446 1899 ne
1469 1862 1748 1910 mergeretur,
1772 1859 1920 1908 erexit,
1943 1861 1991 1899 ut
2011 1860 2124 1910 patet
2144 1858 2186 1897 in
2208 1857 2422 1901 Maithoe0;

1394 1929 1575 1971 Paulum
1590 1962 1600 1980 ,
1624 1930 1747 1970 tertio
1766 1931 2099 1981 naufragantem
2112 1960 2122 1979 ,
2146 1929 2197 1969 de
2215 1928 2423 1981 profundo

1392 2001 1536 2053 pelagi
1561 2001 1773 2042 liberavit.

1447 2066 1487 2112 5.
1512 2071 1594 2114 Sed
1614 2076 1663 2115 ui
1681 2082 1766 2114 non
1783 2075 1919 2114 esseni
1937 2082 2203 2124 supervacua
2219 2103 2228 2122 ‚
2248 2071 2422 2120 imone-

1392 2143 1570 2182 cessaria
1590 2143 1688 2183 usui
1708 2143 1912 2193 humano,
1930 2153 2059 2195 opera
2074 2143 2297 2195 sapienciae
2322 2145 2420 2192 tace,

1392 2212 1435 2253 id
1469 2215 1557 2264 est,
1593 2226 1668 2266 per
1699 2216 1818 2255 tuam
1854 2213 2104 2266 sapientiam
2131 2213 2418 2255 adinventa⁵z

1399 2300 1418 2322 a
1438 2283 1588 2324 Omnia
1611 2284 1656 2323 in
1687 2284 1890 2336 sapientia
1910 2284 2042 2324 fecisti
2065 2299 2073 2325 :
2097 2299 2116 2321 ›)
2147 2284 2321 2336 Propter
2349 2283 2422 2326 hoc

1392 2356 1522 2397 etiam
1550 2356 1706 2407 emique
1733 2354 1875 2407 liqna,
1908 2355 2063 2395 scilicet
2085 2354 2262 2395 modicae
2291 2354 2420 2405 navi,

1391 2425 1570 2468 credunt
1594 2427 1782 2468 homines
1802 2427 1973 2468 animas
1993 2436 2110 2476 suas,
2129 2426 2171 2466 id
2192 2428 2268 2475 est,
2291 2425 2423 2467 vitam

1390 2508 1514 2537 suam
1545 2497 1835 2549 corporalem;
1857 2500 1894 2539 ei
1919 2501 2187 2540 transeuntes
2206 2507 2322 2539 mare
2340 2528 2351 2548 ,
2379 2496 2423 2536 in

1391 2579 1478 2619 quo
1498 2570 1641 2607 tamen
1661 2572 1761 2607 sunt
1778 2568 2004 2609 innumera
2025 2568 2212 2621 pericula
2226 2599 2237 2618 ,
2258 2578 2336 2620 per
2355 2577 2424 2610 'ra-

1391 2641 1472 2679 tem
1501 2637 1674 2679 liberati·
1702 2641 1816 2680 sunt.
1841 2637 1984 2679 Glossa
2010 2653 2018 2678 :
2057 2653 2076 2676 α
2109 2638 2279 2679 Creator
2309 2639 2424 2679 dedit

1391 2710 1596 2748 creaturae
1611 2719 1699 2748 suae
1715 2708 1949 2758 scientiam,
1966 2720 2051 2760 qua
2065 2708 2142 2747 sibi
2156 2708 2201 2748 in
2222 2709 2421 2761 praesenti

1390 2777 1641 2828 consuleret,
1657 2780 1697 2818 et
1713 2779 1805 2830 ejus
1821 2778 2032 2819 voluntati
2046 2779 2321 2821 deserviret.»
2346 2780 2418 2820 Al-

1389 2847 1573 2899 legorice
1603 2849 1812 2900 exiguum
1838 2849 2008 2901 lignum
2037 2852 2174 2902 potest
2203 2850 2285 2891 dici
2316 2863 2420 2892 crux
2470 2874 2548 2900 Crux

1391 2919 1542 2960 Christi
1574 2921 1744 2972 propter
1774 2921 1867 2971 ers
1902 2920 2182 2972 abjectionem
2209 2925 2250 2961 et
2287 2921 2420 2962 vilita-
2441 2914 2583 2983 αξζξξὲξ

1389 2992 1477 3029 tem
1495 2990 1509 3011 ⁶
1530 3001 1540 3030 :
1560 3004 1579 3028 <‹
1595 2989 1883 3030 Praedicamus
1903 2990 2117 3031 Christum
2139 2991 2392 3033 crucifixum
2407 3024 2417 3043 ,
2442 2997 2532 3022 ratur·

1388 3059 1545 3101 Judaeis
1571 3060 1742 3112 quidem
1777 3061 2051 3112 scandalum,
2085 3062 2286 3113 gentibus
2318 3076 2420 3105 vero

1389 3131 1624 3172 stultitiam.
1647 3146 1666 3169 υ
1692 3132 1807 3173 Huic
1826 3132 2007 3175 credunt
2030 3132 2221 3175 homines
2247 3135 2419 3176 animas

1390 3213 1516 3253 suas,
1547 3202 1703 3243 scilicet
1730 3203 1774 3242 in
1799 3202 2009 3243 Christum
2045 3204 2298 3245 crucifixum
2325 3217 2418 3246 cre—

1389 3341 1438 3373 ιε,
1458 3335 1533 3365 5.-
1559 3333 1581 3354 ¹²
1602 3332 1700 3373 Plat„
1720 3332 1754 3364 in
1778 3333 1952 3365 Tz'moeo.—
1973 3334 1998 3356 ¹²
2017 3334 2139 3376 Cicer„
2164 3336 2205 3367 de
2226 3337 2418 3370 Divinam——

1390 3381 1416 3403 ¹3
1431 3379 1519 3412 Psal.
1543 3387 1665 3420 Lxxw,
1685 3382 1737 3412 20.
1756 3398 1797 3403 —-
1820 3380 1842 3402 ¹⁶
1863 3381 1942 3420 isa„
1964 3389 2071 3422 mn,
2087 3385 2117 3414 2.
2139 3401 2179 3407 —
2199 3384 2224 3405 ¹⁵
2243 3383 2333 3416 Psal.
2354 3392 2415 3424 cn,

1389 3428 1528 3460 24.--,“ἶ
1548 3429 1559 3460 l
1582 3428 1670 3468 Cor„
1689 3437 1716 3469 1,
1734 3429 1834 3461 23.—
1855 3429 1901 3470 (a)
1921 3429 2015 3462 Edit.
2041 3430 2114 3463 Ven.
2136 3439 2209 3463 vos.
