2634 3853
101 2064 232 2092 Medicus

101 2113 224 2138 quomo-

93 2147 128 2172 do
144 2148 231 2174 liono-

92 2187 212 2218 raudus.

260 265 335 302 442

258 347 458 403 passioni,
480 344 699 385 immunda
712 343 804 393 erit,
822 342 939 395 quasi
960 341 1012 381 sit
1031 341 1075 380 in
1095 342 1282 391 tempore

259 420 491 460 menstruo.
522 431 541 453 ›)
576 415 626 455 Et
647 416 736 455 erat
766 424 863 453 cum
885 410 1129 452 difficultate
1157 420 1281 449 sana-

257 489 352 531 bilis
386 490 558 541 propter
588 483 890 525 adhaerentiam
907 513 917 531 ‚
951 481 1051 533 quia
1074 481 1165 532 jam
1192 481 1282 519 erat

259 560 515 602 inveteratus
545 555 717 596 morbus
739 555 776 593 ¹:
809 567 828 591 (ι
854 552 1054 603 Languor
1079 549 1281 603 prolixior

258 634 410 684 gravat
439 628 661 669 medicum.
691 639 709 661 >³
736 623 835 664 Erat
865 623 1000 674 igitur
1029 621 1120 661 haec
1144 619 1281 672 passio

258 700 501 748 immunda,
533 695 732 737 continua
756 697 796 734 et
825 693 1049 742 diuturna3
1073 692 1166 732 ideo
1186 690 1281 731 vilis

259 773 309 813 ad
332 767 681 816 cohabitandum,
712 764 858 817 gravis
885 763 935 803 ad
962 761 1279 811 sustinendum,

259 846 299 884 et
330 839 509 882 difficilis
535 837 587 878 ad
617 835 867 877 sanandum.
891 834 1008 874 Unde
1036 834 1197 886 poterat
1222 831 1282 871 di-

257 924 349 954 cere
376 910 480 951 illud
499 910 538 949 2:
565 923 585 947 «
605 907 823 949 Vetustam
849 905 943 945 fecit
968 904 1120 957 pellem
1142 914 1280 943 meam

256 986 295 1024 et
326 993 494 1023 carnem
516 990 677 1028 meam,
698 976 896 1017 contrivit
925 987 1019 1016 ossa
1049 986 1157 1014 mea,
1178 987 1196 1011 >³
1229 973 1281 1013 Et

255 1053 357 1093 illud
376 1056 389 1077 ³
409 1066 418 1093 ε
449 1066 468 1090 α
490 1049 643 1091 Lumbi
664 1048 746 1088 mei
767 1046 928 1099 impleti
954 1047 1051 1085 sunt
1075 1043 1280 1084 illusioni-

255 1125 354 1173 bus,
377 1124 417 1163 et
434 1133 519 1161 non
539 1122 600 1160 est
623 1118 778 1159 sanitas
797 1117 841 1156 in
861 1128 984 1157 carne
1005 1127 1110 1156 mea.
1133 1129 1152 1151 »
1181 1113 1281 1154 Haeo

256 1197 397 1235 autem
414 1190 566 1231 mulier
579 1188 811 1229 secundum
828 1186 1101 1227 Ambrosium
1116 1185 1281 1226 videtur

255 1264 380 1305 fuisse
399 1261 584 1310 Martha3
608 1259 665 1300 ait
690 1258 805 1299 enim
825 1272 834 1298 :
863 1272 882 1295 «
901 1256 1089 1298 Christus
1108 1255 1280 1307 largum

255 1336 420 1375 fluxum
441 1331 661 1384 sanguinis
680 1329 850 1371 siccavit
868 1329 914 1369 in
932 1328 1116 1378 Martha,
1133 1329 1174 1368 et
1193 1327 1279 1367 dae-

253 1416 399 1447 mones
417 1402 578 1456 expulit
597 1402 647 1442 de
665 1399 809 1441 Maria.
831 1413 849 1437 n

305 1474 524 1524 Secundo,
561 1475 768 1525 quantum
803 1471 856 1511 ad
898 1468 1280 1522 impossibilitatem

251 1546 455 1588 humanae
487 1542 780 1585 subventionis
816 1553 870 1582 ex
904 1542 1016 1590 arte,
1050 1539 1277 1580 subditur:

256 1620 354 1668 Ome
374 1619 422 1659 in
442 1615 622 1658 medicos
642 1615 887 1666 eroqaverat
904 1621 1068 1653 omnem
1088 1610 1281 1653 substan-

253 1691 359 1731 tiam
387 1698 532 1736 suam,
560 1688 656 1734 etc„
688 1686 859 1737 propter
885 1682 1118 1724 curationis
1148 1694 1281 1722 reme-

252 1759 389 1809 dium,
415 1756 648 1798 secundum
677 1755 900 1795 consilium
927 1752 1221 1795 Ecclesiasticz·
1235 1751 1276 1791 ἐ

258 1845 277 1868 (ι
306 1830 477 1870 Honora
507 1826 719 1867 medicum
751 1826 922 1878 propter
953 1823 1276 1864 necessitatem:

251 1899 405 1941 etenim
424 1898 546 1939 illum
566 1896 724 1937 creavit
739 1895 1018 1936 Altissimus.»
1034 1893 1121 1934 Hoc
1138 1894 1279 1933 autem

251 1971 348 2011 dicit
374 1971 424 2011 de
444 1970 604 2010 honore
625 1979 878 2017 munerum,
906 1978 992 2007 non
1013 1952 1274 2006 sermonum.

251 2041 369 2082 Unde
405 2041 497 2081 haec
527 2051 598 2080 eos
635 2039 942 2088 honoraverat,
976 2048 1074 2089 quae
1106 2047 1278 2076 omnem

251 2112 526 2153 substantiam
549 2109 818 2162 expenderat.
843 2108 893 2148 Et
917 2108 1010 2148 ideo
1036 2105 1276 2160 probabile,

251 2184 285 2224 si
306 2181 502 2223 curabilis
519 2181 664 2221 fuisset
684 2178 913 2230 aegritudo,
928 2177 1039 2230 quod
1053 2189 1128 2230 per
1142 2178 1277 2216 artem

251 2255 268 2294 f
270 2255 399 2295 uisset
412 2254 576 2295 curata:
593 2254 777 2292 attamen
795 2262 862 2290 ars
875 2261 961 2289 non
975 2248 1143 2301 profuit.
1160 2247 1278 2288 Unde

251 2325 390 2366 subdit
411 2339 419 2365 ε
447 2324 529 2366 Nec
549 2323 599 2364 ab
622 2322 705 2363 ullo
728 2321 868 2373 potuit
886 2320 1046 2361 curari.
1071 2318 1132 2358 Ita
1158 2329 1235 2357 nec
1254 2329 1278 2357 a

250 2399 422 2446 natura,
444 2407 519 2435 nec
538 2394 591 2434 ab
618 2394 706 2433 arte
733 2391 871 2445 potuit
897 2391 936 2431 ei
965 2388 1205 2438 subveniri;
1231 2390 1279 2429 ut

249 2467 541 2508 verificaretur
571 2464 615 2503 in
645 2475 694 2503 ea
718 2461 824 2502 illud
843 2462 881 2501 ⁵:
908 2474 927 2499 «
949 2459 1096 2512 Neque
1121 2459 1273 2509 herba,

249 2550 386 2591 neque
412 2536 626 2588 malagma
645 2532 809 2574 sanavit
835 2544 930 2583 eos3
954 2531 1025 2572 sed
1051 2533 1171 2580 tuus,
1194 2529 1272 2569 Do-

249 2610 386 2657 mine,
407 2618 546 2648 sermo
571 2606 644 2658 qui
671 2606 791 2645 sanat
809 2602 968 2644 omnia.
990 2616 1009 2639 ›)
1035 2601 1152 2642 Unde
1177 2603 1277 2641 nota

248 2679 361 2732 quod
382 2683 534 2718 natura
562 2675 668 2716 nihil
691 2677 825 2728 potest
844 2674 934 2714 sine
961 2672 1104 2713 divina
1124 2673 1275 2724 poten-

249 2750 326 2799 tia,
353 2760 427 2789 nec
448 2759 514 2788 ars
534 2746 692 2798 aliquid
712 2747 845 2798 potest
864 2744 953 2784 sine
972 2745 1138 2783 natura,
1159 2741 1275 2782 Unde

249 2820 321 2861 ubi
349 2820 503 2859 natura
529 2816 608 2857 arti
638 2828 725 2856 non
751 2815 937 2868 proficit,
965 2813 1105 2865 magis
1125 2815 1272 2863 nocet3

250 2890 356 2930 sicut
375 2889 419 2928 in
437 2889 516 2929 hac
536 2887 712 2928 muliere
732 2918 742 2936 ‚
760 2886 810 2927 de
839 2898 923 2938 qua
948 2885 1102 2926 dicitur
1126 2884 1139 2905 ⁶
1162 2884 1275 2936 quod

255 2976 273 2999 α
308 2960 444 3000 fuerat
479 2958 664 2999 multum
699 2968 896 3010 perpessa
926 2969 951 2997 a
987 2955 1275 3008 compluribus

249 3030 436 3080 medicis,
457 3031 497 3070 et
513 3031 763 3080 erogaverat
782 3027 922 3068 omnia
945 3027 1056 3068 bona
1075 3039 1152 3067 sua
1164 3041 1174 3076 3
1197 3038 1275 3067 nec

248 3101 482 3154 quidquam
516 3100 765 3151 profecerat,
806 3098 877 3139 sed
916 3097 1054 3150 magis
1091 3097 1274 3138 deterius

249 3171 444 3212 habebat.
467 3184 486 3208 ›)
507 3169 585 3210 Sed
605 3169 737 3209 Lucas
757 3169 944 3209 medicus
970 3169 1051 3209 hoc
1070 3170 1200 3219 tacet,
1224 3169 1274 3209 de

248 3243 421 3284 medicis
438 3240 639 3283 curialius
652 3240 842 3292 loquens.
861 3239 923 3280 Ex
939 3252 1023 3293 quo
1042 3240 1271 3291 colligitur,

250 3313 362 3366 quod
380 3313 644 3354 medicorum
666 3322 734 3351 ars
753 3312 814 3350 est
838 3309 1081 3360 laudabilis,
1104 3310 1274 3363 quando

291 3396 299 3416 ¹
320 3395 437 3432 Ecclz'.,
459 3402 494 3433 x,
517 3396 567 3425 11.
586 3410 621 3415 ——
639 3393 650 3410 ²
668 3391 797 3431 leen„
819 3399 871 3430 111,
889 3393 918 3423 4.
940 3409 978 3414 —
998 3392 1012 3414 ³
1032 3391 1121 3423 Psal.
1140 3399 1272 3432 xxxvii,

248 3443 279 3474 8.
310 3458 348 3464 —
377 3442 386 3459 ⁴
419 3441 539 3481 Eccla,
569 3447 724 3479 xxxvm,
757 3442 786 3470 1.
815 3455 855 3461 —-
885 3440 895 3457 ⁵
927 3439 1018 3480 Sap„
1052 3446 1127 3478 xvi,
1158 3441 1207 3470 12.
1235 3455 1274 3461 -

250 3488 261 3506 ⁶
280 3490 397 3528 Μαι-0.,
416 3496 449 3528 ν,
469 3489 519 3520 26.
541 3504 581 3511 --
602 3487 616 3509 ⁷
634 3485 754 3525 Eccli„
771 3492 917 3524 XXXVIII,
940 3488 991 3517 11.
1006 3501 1045 3507 -
1065 3485 1078 3506 ⁸
1100 3486 1124 3516 ll
1148 3485 1273 3525 Parcet„

249 3543 322 3576 ⁴xvi,
347 3537 397 3574 12,
421 3538 472 3567 13.
498 3552 532 3557 —-
555 3536 567 3552 '³
587 3533 699 3573 Helua,
727 3541 781 3572 xi,
803 3534 833 3564 ὕ.
856 3549 897 3555 —
923 3534 947 3553 ¹·
967 3534 1062 3572 Sup„
1086 3541 1146 3572 vn,
1166 3535 1216 3565 38.
1236 3550 1271 3555 -

981 248 1265 294 EVANGELU
1295 229 1479 292 SANCTI
1509 250 1658 294 LUCAE

1355 340 1545 392 sequitur
1564 340 1751 382 divinam
1773 341 2001 394 potentiam
2019 344 2060 384 et
2072 344 2270 384 naturam
2284 344 2380 383 abs-

1354 411 1543 451 tractam.
1581 410 1696 451 Unde
1729 412 1882 453 dicitur
1902 413 1916 435 ⁷
1949 427 1958 454 ε
1988 427 2006 451 «
2032 412 2091 454 Da
2123 414 2262 455 locum
2291 426 2383 455 me-

1355 479 1469 530 dic0;
1492 481 1648 522 etenim
1668 482 1788 522 illum
1810 482 2011 523 Dominus
2030 485 2205 534 creavit;
2228 487 2269 525 et
2297 497 2382 525 nou

1354 549 1537 591 discedat
1556 564 1580 592 a
1600 555 1658 603 te,
1682 553 1780 605 quia
1800 565 1925 603 opera
1948 554 2040 605 cJ‘us
2070 556 2168 594 sunt
2187 565 2380 594 necessa-

1355 620 1431 660 ria.
1466 634 1485 658 n
1520 621 1601 662 Sed
1633 624 1732 662 tunc
1762 623 1841 663 erit
1872 622 2162 674 vituperabilis
2196 624 2382 675 operatio

1355 691 1527 742 medici,
1553 694 1722 745 quando
1753 694 1938 746 negligit
1965 693 2228 734 considerare
2256 697 2382 737 natu-

1354 772 1467 812 ram,
1494 763 1561 804 vel
1587 776 1673 804 non
1702 760 1874 817 apponit
1903 764 2094 806 divinam
2128 765 2380 817 potentiam,

1354 831 1462 872 sicut
1491 832 1642 874 dicitur
1671 834 1721 874 de
1750 834 1834 874 Asa
1853 837 1866 859 ⁸
1895 847 1905 875 z
1938 848 1957 872 (ι
1987 834 2226 885 AEgrotavit
2257 834 2384 874 etiam

1354 901 1457 952 Asa,
1480 914 1592 944 anno
1614 903 1938 945 tricesimonono
1964 903 2089 956 regni
2120 903 2206 953 sui,
2240 904 2385 945 dolore

1354 973 1510 1025 pedum
1535 975 1932 1017 vehementissimo:
1964 978 2004 1016 et
2035 988 2113 1017 nec
2136 977 2179 1016 in
2208 976 2386 1017 infirmi-

1354 1045 1436 1084 tate
1461 1056 1538 1084 sua
1566 1046 1762 1097 quaesivit
1792 1046 2019 1087 Dominum
2035 1061 2045 1096 3
2078 1047 2150 1087 sed
2179 1047 2320 1099 magis
2339 1048 2384 1088 in

1355 1114 1616 1155 medicorum
1647 1119 1735 1156 arte
1767 1117 1948 1157 confisus
1979 1119 2054 1158 est.
2094 1131 2113 1154 »
2146 1117 2347 1171 Sequitur
2372 1131 2382 1159 z

1359 1200 1378 1223 α
1399 1184 1450 1225 Et
1476 1187 1668 1226 mortuus
1695 1188 1777 1237 est,
1805 1200 1824 1224 ›>
1850 1189 1928 1227 etc.

1408 1255 1570 1306 Tertio,
1603 1259 1814 1309 quantum
1844 1257 1897 1298 ad
1920 1257 2163 1298 facilitatem
2191 1259 2384 1311 perfectae

1353 1327 1582 1367 curationis
1613 1340 1638 1368 a
1666 1327 1905 1378 Salvatore,
1944 1329 2138 1370 subditur
2175 1329 2244 1382 (v.
2277 1331 2384 1383 44):

1354 1398 1538 1440 Accessit
1553 1402 1682 1450 retro,
1695 1402 1733 1442 et
1754 1401 1894 1452 tetz'qz‘t
1911 1400 2124 1452 fimbriam
2144 1401 2387 1444 vestimenti

1354 1468 1460 1520 ejus.
1497 1469 1704 1520 Accessit,
1740 1470 1839 1523 quia
1869 1471 2124 1511 credebat⁹z
2162 1486 2180 1509 α
2210 1471 2384 1514 Credere

1354 1540 1468 1580 enim
1483 1543 1646 1592 oportet
1665 1541 1931 1582 accedentem
1948 1541 1999 1581 ad
2019 1541 2166 1592 Deum,
2183 1542 2282 1594 quia
2303 1545 2381 1593 est,

1354 1613 1395 1651 et
1415 1610 1729 1663 inquirentibus
1749 1623 1792 1653 se
1812 1614 2106 1652 remunerator
2122 1612 2187 1652 sit.
2206 1626 2226 1651 >³
2241 1614 2382 1663 Retro,

1354 1681 1454 1733 quia
1467 1681 1654 1732 timebat,
1674 1683 1781 1722 sicut
1793 1694 1911 1723 soror
1922 1683 1956 1734 ej
1964 1693 2014 1722 us
2029 1681 2162 1722 Maria
2174 1682 2203 1703 ¹⁰
2217 1696 2252 1723 :a
2264 1681 2387 1724 Stans

1353 1754 1467 1792 retro
1480 1764 1600 1792 secus
1617 1753 1742 1805 pedes
1756 1753 1972 1794 Domini.»
1993 1753 2162 1806 Tetiqt‘t,
2180 1753 2281 1806 quia
2299 1766 2387 1806 spe-

1354 1822 1465 1863 ravit
1488 1823 1647 1874 curari3
1671 1824 1785 1864 unde
1805 1824 1905 1865 dicit
1927 1824 1977 1877 (a)
2002 1825 2029 1845 ¹¹
2047 1838 2055 1864 :
2075 1838 2094 1863 (‹
2111 1823 2217 1873 Quia
2235 1824 2269 1864 si
2290 1836 2384 1866 ves-

1353 1893 1582 1934 timentum
1605 1895 1697 1946 ejus
1716 1893 1910 1946 tetigero,
1934 1894 2050 1934 salva
2069 1905 2155 1935 ero.
2182 1908 2201 1932 ›)
2231 1896 2387 1949 Tetiqtt

1355 1967 1491 2006 autem
1510 1964 1727 2015 fimbriam
1746 1965 1988 2008 vestimenti
2008 1965 2125 2018 effus,
2147 1966 2190 2006 id
2209 1968 2293 2017 est,
2315 1966 2385 2007 in-

1352 2034 1500 2074 fimam
1526 2036 1689 2087 partem
1710 2035 1980 2086 vestimenti,
2004 2039 2207 2089 reputans
2236 2048 2279 2078 se
2303 2027 2385 2078 im-

1354 2105 1557 2145 mundam
1573 2137 1583 2156 ,
1607 2109 1648 2146 ct
1667 2106 1948 2146 honorificans
1969 2107 2121 2147 Christi
2137 2108 2382 2159 potentiam,

1354 2175 1427 2226 qui
1447 2177 1582 2226 potest
1605 2175 1783 2216 salutem
1804 2176 1902 2216 dare
1926 2189 2002 2228 per
2027 2176 2189 2218 infima.
2215 2176 2265 2218 Et
2284 2178 2384 2230 quia

1353 2245 1549 2295 credidit,
1583 2248 1627 2285 et·
1656 2246 1864 2298 speravit,
1906 2247 1999 2287 ideo
2034 2247 2152 2288 facile
2185 2247 2382 2289 obtinuit.

1354 2316 1581 2368 Propterea
1600 2317 1789 2357 additur:
1806 2319 1863 2360 Et
1876 2319 2097 2370 confestim
2112 2319 2222 2360 stetit
2234 2318 2385 2370 sluoeus

1352 2388 1582 2440 sanquim‘s
1596 2388 1702 2439 ejus.
1719 2388 1782 2429 Ex
1802 2401 1886 2441 quo
1907 2391 2079 2442 apparet
2094 2388 2202 2429 mira
2215 2389 2286 2429 Dei
2304 2390 2385 2430 vir-

1352 2459 1432 2509 tus,
1448 2470 1544 2510 quae
1559 2459 1758 2499 morbum
1771 2460 1858 2499 tam
1873 2459 2123 2500 diuturnum
2136 2461 2177 2500 et
2189 2461 2276 2499 tam
2290 2472 2386 2511 gra-

1353 2541 1451 2571 vem
1463 2530 1629 2571 curavit
1640 2530 1781 2570 statim
1793 2530 1845 2571 ad
1857 2532 2018 2570 tactum
2027 2529 2154 2570 unius
2167 2531 2384 2583 particulae

1352 2600 1591 2642 vestimenti
1602 2601 1749 2653 ipsius.
1764 2601 1869 2641 Mira
1879 2602 1941 2641 est
1952 2612 2058 2652 ergo
2071 2601 2202 2642 virtus
2214 2600 2380 2653 Christi,

1352 2682 1450 2723 quae
1470 2671 1716 2712 credulitate
1736 2672 1803 2712 sui
1821 2671 2098 2724 impossibilia
2116 2671 2212 2712 facit
2229 2672 2380 2722 facilia,

1351 2742 1586 2783 secundum
1606 2742 1750 2783 illud12
1770 2757 1777 2783 :
1798 2742 1876 2783 «Si
1895 2745 2012 2795 potes
2033 2742 2216 2792 credere,
2237 2743 2383 2784 omnia

1351 2801 1565 2866 possibilia
1580 2815 1679 2853 sunt
1692 2813 1918 2854 credenti.»
1949 2812 2055 2853 Etin
2073 2813 2234 2855 ,Ioanne
2260 2814 2349 2866 (b)¹³
2369 2828 2377 2855 ε

1357 2896 1374 2920 (ι
1395 2882 1532 2922 Α111011
1552 2882 1645 2923 dico
1670 2881 1812 2931 vobis,
1836 2880 1910 2933 qui
1930 2880 2060 2920 credit
2078 2880 2123 2920 in
2142 2892 2231 2932 me,
2253 2893 2381 2933 opera

1350 2967 1446 3008 quae
1470 2967 1552 3008 ego
1583 2955 1688 2996 facio
1716 2958 1756 2995 et·
1780 2954 1870 3007 ipse
1889 2953 2033 3002 faciet,
2054 2955 2095 2993 et
2119 2954 2281 3004 majora
2300 2954 2378 2994 ho-

1351 3038 1449 3067 rum
1469 3027 1603 3067 faciet.
1627 3039 1645 3063 »
1670 3025 1721 3066 Et
1740 3025 1783 3065 in
1803 3024 1974 3066 Actibus
1995 3023 2046 3063 ¹¹⁶:
2073 3037 2092 3061 (ι
2110 3022 2378 3077 Virtutesque

1350 3111 1436 3139 non
1480 3098 1689 3151 quaslibet
1725 3097 1901 3138 faciebat
1938 3095 2047 3135 Deus
2091 3106 2164 3147 per
2201 3107 2379 3136 manum

1351 3168 1469 3209 Pauli
1490 3182 1500 3209 z
1531 3169 1589 3209 ita
1612 3171 1660 3210 ut
1681 3170 1808 3209 etiam
1834 3178 1960 3219 super
1989 3165 2214 3217 languidos
2242 3167 2376 3207 defer-

1350 3242 1498 3279 rentur
1516 3251 1541 3278 a
1560 3250 1733 3290 corpore
1753 3240 1846 3290 ejus
1859 3235 2028 3277 sudaria
2043 3238 2083 3275 et
2103 3235 2374 3286 semicinctia,

1350 3311 1391 3350 et
1410 3309 1659 3350 recedebant
1677 3309 1729 3349 ab
1750 3308 1808 3348 eis
1826 3307 2069 3358 languores,
2088 3321 2107 3344 1>
2120 3308 2198 3348 etc.
2215 3306 2259 3347 Si
2273 3318 2376 3359 ergo

1351 3422 1373 3443 1¹
1392 3401 1527 3460 Mattlz„
1548 3427 1595 3460 ιχ,
1615 3421 1670 3460 213
1688 3426 1720 3459 v,
1739 3418 2072 3458 28.—1²Ma7²c.,1x,
2095 3419 2146 3450 22.
2161 3434 2201 3442 --
2219 3418 2245 3440 1³
2264 3418 2372 3456 Joan„

1350 3476 1423 3508 xiv,
1445 3470 1495 3500 12.
1512 3484 1553 3490 —
1567 3467 1595 3485 '¹⁴
1612 3466 1699 3505 Act„
1719 3472 1791 3505 mx,
1814 3467 1863 3496 11.

1394 3533 1438 3573 (α)
1458 3532 1536 3579 Cast.
1558 3518 1638 3562 e‘dtt.
1660 3529 1834 3562 dionun-
1852 3528 1892 3569 (t)
1911 3530 1991 3561 [tem
2005 3531 2166 3563 ioannes.
