2634 3853
82 480 219 514 spiritua-

80 521 116 547 lis
149 529 216 548 sen-

80 569 139 588 sus.

97 3355 216 3381 Moralis

76 3402 191 3421 sensus.

243 244 319 283 3602

241 331 291 371 ad
325 332 532 374 Romanos
560 333 739 373 dicitur¹
769 348 788 371 α
818 332 911 373 Noli
939 332 1073 373 altum
1101 343 1259 384 sapere,

239 401 309 442 sed
329 402 444 452 time,
470 418 488 440 ›)
509 406 588 444 etc.

292 471 574 525 Spiritualitcr
604 486 678 526 per
715 474 791 513 has
825 485 899 513 sex
931 473 1262 513 combinationes

239 542 459 583 duodecim
502 543 811 595 apostolorum,
853 543 1153 595 intelliguntur
1188 555 1263 583 sex

239 613 398 664 gradus
424 614 631 665 profectus
657 613 887 663 virtutum,
917 614 1074 665 quibus
1111 626 1260 666 perve-

236 683 352 723 nitur
379 695 513 735 usque
543 684 593 723 ad
623 683 869 723 charitatem
909 685 1156 736 perfectam,
1194 684 1262 725 vel

238 765 370 805 usque
390 753 441 792 ad
463 765 621 804 pacem,
648 753 715 794 vel
737 766 872 806 usque
908 756 958 796 ad
992 756 1257 808 sapientiam.

290 824 345 863 De
364 823 511 876 primis
532 835 606 863 sex
627 825 846 875 gradihus,
869 826 1024 878 quibus
1041 826 1091 865 ad
1118 826 1260 866 chari-

236 896 363 933 tate-m
381 893 640 946 pervenitur,
660 895 856 936 dicitur2:
881 911 900 934 <‹
921 894 1003 937 Vos
1018 898 1161 936 autem
1183 909 1259 936 cu-

235 976 327 1003 ram
359 976 530 1004 omnem
566 965 898 1016 subinferentes,
946 967 1180 1007 ministrate
1217 966 1262 1005 in

234 1034 316 1075 fide
331 1038 473 1075 vestra
490 1035 705 1086 virtutem,
728 1037 772 1076 in
794 1037 948 1077 virtute
967 1040 1111 1077 autem
1133 1037 1263 1077 scien-

235 1104 362 1155 tiam,
396 1106 439 1145 in
478 1106 649 1146 scientia
679 1109 820 1146 autom
853 1108 1176 1158 abstinentiam,
1216 1108 1261 1147 in

234 1175 485 1215 abstinentia
521 1179 665 1216 autem
697 1177 955 1230 patientiam,
985 1178 1029 1217 in
1061 1178 1262 1231 patientia

233 1247 374 1285 autem
399 1246 613 1298 pietatem,
645 1248 687 1288 in
721 1248 870 1300 pietate
906 1251 1051 1289 autem
1071 1261 1261 1290 amorem

233 1316 522 1368 fraternitatis,
557 1318 602 1358 in
644 1331 788 1359 amore
820 1322 963 1359 autem
991 1320 1261 1361 fraternitatis

233 1387 495 1428 charitatem.
520 1404 538 1425 n
580 1388 630 1429 Et
656 1389 716 1429 illi
740 1402 815 1430 sex
849 1390 1007 1442 gradus
1031 1394 1141 1431 recte
1175 1403 1263 1432 cor-

232 1458 485 1509 respondent
523 1460 612 1500 istis
652 1461 1067 1512 conminationibus,
1107 1462 1142 1502 si
1181 1475 1258 1503 no-

232 1528 398 1569 minum
446 1530 813 1583 interpretationes
865 1532 1150 1573 attendantur.
1203 1533 1259 1574 De

233 1599 436 1649 gradibus
465 1601 621 1652 quibus
644 1602 890 1654 pervenitur
919 1604 970 1642 ad
1002 1615 1173 1655 pacem,
1197 1604 1261 1644 di—

232 1670 397 1711 citur³z
441 1671 589 1712 «Beati
623 1685 830 1725 pauperes
863 1674 1012 1726 spiritu
1022 1706 1035 1725 ,
1058 1675 1261 1726 quoniam

232 1741 420 1793 ipsorum
439 1745 500 1782 est
531 1755 712 1794 regnum
743 1744 966 1785 coelorum.
987 1744 1257 1797 Beatimites,

231 1812 433 1863 quoniam
454 1813 533 1865 ipsi
552 1814 826 1866 possidebunt
851 1818 1023 1855 terram.
1046 1815 1164 1856 Beati
1187 1816 1261 1868 qui

230 1881 393 1933 lugent,
423 1884 625 1935 quoniam
655 1885 736 1937 ipsi
766 1885 1110 1926 consolabuntur.
1144 1886 1261 1927 Beati

231 1953 303 2005 qui
323 1953 533 2003 esuriunt,
558 1957 599 1995 et
627 1955 774 1996 sitiunt
801 1956 1028 2008 Justitiam,
1057 1958 1260 2010 quoniam

230 2023 309 2075 ipsi
329 2024 650 2064 saturabuntur.
672 2024 790 2065 Beati
816 2026 1122 2076 misericordes
1151 2040 1257 2080 quo-

230 2094 345 2133 niam
400 2094 478 2146 ipsi
541 2095 876 2137 misericordiam
929 2102 1257 2150 consequentur.

231 2164 347 2204 Beati
378 2166 537 2206 mundo
577 2167 724 2215 corde,
767 2168 969 2219 quoniam
1008 2169 1088 2221 ipsi
1127 2170 1259 2210 Deum

230 2236 452 2277 videbunt.
485 2237 599 2278 Beati
630 2238 812 2290 pacifici,
849 2240 1054 2291 quoniam
1086 2240 1162 2280 filii
1189 2241 1261 2281 Dei

231 2307 512 2348 vocabuntur.
544 2323 562 2345 »
591 2308 648 2349 De
671 2309 874 2359 gradibus
903 2321 1004 2350 vero
1028 2311 1184 2363 quibus
1209 2311 1261 2351 ad

230 2377 481 2429 sapientiam
511 2379 773 2430 pervenitur,
805 2380 987 2420 dicitur²
1023 2395 1031 2421 ε
1057 2381 1159 2421 «·Et
1191 2394 1259 2422 re-

229 2448 414 2499 quiescet
435 2460 562 2500 super
581 2461 680 2488 eum
698 2449 870 2501 spiritus
890 2449 1069 2501 Domini,
1090 2451 1262 2503 spiritus

231 2517 446 2569 sapientiae
474 2522 514 2558 et
546 2519 803 2570 intellectus,
828 2519 1001 2572 spiritus
1028 2521 1188 2561 consilii
1221 2524 1261 2562 et

232 2590 506 2638 fortitudinis,
530 2590 702 2643 spiritus
728 2591 912 2631 scientiae
939 2595 980 2632 et
1005 2592 1191 2645 pietatis;
1222 2597 1262 2634 et

231 2661 407 2713 replebit
430 2673 529 2701 eum
551 2662 725 2713 spiritus
749 2662 912 2702 timoris
938 2662 1124 2713 Domini3
1142 2678 1160 2701 ))
1187 2665 1262 2704 ubi

233 2731 379 2782 incipit
397 2743 422 2770 a
441 2743 639 2783 supremo
654 2732 826 2782 horum,
844 2734 884 2772 et
900 2733 1114 2774 descendit
1126 2746 1263 2787 usque

234 2801 285 2840 ad
315 2800 513 2840 ultimum
553 2802 751 2852 gradum.
787 2802 950 2843 Horum
989 2804 1133 2854 figura
1173 2805 1263 2856 pul-

236 2870 445 2911 cherrima
464 2874 526 2911 est
551 2872 596 2912 in
617 2873 769 2913 throno
790 2873 1039 2925 Salomonis,
1061 2875 1132 2915 uhi
1157 2875 1259 2915 dici-

235 2944 307 2981 tur
325 2943 350 2992 ⁵,
380 2943 493 2994 quod
521 2947 639 2984 erant
665 2956 739 2985 sex
767 2945 944 2996 gradus,
975 2948 1015 2985 et
1042 2946 1262 2987 duodecim

235 3012 421 3054 leunculi
447 3018 604 3055 stantes
644 3029 771 3069 super
799 3030 873 3058 sex
905 3018 1064 3069 gradus
1091 3019 1190 3059 hinc
1223 3022 1264 3059 et

236 3083 350 3125 inde.
374 3084 452 3125 Per
471 3085 634 3125 leonem
658 3087 910 3139 intelligitur
926 3089 1141 3140 potestatis
1160 3101 1263 3130 auc-

237 3156 408 3205 toritas3
435 3168 508 3207 per
528 3167 603 3196 sex
621 3158 795 3208 gradus,
817 3171 892 3198 sex
914 3159 1260 3209 combinationes,

237 3225 526 3277 spiritualibus
556 3227 762 3278 gradibus
779 3229 993 3281 aptissime
1011 3242 1262 3283 correspon-

236 3297 395 3338 dentes.

290 3367 500 3408 Moraliter
523 3368 651 3409 etiam
678 3381 752 3422 per
780 3371 954 3412 nomina
973 3372 1264 3424 apostolorum

279 3475 289 3495 ¹
315 3475 417 3510 Rom..
439 3482 487 3515 xi,
508 3476 560 3506 20.
585 3492 624 3498 -
644 3475 655 3493 ²
680 3477 701 3506 ιι
727 3475 829 3515 Patr„
852 3485 874 3516 1,
896 3478 960 3509 ε5-.7
985 3495 1019 3500 -
1043 3478 1056 3498 ³
1076 3479 1205 3510 Mam...
1232 3489 1262 3519 v,

239 3522 306 3551 3-9.
327 3538 361 3543 -
383 3521 397 3543 ὁ
415 3522 495 3561 ssa„
517 3530 565 3562 xi,
585 3523 617 3553 2.
638 3539 678 3546 -
699 3523 709 3541 ⁵
732 3524 775 3554 ιιι
795 3524 887 3564 aeq„
910 3532 944 3564 x,
968 3527 1017 3556 19.
1037 3541 1079 3549 -
1098 3526 1110 3547 ο
1135 3527 1144 3557 1
1168 3527 1263 3566 rim„

969 244 1249 285 uvmxcfflin
1281 232 1466 286 sANcri
1499 247 1646 288 LUCAE

1339 334 1398 374 sic
1418 336 1657 376 combinata
1687 335 1928 377 insinuatur
1946 339 2143 390 perfectio
2166 339 2362 392 praelato-

1336 415 1449 454 rum,
1479 405 1709 457 specialiter
1737 405 2050 458 episcoporum,
2085 409 2159 461 qui
2185 412 2361 450 caeteros

1338 473 1489 515 debent
1508 476 1746 528 p1·aecelle1·e
1769 477 1811 515 in
1824 475 1960 516 tribus
1982 492 1990 516 :
2014 478 2058 517 in
2079 479 2181 529 vita,
2203 479 2248 519 in
2261 480 2360 520 doc-

1339 544 1462 595 trina,
1484 545 1528 584 in
1548 545 1741 598 exemplo
1757 577 1767 594 ,
1791 546 1878 586 sive
1898 547 2213 587 conversatione
2235 549 2359 589 bona.

1339 613 1453 654 Unde
1471 615 1921 668 Apostulusinstruens
1932 615 2202 657 Timotheum
2217 618 2335 658 dicit⁶
2348 632 2361 657 .·

1345 699 1363 721 α
1394 683 1578 737 Praecipe
1604 686 1709 736 haec,
1743 689 1784 726 et
1811 687 1912 726 doce
1943 698 1953 726 ε
1979 701 1997 723 ))
2036 698 2130 727 ecce
2158 687 2360 729 doctrina.

1345 770 1363 792 «
1383 754 1514 796 Nemo
1543 757 1865 798 adolescentiam
1894 759 2015 797 tuam
2043 760 2315 799 contemnat:
2339 772 2357 796 »

1338 837 1432 867 ecce
1451 827 1551 867 vita.
1586 842 1605 865 «
1624 827 1705 868 Sed
1733 827 1978 879 exemplum
2001 829 2088 867 esto
2108 827 2297 868 fidelium
2320 829 2362 869 in

1337 897 1493 947 verbo,
1525 898 1570 938 in
1601 899 1942 948 conversatione,
1974 898 2019 937 in
2053 898 2256 939 charitate
2275 931 2285 949 ,
2321 899 2365 939 in

1337 968 1437 1019 fide,
1460 969 1504 1008 in
1524 970 1708 1009 castitate
1727 984 1735 1010 :
1759 984 1777 1006 n
1797 981 1890 1010 ecce
1909 969 2156 1021 exemplum
2177 981 2252 1009 seu
2271 981 2365 1010 con—

1337 1039 1519 1079 versatio
1540 1040 1664 1080 bona.
1682 1039 1794 1079 ldem
1809 1040 1950 1080 Titum
1971 1040 2186 1080 instruens
2207 1040 2332 1081 dicit⁷
2353 1055 2362 1081 :

1343 1124 1362 1146 α
1379 1108 1443 1149 Tu
1462 1112 1604 1150 autem
1625 1110 1798 1162 loquere
1817 1122 1913 1162 quae
1939 1111 2086 1151 decent
2101 1122 2246 1151 sanam
2267 1111 2365 1151 doc-

1336 1180 1493 1220 trinam
1517 1194 1525 1221 :
1549 1194 1567 1217 ))
1593 1192 1686 1220 ecce
1706 1180 1909 1221 doctrina.
1934 1194 1954 1218 α
1973 1179 2105 1220 Nemo
2123 1183 2162 1220 te
2184 1183 2367 1220 contem-

1336 1253 1409 1290 nat
1442 1264 1451 1291 ι
1487 1264 1507 1288 ))
1538 1262 1632 1291 ecce
1659 1251 1761 1292 vita.
1798 1266 1817 1289 (ι
1851 1250 1898 1291 In
1928 1250 2125 1291 omnibus
2158 1253 2198 1291 te
2224 1251 2366 1303 ipsum

1336 1322 1478 1373 praebe
1499 1322 1740 1374 exemplum
1760 1323 1971 1362 bonorum
1990 1334 2170 1375 operum
2183 1355 2193 1373 ,
2210 1323 2254 1363 in
2275 1324 2368 1363 doc-

1336 1392 1475 1442 trina,
1505 1392 1550 1432 in
1582 1392 1824 1444 integritate
1840 1424 1852 1443 ,
1887 1393 1931 1432 in
1952 1393 2181 1444 gravitate,
2204 1408 2223 1431 ›)
2250 1398 2328 1435 etc.
2353 1407 2364 1434 ε

1337 1476 1431 1504 ecce
1453 1464 1696 1516 exemplum
1726 1475 1801 1504 seu
1817 1464 2080 1505 conversatio
2099 1464 2224 1505 bona.
2246 1464 2368 1506 Unde

1339 1533 1623 1586 Hieronymus
1643 1534 1742 1574 dicit
1762 1548 1770 1573 ε
1801 1549 1820 1572 ((
1853 1533 1895 1573 Si
1916 1533 2098 1586 episcopi
2128 1537 2294 1575 tantum
2314 1537 2368 1577 sit

1340 1607 1481 1645 sancta
1500 1606 1587 1646 vita
1604 1637 1613 1656 ,
1638 1605 1716 1644 sibi
1737 1607 1874 1657 potest
1890 1604 2106 1656 prodesse,
2124 1607 2182 1645 sic
2202 1607 2364 1649 vivens.

1339 1675 1468 1716 Porro
1485 1676 1520 1715 si
1540 1676 1729 1716 doctrina
1746 1677 1786 1715 et
1803 1686 1997 1714 sermone
2014 1675 2141 1715 fuerit
2155 1677 2365 1729 eruditus,

1337 1748 1472 1798 potest
1494 1758 1537 1786 se
1566 1748 1824 1797 caeterosque
1856 1745 2085 1795 instruere;
2107 1749 2148 1786 et
2179 1759 2265 1787 non
2299 1761 2366 1789 so-

1335 1815 1425 1856 lum
1446 1816 1654 1856 instruere
1683 1818 1723 1856 et
1748 1816 1898 1856 docere
1923 1827 2022 1856 suos
2037 1847 2046 1864 ,
2069 1817 2139 1856 sed
2168 1817 2365 1858 adversa-

1334 1888 1420 1928 rios
1455 1890 1722 1940 repercutere
1757 1901 1765 1928 :
1795 1888 1869 1940 qui
1899 1887 1979 1927 nisi
2013 1888 2181 1928 refutati
2211 1889 2368 1931 fuerint

1335 1961 1461 2010 atque
1500 1958 1680 1999 convicti
1703 1990 1714 2008 ,
1758 1957 1876 1998 facile
1912 1961 2076 2010 queunt
2112 1959 2366 2012 simplicium

1333 2029 1458 2070 corda
1477 2031 1731 2082 pervertere.
1753 2043 1772 2066 ))

1389 2100 1579 2148 Quatuor
1616 2112 1720 2152 ergo
1758 2100 1896 2152 prima
1930 2100 2106 2141 nomina
2141 2101 2366 2153 designant
2383 2094 2529 2162 ξΡΟΒῐΟῙΟ·

2401 2144 2451 2162 um
2471 2143 2526 2162 ΠΟ·

1336 2166 1636 2223 perfectionem
1668 2171 1767 2211 vitae
1783 2183 1796 2221 3
1822 2173 2004 2223 quatuor
2034 2171 2116 2211 alia
2146 2172 2363 2223 perfectio-
2387 2177 2467 2242 mim}
2488 2176 2524 2202 ad

1336 2254 1435 2282 nem
1455 2241 1655 2282 doctrinae
1674 2256 1683 2291 3
1711 2241 1792 2281 alia
1809 2253 1912 2283 vero
1931 2244 2115 2293 quatuor
2148 2243 2368 2294 perfectio-
2401 2224 2512 2304 ἷῑῖζὲἓι

1335 2326 1433 2355 nem
1472 2314 1679 2366 exempli,
1717 2313 1805 2354 sive
1849 2313 2180 2354 conversationis
2226 2315 2364 2356 bonae.
2386 2301 2527 2367 ἶξζῖῃῑξῗζζ

1335 2384 1441 2424 Dicit
1461 2396 1565 2435 ergo
1586 2383 1890 2435 Evangelista(
1912 2397 1953 2423 v.
1978 2384 2057 2435 14)
2086 2395 2096 2423 ε
2121 2383 2335 2426 Simonem
2354 2417 2363 2436 ,

1337 2454 1484 2507 supple
1503 2455 1675 2496 vocavit
1692 2486 1701 2504 ,
1725 2454 1800 2506 qui
1832 2454 2133 2506 interpretatur
2153 2455 2364 2496 obediens.

1339 2526 1465 2572 Quem
1493 2525 1809 2577 coqnowm‘navz't
1836 2524 2028 2574 Petrum,
2053 2524 2127 2577 qui
2155 2525 2367 2578 interpre-

1334 2598 1451 2636 tatur
1482 2607 1732 2647 agnoscenS.
1766 2595 1813 2635 In
1840 2607 1927 2647 quo
1957 2595 2203 2647 designatur
2231 2596 2368 2637 virtus

1336 2666 1597 2719 prudentiae,
1621 2678 1718 2718 quae
1739 2665 2035 2717 cognominari
2052 2665 2174 2706 debet
2194 2665 2340 2707 Petrus
2352 2697 2366 2716 ,

1335 2737 1377 2777 id
1397 2739 1484 2785 est,
1507 2747 1745 2788 agnoscens
1777 2748 1829 2775 ex
1849 2736 2021 2776 Simone
2041 2747 2050 2775 :
2074 2736 2174 2788 quia
2204 2747 2258 2776 ex
2285 2737 2366 2777 hu-

1337 2807 1510 2847 militate
1531 2806 1652 2846 debet
1672 2806 1896 2858 procedere
1927 2806 2244 2857 cognominatio
2264 2818 2364 2858 pru·
2405 2843 2415 2853 ,

1336 2877 1512 2927 dentiae,
1538 2879 1586 2917 ut
1606 2876 1838 2917 secundum
1870 2876 1982 2928 quod
2013 2876 2166 2916 dicitur
2191 2876 2234 2915 in
2263 2876 2364 2918 Pro-

1337 2949 1514 2990 verbiis⁸
1532 2979 1541 2997 ‚
1570 2963 1588 2986 (ι
1607 2947 1842 3000 prudentiae
1862 2958 1951 2987 suae
1972 2948 2100 2998 ponat
2120 2947 2319 2997 modum,
2341 2960 2361 2984 ›>

1337 3020 1406 3060 et⁹
1429 3034 1448 3058 α
1466 3030 1520 3058 ne
1551 3018 1758 3058 innitatur
1786 3016 2022 3069 prudentiae
2051 3027 2155 3056 suae.
2188 3029 2207 3053 ι)
2230 3016 2280 3056 Et
2308 3017 2366 3057 sic

1336 3103 1423 3132 non
1449 3090 1528 3131 erit
1557 3089 1742 3142 prudens
1773 3087 1886 3140 apud
1918 3086 2220 3138 semetipsum,
2252 3088 2365 3139 quod

1337 3161 1494 3202 Paulus
1508 3160 1535 3182 ¹⁰
1548 3162 1678 3212 optat.
1698 3158 1779 3199 Sed
1796 3158 1841 3197 in
1854 3156 2054 3198 omnibus
2074 3168 2117 3196 se
2136 3157 2366 3209 prudenter

1336 3231 1531 3281 habebit3
1555 3231 1666 3271 unde
1685 3230 1735 3270 de
1754 3228 1886 3269 David
1905 3227 2058 3268 dicitur
2078 3228 2101 3249 ¹¹
2128 3241 2136 3267 :
2163 3242 2182 3265 ε(
2207 3227 2252 3267 ln
2273 3239 2366 3268 om-

1336 3303 1461 3343 nibus
1488 3301 1565 3343 viis
1594 3300 1680 3341 suis
1710 3298 1841 3340 David
1867 3297 2096 3350 prudenter
2122 3298 2304 3350 agebat,
2326 3301 2368 3339 et

2426 2394 2527 2423 Simon

2387 2438 2503 2465 Petrus.

1338 3439 1383 3469 JV,
1407 3433 1586 3471 Μ,12.-
1607 3429 1618 3451 ⁷
1643 3430 1719 3466 Tz't.5
1741 3436 1779 3466 n,
1803 3430 1831 3467 1,
1855 3429 1906 3466 15,
1926 3428 1957 3466 7,
1984 3445 2019 3449 —
2041 3427 2055 3449 Β
2082 3430 2188 3467 Ρνου.,
2208 3435 2308 3466 xxm,
2335 3428 2364 3459 4.

1337 3497 1378 3502 —
1403 3478 1535 3510 ⁹1bid..
1564 3485 1622 3518 111,
1650 3479 1680 3508 5.
1704 3493 1743 3498 —-
1772 3476 1797 3498 ¹⁰
1817 3476 1921 3514 Rom„
1949 3483 2019 3515 xvi,
2052 3477 2097 3508 56.
2122 3492 2163 3498 —
2188 3476 2211 3495 ¹¹
2238 3475 2246 3505 Ι
2274 3475 2363 3514 Ιίεφ,

1338 3533 1441 3566 xv111,
1466 3528 1496 3558 5.
