2634 3853
254 92 334 133 258

252 182 315 222 est
333 181 502 232 tempus
520 176 722 230 pariendi.
744 190 764 213 ))
788 174 893 215 Vere
918 172 1161 224 impletum,
1182 170 1283 222 quia

252 251 298 291 in
317 248 578 304 plenitudine
603 247 825 300 temporis,
847 245 954 284 sicut
975 243 1161 283 Christus
1181 253 1282 281 con-

251 325 399 375 ceptus
417 323 458 361 et
484 322 609 360 natus
630 320 666 359 ¹:
696 332 714 355 <‹
740 318 794 357 At
821 316 894 356 ubi
924 315 1037 356 venit
1066 313 1282 366 plenitudo

253 391 475 445 temporis,
508 389 623 430 misit
655 389 765 428 Deus
798 387 934 427 filium
965 397 1091 426 suum
1124 385 1282 424 factum

252 476 307 505 ex
326 462 518 511 muliere,
541 462 697 501 factum
717 459 795 500 sub
815 458 926 510 lege.
949 471 967 494 ))
988 461 1001 482 2
1027 456 1156 497 «Ideo
1180 467 1278 495 con-

252 537 442 577 vertetur
478 532 662 585 populus
699 542 818 571 meus
849 529 939 580 hic,
982 531 1022 569 et
1053 528 1140 569 dies
1170 527 1282 580 pleni

253 606 523 648 invenientur
542 603 588 643 in
610 602 684 643 eis.
708 616 726 639 1)

318 676 510 716 Insinuat
543 674 670 715 etiam
709 672 940 714 novitatem
979 672 1148 724 partus,
1184 681 1282 710 cum

252 747 351 789 dicit
370 747 436 799 (v.
459 746 528 798 7):
555 746 610 787 Et
629 745 792 797 peperit?
815 743 957 795 filium
975 753 1100 784 suum
1117 742 1282 793 primo-

252 819 455 872 qem'tum.
494 816 581 857 Hoc
612 827 715 857 vero
751 815 851 855 dicit
884 816 965 866 'per
999 812 1282 865 privationem

251 890 430 942 prioris:
454 889 556 941 quia
576 887 691 927 enim
712 887 835 938 virgo
854 886 996 938 ipsum
1014 884 1280 935 conceperat,

251 961 344 1001 ideo
357 961 426 1001 hic
438 958 749 1012 primogenitus
762 959 797 1010 ej
804 969 854 997 us
867 958 955 996 erat
964 959 976 980 ³
991 971 999 995 ;
1011 955 1141 996 «Ecce
1155 953 1282 1005 virgo

250 1031 480 1084 concipiet,
515 1032 556 1070 et
587 1028 715 1083 pariet
745 1027 901 1078 filium,
938 1041 956 1063 »
995 1028 1073 1067 etc.
1109 1025 1159 1065 Et
1190 1023 1282 1065 ideo

248 1106 395 1156 partus
413 1113 550 1143 novus
575 1099 673 1150 fuit,
702 1099 811 1139 sicut
835 1101 876 1139 et
901 1098 1152 1149 conceptus:
1182 1095 1283 1148 quia

249 1175 357 1215 sicut
385 1174 610 1225 conceptus
640 1171 730 1210 sine
759 1169 942 1223 pudore,
978 1168 1037 1208 sic
1065 1170 1106 1208 et
1137 1169 1283 1220 partus

249 1247 340 1286 sine
359 1244 502 1286 dolore
522 1242 535 1264 ⁴
553 1257 562 1283 z
586 1257 605 1281 (‹
623 1242 865 1294 Antequam
887 1239 1138 1293 parturiret,
1160 1250 1284 1291 pepe-

247 1316 302 1357 rit
332 1331 340 1357 :
374 1317 602 1367 antequam
628 1312 793 1353 veniret
817 1312 963 1364 partus
988 1311 1099 1361 eJuS,
1122 1308 1283 1361 peperit

247 1385 503 1428 masculum.
541 1382 643 1433 Quis
674 1381 836 1422 audivit
869 1392 1063 1433 unquam
1097 1378 1207 1419 tale?
1243 1382 1283 1420 et

248 1459 344 1513 quis
363 1457 470 1499 vidit
486 1455 589 1497 huic
608 1453 742 1495 simile
755 1454 774 1492 ἱ)
795 1467 813 1490 1)
839 1452 890 1493 Ε1
912 1454 1056 1505 postea
1075 1465 1084 1491 ε
1112 1466 1131 1489 α
1151 1449 1282 1491 Num-

247 1530 351 1583 quid
375 1540 480 1580 ego,
507 1526 581 1579 qui
614 1524 718 1565 alios
747 1535 895 1576 parere
919 1522 1045 1572 facio,
1075 1521 1163 1574 ipse
1194 1528 1282 1562 non

246 1601 430 1654 pariam,
454 1597 554 1639 dicit
571 1595 778 1636 Dominus
793 1595 812 1633 ἶ)
835 1592 880 1633 Si
899 1605 982 1644 ego
1003 1592 1078 1644 qui
1100 1604 1279 1644 genera-

246 1672 405 1712 tionem
430 1667 593 1709 caeteris
617 1665 785 1714 tribuo,
820 1663 972 1704 sterilis
997 1675 1090 1712 ero,
1118 1662 1176 1702 ait
1199 1662 1279 1703 Do-

247 1742 391 1783 minus
419 1739 557 1781 Deus‘?
583 1752 602 1776 ))
628 1736 739 1778 Talis
770 1736 916 1788 partus
948 1734 1121 1775 decebat
1147 1732 1283 1773 Chris-

248 1817 356 1864 tum,
376 1812 427 1853 de
447 1823 533 1864 quo
553 1807 773 1862 Apostolus
791 1806 804 1828 ⁵
823 1820 832 1847 :
861 1821 881 1845 α
900 1805 949 1845 In
966 1816 1050 1857 quo
1072 1804 1281 1845 habemus

248 1884 598 1938 redemptionem,
620 1884 661 1922 61
681 1879 974 1920 remissionem
994 1879 1278 1929 peccatorum,

249 1956 322 2009 qui
348 1958 411 1996 est
437 1955 582 2005 imago
609 1951 681 1992 Dei
699 1949 945 1999 invisibilis,
968 1947 1282 2001 primogenitus

248 2027 388 2069 omnis
407 2028 629 2067 creaturae.
650 2038 670 2061 ))
692 2022 810 2063 Unde
824 2053 834 2071 ,
857 2021 966 2061 sicut
991 2022 1052 2060 est
1072 2020 1283 2072 primoge-

247 2100 363 2140 nitus
382 2096 531 2147 Patris,
555 2096 613 2136 ita
632 2094 760 2135 etiam
780 2091 1092 2145 primogenitus
1112 2090 1278 2140 matris3

247 2171 356 2210 sicut
374 2168 502 2209 etiam
521 2165 771 2217 unigenitus
786 2162 940 2213 Patris,
956 2162 1015 2202 ita
1031 2161 1282 2213 unigenitus

246 2238 394 2280 matris
414 2237 428 2259 ⁰
450 2251 459 2278 :
484 2251 503 2275 ε(
523 2235 718 2277 Vidimus
744 2233 929 2286 gloriam
954 2234 989 2285 ej
1000 2244 1067 2282 us,
1099 2232 1281 2284 gloriam

246 2310 369 2364 quasi
400 2306 615 2359 unigeniti
640 2319 665 2347 a
692 2305 830 2347 Patre.
862 2320 881 2343 ))
909 2303 1027 2345 Unde
1064 2316 1150 2345 non
1183 2303 1282 2344 dicit

245 2382 316 2422 hic
348 2378 656 2434 primoqem‘tus
690 2376 882 2417 ordinem
921 2376 1117 2428 respectu
1148 2377 1282 2427 poste-

246 2452 389 2502 rioris,
417 2451 524 2491 sicut
548 2448 710 2489 dicebat
732 2445 923 2487 Elvidius
947 2446 998 2497 (a)
1031 2444 1277 2495 haereticus3

245 2524 316 2565 sed
339 2521 620 2576 privationem
647 2520 841 2570 respectu
869 2516 1044 2569 prioris,
1068 2516 1169 2568 quia
1188 2516 1281 2556 nul-

244 2594 335 2635 lum
356 2591 507 2633 habuit
537 2591 634 2630 ante
653 2588 797 2638 illum,
819 2589 867 2627 ut
894 2587 1139 2627 ostendatur
1165 2587 1280 2639 quod

245 2665 335 2718 ipse
360 2662 539 2704 Domino
566 2658 749 2700 totaliter
772 2660 862 2698 erat
891 2657 1164 2698 dedicandus
1192 2657 1280 2698 Pri-

246 2734 464 2787 mogenita
482 2731 597 2773 enim
613 2729 757 2771 omnia
776 2731 896 2770 erant
909 2728 993 2769 Deo
1010 2728 1224 2769 offerenda
1238 2732 1275 2770 7:

251 2821 270 2846 (ι
285 2806 507 2847 Sanctifica
525 2802 632 2844 mihi
648 2813 773 2842 omne
786 2799 1142 2853 primogenitum,
1165 2799 1277 2851 quod

244 2877 378 2931 aperit
397 2875 572 2917 vulvam
600 2873 646 2913 in
668 2872 766 2912 filiis
794 2870 936 2922 Israel,
961 2873 1048 2911 tam
1068 2870 1117 2911 de
1143 2870 1278 2910 homi-

242 2949 392 2998 nibus,
420 2957 549 2999 quam
577 2944 628 2985 de
651 2943 889 2996 jumentis:
919 2954 1014 2983 mea
1037 2943 1138 2982 sunt
1162 2944 1276 2982 enim

243 3018 402 3060 omnia.
428 3031 447 3054 1)
463 3015 655 3056 Insinuat
673 3016 817 3053 autem
836 3013 959 3053 tertio
980 3014 1273 3065 paupertatem

242 3088 467 3143 parientis,
501 3085 603 3138 quia
632 3095 765 3136 egens
797 3083 1071 3135 operimenti,
1103 3083 1198 3124 lecti
1234 3085 1276 3124 et

284 3198 295 3218 1
315 3195 405 3234 Gal„
424 3201 472 3233 1V,
492 3194 522 3224 4.
543 3208 583 3214 —
603 3190 615 3211 2
635 3188 722 3221 Psal.
744 3196 852 3229 Lxxu,
878 3191 929 3220 12.
953 3207 988 3211 -
1010 3190 1021 3208 ³
1041 3191 1121 3228 Isa„
1141 3197 1201 3229 v11,
1222 3191 1272 3221 14.

242 3259 283 3267 —
301 3244 312 3262 ⁴
333 3244 412 3283 Isa.,
440 3247 533 3279 LXVI,
553 3239 623 3270 7-9.
647 3254 682 3259 —
709 3237 720 3255 ⁵
743 3234 881 3274 Colosv„
904 3243 932 3275 1,
956 3238 1006 3268 15.
1028 3253 1064 3258 —-
1086 3237 1099 3258 ὃ
1118 3237 1227 3276 Joan„
1248 3245 1271 3277 1,

243 3292 294 3322 14.
315 3307 355 3314 —
375 3291 385 3309 ⁷
406 3286 527 3327 Etr-od„
547 3292 626 3325 xm,
645 3285 676 3315 2.
699 3299 734 3305 —-
756 3282 769 3303 ⁸
791 3283 803 3313 1
826 3282 922 3322 Tim„
942 3290 990 3323 vr,
1011 3283 1041 3314 8.
1061 3300 1102 3306 —
1124 3285 1135 3302 ⁹
1158 3283 1273 3324 thclz„

242 3344 302 3377 111,
322 3338 353 3368 3.
372 3354 412 3360 —
430 3336 458 3357 1⁰
477 3336 591 3372 Bern.,
610 3330 649 3362 de
666 3330 780 3362 Nativ.
808 3330 918 3368 Dom„
938 3339 1041 3361 serm.
1062 3338 1109 3369 IV,
1133 3340 1166 3361 n.
1191 3333 1219 3362 1.
1232 3347 1273 3355 —

242 3384 266 3404 ll
288 3383 375 3414 Psal,
396 3391 479 3422 xcu,
499 3385 528 3413 1.
544 3396 584 3403 —
604 3379 628 3400 ¹²
649 3376 784 3416 Mattlz„
802 3384 852 3416 XI,
872 3378 903 3408 ὃ.
923 3377 1009 3400 -13
1029 3377 1148 3416 Ecclz'.,
1170 3385 1218 3418 241,
1239 3382 1268 3410 4.

984 81 1267 124 EVANGELH
1299 60 1486 124 SANcri
1515 83 1664 125 LUCAE

1359 170 1530 224 hospitii
1552 174 1655 213 erat.
1683 170 1858 223 Propter
1882 171 2089 213 defectum
2116 173 2387 226 operimenti,

1358 241 1477 281 dicit:
1497 242 1552 285 Ec
1563 243 1724 294 pannis
1739 252 1832 283 eum
1849 243 2044 293 involvit,
2060 255 2146 284 non
2160 257 2245 285 una
2256 248 2386 295 veste,

1359 312 1429 352 sed
1445 313 1612 363 multis,
1636 316 1683 353 ut
1702 324 1915 365 pannosus
1935 325 2097 365 pauper
2117 318 2255 366 posset
2283 316 2363 356 dici
2376 348 2386 367 ‚

1358 385 1397 422 et
1418 384 1612 436 exemplo
1632 386 1886 425 monstraret
1903 384 2007 425 illud
2024 384 2209 437 Apostoli
2223 386 2259 426 ⁸:
2278 401 2296 424 (1
2310 387 2390 426 Ha-

1358 453 1502 494 bentes
1515 454 1727 505 alimenta,
1745 457 1785 496 et
1799 454 1956 507 quibus
1974 456 2188 506 tegamur,
2210 455 2277 495 his
2293 468 2390 496 con-

1359 522 1462 562 tenti
1483 523 1629 564 simus.
1658 539 1677 562 »
1705 524 1754 565 Et
1779 524 1856 564 hoc
1881 524 2179 576 correspondet
2204 523 2264 563 illi
2290 536 2387 573 pro-

1359 593 1528 646 phetiae,
1545 596 1619 636 ubi
1639 596 1816 637 dicitur⁹
1831 608 1840 636 ε
1857 596 1879 633 ἀ
1896 595 1945 635 Ε1
1964 595 2084 636 Jesus
2107 597 2196 635 erat
2215 595 2390 636 indutus

1359 664 1547 706 vestibus
1567 667 1758 708 sordidis.
1782 681 1801 704 ))
1822 666 2060 707 Bernardus
2076 666 2153 706 ¹⁰:(‹
2174 666 2391 717 Agnoscas

1358 735 1501 776 Jesum
1528 738 1787 779 sacerdotem
1810 750 2040 790 magnum,
2063 737 2240 778 sordidis
2264 737 2390 778 indu-

1358 808 1450 847 tum
1464 809 1669 859 vestibus,
1686 809 1741 849 du
1748 821 1788 848 m
1805 809 2077 849 altercaretur
2094 821 2191 849 cum
2206 807 2387 849 diabolo.

1358 875 1413 916 At
1438 877 1513 916 ubi
1535 878 1768 918 exaltatum
1798 881 1862 919 est
1887 881 2012 931 caput
2041 881 2234 920 nostrum
2264 891 2392 932 super

1359 946 1552 988 inimicos
1579 951 1770 998 nostros,
1804 950 1985 990 mutavit
2011 953 2196 1001 vestem,
2222 952 2248 972 ¹¹
2270 950 2389 992 deco-

1359 1029 1444 1060 rem
1480 1018 1643 1070 induit,
1678 1020 1859 1061 anticius
1901 1020 2060 1062 lumine
2075 1052 2087 1071 ,
2126 1021 2238 1063 sicut
2269 1022 2393 1062 vesti-

1359 1094 1507 1132 mento.
1545 1089 1692 1132 Utilior
1717 1091 1926 1144 siquidem
1949 1094 2011 1132 est
2037 1091 2082 1131 in
2113 1091 2309 1132 conflictu
2333 1091 2393 1132 10-

1358 1160 1448 1201 rica
1479 1162 1634 1212 ferrea,
1666 1174 1796 1215 quam
1825 1162 1932 1202 stola
1956 1161 2091 1213 linea,
2125 1161 2221 1203 licet
2246 1161 2318 1202 illa
2339 1161 2393 1202 sit

1358 1233 1492 1283 oneri,
1514 1233 1594 1273 ista
1613 1233 1779 1273 honori.
1800 1247 1818 1270 1)
1837 1232 1887 1273 Et
1906 1233 1950 1272 in
1969 1233 2049 1273 hoc
2067 1232 2392 1285 reprehenditur

1358 1303 1496 1344 cultus
1524 1304 1708 1346 vestium
1738 1304 2042 1357 pretiosarum;
2078 1306 2248 1356 propter
2277 1303 2391 1356 quod

1358 1374 1456 1415 dicit
1477 1375 1532 1415 ¹2:
1562 1390 1581 1414 «
1602 1375 1680 1424 Qui
1697 1375 1893 1416 mollibus
1913 1374 2169 1425 vestiuntur,
2191 1374 2237 1414 in
2262 1373 2392 1414 domi-

1358 1446 1439 1486 bus
1458 1458 1616 1498 regum
1638 1449 1751 1487 sunt.
1767 1461 1787 1484 1)
1812 1446 1863 1486 Ε1
1884 1446 1911 1467 ¹³
1929 1460 1968 1486 :a
1989 1446 2035 1486 In
2055 1445 2211 1486 vestitu
2229 1456 2282 1484 ne
2303 1444 2393 1495 glo-

1357 1516 1479 1557 rieris
1505 1514 1713 1569 unquam.
1742 1532 1761 1554 ))
1788 1516 1964 1568 Propter
1993 1515 2199 1556 defectum
2232 1514 2389 1565 lectuli,

1357 1587 1523 1628 subdit:
1547 1589 1603 1630 Ec
1623 1588 1850 1630 reclinavit
1869 1597 1962 1628 eum
1981 1586 2031 1628 in
2052 1587 2284 1639 praesepio,
2305 1597 2392 1627 non

1357 1658 1400 1698 in
1421 1658 1564 1710 cubili,
1582 1658 1640 1699 ita
1653 1661 1700 1699 111
1714 1658 2005 1700 verificaretur
2023 1658 2126 1698 illud
2142 1657 2169 1679 ¹⁶
2185 1672 2193 1699 :
2214 1657 2392 1710 «Vulpes

1356 1729 1500 1771 foveas
1518 1731 1677 1771 habent
1691 1762 1702 1779 ,
1726 1732 1766 1771 et
1786 1730 1980 1772 volucres
1998 1730 2091 1771 coeli
2115 1730 2255 1780 nidos;
2277 1730 2392 1771 filius

1357 1802 1500 1841 autem
1520 1801 1707 1842 hominis
1736 1813 1823 1842 non
1849 1801 1996 1853 habet,
2019 1801 2094 1841 ubi
2119 1803 2245 1853 caput
2264 1812 2391 1842 suum

1357 1872 1545 1913 reclinet.
1571 1888 1589 1910 ))
1616 1872 1663 1913 111
1682 1872 1888 1925 praesepio
1913 1872 2085 1925 ponitur
2112 1872 2324 1923 Christus,
2345 1874 2394 1914 ut

1357 1944 1601 1985 ostendatur
1622 1944 1727 1984 illud
1747 1944 1775 1966 ¹⁶
1794 1958 1802 1984 :
1833 1958 1852 1981 ((
1871 1943 1962 1995 Ego
1981 1956 2077 1984 sum
2096 1943 2217 1996 panis
2243 1943 2388 1995 vivus,

1357 2014 1431 2066 qui
1464 2014 1515 2054 de
1543 2014 1647 2055 coelo
1673 2014 1881 2054 descendi.
1907 2027 1926 2051 1)
1952 2013 2002 2054 Ε1
2031 2016 2079 2054 111
2099 2014 2392 2056 verificaretur

1356 2084 1462 2126 illud
1484 2086 1533 2125 ¹⁶:
1563 2101 1582 2124 «
1604 2085 1813 2137 Cognovit
1833 2085 1910 2125 bos
1929 2096 2212 2138 possessorem
2238 2098 2386 2137 suum,

1356 2161 1396 2198 et
1427 2158 1571 2199 asinus
1600 2170 1786 2210 praesepe
1815 2157 1975 2198 domini
1996 2158 2075 2200 sui.
2098 2173 2117 2197 ))
2140 2157 2191 2199 Ε1
2208 2158 2313 2199 illud
2334 2159 2385 2197 ¹⁷:

1359 2245 1378 2268 «
1395 2229 1665 2271 Consideravi
1684 2241 1812 2282 opera
1831 2231 1918 2280 tua,
1939 2231 1980 2270 et
1993 2230 2220 2283 obstupui:
2241 2233 2283 2271 in
2304 2242 2389 2271 me-

1355 2298 1423 2338 dio
1441 2298 1625 2339 duorum
1642 2297 1892 2338 animalium
1906 2299 2189 2348 cognosceris.
2210 2313 2228 2337 ))
2244 2299 2291 2340 In
2308 2300 2390 2341 hoc
2439 2324 2549 2350 sensus

1355 2371 1524 2420 autem,
1559 2368 1793 2410 secundum
1829 2369 2057 2422 mysticum
2099 2369 2357 2412 intellectum
2373 2401 2384 2421 ,
2407 2363 2549 2399 mY⁵²i⁰⁰⁵

1354 2440 1468 2492 quod
1495 2442 1620 2480 natus
1653 2442 1715 2481 est
1747 2439 1792 2479 in
1826 2439 2096 2492 Bethlehem,
2131 2441 2386 2494 intelligitur

1354 2512 1467 2564 quod
1487 2514 1550 2552 est
1568 2512 1689 2563 panis
1709 2512 1836 2553 vivus
1857 2512 1908 2552 ¹⁸:
1931 2527 1950 2550 «
1969 2511 2216 2554 Bethlehem
2235 2513 2387 2554 domus

1352 2583 1473 2636 panis
1498 2583 1813 2635 interpretatur.
1837 2596 1856 2619 »
1880 2582 1928 2622 In
1954 2583 2033 2624 hoc
2060 2584 2174 2636 quod
2203 2584 2248 2624 in
2273 2596 2383 2637 prae-

1352 2654 1468 2707 sepio
1485 2653 1659 2706 positus,
1682 2655 1854 2694 notatur
1874 2653 1985 2705 quod
2006 2655 2069 2694 est
2088 2654 2206 2694 cibus
2226 2655 2386 2707 simpli-

1352 2726 1466 2766 cium
1475 2724 1766 2775 ethumilium,
1776 2724 1941 2765 ratione
1949 2724 2087 2764 carnis
2095 2727 2322 2777 assumptae
2332 2725 2380 2766 ¹⁹:

1355 2811 1374 2835 «
1397 2795 1542 2836 Omnis
1563 2807 1659 2837 caro
1684 2795 1871 2846 foenum,
1899 2797 1940 2836 et
1966 2795 2104 2836 omnis
2132 2794 2269 2846 gloria
2289 2797 2384 2848 ejus

1351 2868 1472 2921 quasi
1492 2868 1570 2908 flos
1588 2866 1700 2918 agri.
1720 2866 1796 2906 »In
1814 2866 1908 2917 hoc,
1927 2865 2041 2918 quod
2062 2865 2106 2906 in
2127 2866 2264 2907 medio
2284 2866 2384 2907 duo-

1350 2951 1447 2980 rum
1468 2937 1732 2988 animalium,
1753 2936 1948 2988 signatur
1968 2936 2082 2989 quod
2098 2937 2142 2976 in
2161 2937 2242 2978 hoc
2261 2940 2383 2990 pastu

1350 3013 1391 3051 et
1427 3011 1592 3063 pastore
1624 3008 1738 3049 uniri
1775 3008 1983 3048 debebant
2014 3019 2166 3060 pecora
2202 3008 2380 3062 duplicis

1349 3081 1472 3124 ovilis
1489 3082 1543 3121 ²⁰:
1571 3095 1591 3119 α
1611 3079 1725 3121 Alias
1744 3090 1844 3121 oves
1861 3079 2019 3130 habeo,
2045 3090 2142 3133 quae
2168 3092 2255 3122 non
2279 3083 2380 3122 sunt

1349 3231 1384 3236 —
1412 3213 1437 3234 1⁴
1458 3212 1548 3253 Luc„
1572 3219 1622 3252 1x,
1643 3213 1694 3243 58.
1715 3227 1754 3233 —
1779 3211 1804 3232 1⁵
1824 3211 1931 3250 Joan„
1953 3217 2000 3251 vr,
2021 3212 2071 3243 41.
2094 3228 2133 3235 -
2153 3212 2181 3234 1⁶
2199 3212 2278 3254 Isa„
2299 3220 2324 3253 1,
2345 3213 2376 3244 3.

1349 3278 1384 3283 —-
1403 3260 1427 3281 ¹⁷
1447 3259 1584 3293 Habac„
1605 3267 1657 3298 111,
1681 3260 1712 3290 2.
1735 3275 1776 3281 —
1795 3258 1821 3279 1⁸
1844 3259 1960 3298 Grcg.,
1976 3259 2010 3289 z'n
2025 3258 2168 3300 Evanq„
2184 3259 2279 3292 hom.
2301 3266 2377 3299 vm,

1346 3317 1379 3340 n.
1398 3309 1426 3339 1.
1441 3306 1523 3329 —19
1545 3306 1624 3355 isa„
1647 3313 1703 3345 XL,
1725 3307 1756 3337 6.
1779 3322 1816 3328 —
1836 3305 1863 3327 ²⁰
1881 3306 1987 3345 Joan„
2008 3313 2042 3346 x,
2066 3308 2114 3339 16.

1389 3377 1432 3418 (a)
1452 3377 1506 3410 Al.
1531 3375 1716 3408 Helvidius.
