<?xml version="1.0" encoding="UTF-8"?>
<!DOCTYPE html PUBLIC "-//W3C//DTD XHTML 1.0 Transitional//EN"
    "http://www.w3.org/TR/xhtml1/DTD/xhtml1-transitional.dtd">
<html xmlns="http://www.w3.org/1999/xhtml" xml:lang="en" lang="en">
 <head>
  <title>
</title>
<meta http-equiv="Content-Type" content="text/html;charset=utf-8" />
  <meta name='ocr-system' content='tesseract 3.04.00' />
  <meta name='ocr-capabilities' content='ocr_page ocr_carea ocr_par ocr_line ocrx_word'/>
</head>
<body>
  <div class='ocr_page' id='page_1' title='image "./operaomniasixtiv10bonauoft/operaomniasixtiv10bonauoft_0199.png"; bbox 0 0 2634 3853; ppageno 0'>
   <div class='ocr_carea' id='block_1_1' title="bbox 1124 237 1371 279">
    <p class='ocr_par' dir='ltr' id='par_1_1' title="bbox 1124 237 1371 279">
     <span class='ocr_line' id='line_1_1' title="bbox 1124 237 1371 279; baseline 0 -2"><span class='ocrx_word' id='word_1_1' title='bbox 1124 237 1292 279; x_wconf 82' lang='lat' dir='ltr'>CAPUT</span> <span class='ocrx_word' id='word_1_2' title='bbox 1323 238 1371 278; x_wconf 86' lang='lat' dir='ltr'>H.</span> 
     </span>
    </p>
   </div>
   <div class='ocr_carea' id='block_1_2' title="bbox 184 323 1226 3341">
    <p class='ocr_par' dir='ltr' id='par_1_2' title="bbox 184 323 1218 1291">
     <span class='ocr_line' id='line_1_2' title="bbox 186 323 1207 378; baseline -0.005 -9"><span class='ocrx_word' id='word_1_3' title='bbox 186 328 296 369; x_wconf 85' lang='lat' dir='ltr'>sitin</span> <span class='ocrx_word' id='word_1_4' title='bbox 309 325 530 378; x_wconf 89' lang='lat' dir='ltr'>alphabeto</span> <span class='ocrx_word' id='word_1_5' title='bbox 548 324 813 376; x_wconf 71' lang='lat' dir='ltr'>praecedenti.</span> <span class='ocrx_word' id='word_1_6' title='bbox 828 323 943 365; x_wconf 85' lang='lat' dir='ltr'>Unde</span> <span class='ocrx_word' id='word_1_7' title='bbox 962 324 1022 364; x_wconf 88' lang='lat' dir='ltr'>illi</span> <span class='ocrx_word' id='word_1_8' title='bbox 1042 326 1184 367; x_wconf 86' lang='lat' dir='ltr'>versui</span> <span class='ocrx_word' id='word_1_9' title='bbox 1198 340 1207 375; x_wconf 82' lang='lat'><em>3</em></span> 
     </span>
     <span class='ocr_line' id='line_1_3' title="bbox 186 395 1208 450; baseline -0.003 -11"><span class='ocrx_word' id='word_1_10' title='bbox 186 398 468 450; x_wconf 74' lang='lat' dir='ltr'>Aperuerunt,</span> <span class='ocrx_word' id='word_1_11' title='bbox 499 396 592 443; x_wconf 89' lang='lat' dir='ltr'>etc.,</span> <span class='ocrx_word' id='word_1_12' title='bbox 634 395 898 446; x_wconf 61' lang='lat' dir='ltr'>praeponitur</span> <span class='ocrx_word' id='word_1_13' title='bbox 925 395 1063 436; x_wconf 88' lang='lat' dir='ltr'>littera</span> <span class='ocrx_word' id='word_1_14' title='bbox 1097 396 1208 446; x_wconf 81' lang='lat' dir='ltr'>Phe;</span> 
     </span>
     <span class='ocr_line' id='line_1_4' title="bbox 185 464 1210 518; baseline -0.001 -11"><span class='ocrx_word' id='word_1_15' title='bbox 185 467 247 507; x_wconf 93' lang='lat' dir='ltr'>illi</span> <span class='ocrx_word' id='word_1_16' title='bbox 275 464 493 518; x_wconf 76' lang='lat' dir='ltr'>sequenti:</span> <span class='ocrx_word' id='word_1_17' title='bbox 527 464 649 506; x_wconf 74' lang='lat' dir='ltr'>Fecit</span> <span class='ocrx_word' id='word_1_18' title='bbox 678 465 899 514; x_wconf 73' lang='lat' dir='ltr'>Dominus,</span> <span class='ocrx_word' id='word_1_19' title='bbox 927 468 1021 514; x_wconf 88' lang='lat' dir='ltr'>etc.,</span> <span class='ocrx_word' id='word_1_20' title='bbox 1045 477 1210 518; x_wconf 84' lang='lat' dir='ltr'>praepo-</span> 
     </span>
     <span class='ocr_line' id='line_1_5' title="bbox 184 535 1208 586; baseline 0 -10"><span class='ocrx_word' id='word_1_21' title='bbox 184 537 299 576; x_wconf 87' lang='lat' dir='ltr'>nitur</span> <span class='ocrx_word' id='word_1_22' title='bbox 311 536 450 575; x_wconf 88' lang='lat' dir='ltr'>littera</span> <span class='ocrx_word' id='word_1_23' title='bbox 464 535 566 576; x_wconf 74' lang='lat' dir='ltr'>Ain.</span> <span class='ocrx_word' id='word_1_24' title='bbox 589 535 886 586; x_wconf 81' lang='lat' dir='ltr'>Nihilominus,</span> <span class='ocrx_word' id='word_1_25' title='bbox 906 538 946 576; x_wconf 89' lang='lat' dir='ltr'>et</span> <span class='ocrx_word' id='word_1_26' title='bbox 960 536 1018 575; x_wconf 88' lang='lat' dir='ltr'>illi</span> <span class='ocrx_word' id='word_1_27' title='bbox 1039 536 1180 576; x_wconf 90' lang='lat' dir='ltr'>versui</span> <span class='ocrx_word' id='word_1_28' title='bbox 1197 548 1208 576; x_wconf 74' lang='grc' dir='ltr'>ι</span> 
     </span>
     <span class='ocr_line' id='line_1_6' title="bbox 184 607 1211 659; baseline -0.003 -11"><span class='ocrx_word' id='word_1_29' title='bbox 184 607 452 659; x_wconf 76' lang='lat' dir='ltr'>Aperuerzmt</span> <span class='ocrx_word' id='word_1_30' title='bbox 483 616 610 658; x_wconf 78' lang='lat' dir='ltr'>super</span> <span class='ocrx_word' id='word_1_31' title='bbox 641 609 677 647; x_wconf 74' lang='lat' dir='ltr'>te</span> <span class='ocrx_word' id='word_1_32' title='bbox 707 616 750 647; x_wconf 81' lang='lat' dir='ltr'>os</span> <span class='ocrx_word' id='word_1_33' title='bbox 783 616 932 656; x_wconf 76' lang='lat' dir='ltr'>suum,</span> <span class='ocrx_word' id='word_1_34' title='bbox 975 609 1074 656; x_wconf 85' lang='lat' dir='ltr'>etc.,</span> <span class='ocrx_word' id='word_1_35' title='bbox 1109 618 1211 646; x_wconf 89' lang='lat' dir='ltr'>con-</span> 
     </span>
     <span class='ocr_line' id='line_1_7' title="bbox 185 676 1212 729; baseline 0.001 -13"><span class='ocrx_word' id='word_1_36' title='bbox 185 677 301 717; x_wconf 88' lang='lat' dir='ltr'>venit</span> <span class='ocrx_word' id='word_1_37' title='bbox 324 676 377 729; x_wconf 82' lang='lat' dir='ltr'>(a)</span> <span class='ocrx_word' id='word_1_38' title='bbox 416 676 572 728; x_wconf 85' lang='lat' dir='ltr'>optime</span> <span class='ocrx_word' id='word_1_39' title='bbox 599 676 738 716; x_wconf 90' lang='lat' dir='ltr'>littera</span> <span class='ocrx_word' id='word_1_40' title='bbox 767 676 858 726; x_wconf 81' lang='lat' dir='ltr'>Phe,</span> <span class='ocrx_word' id='word_1_41' title='bbox 891 688 986 729; x_wconf 84' lang='lat' dir='ltr'>quae</span> <span class='ocrx_word' id='word_1_42' title='bbox 1006 677 1212 729; x_wconf 89' lang='lat' dir='ltr'>interpre-</span> 
     </span>
     <span class='ocr_line' id='line_1_8' title="bbox 185 746 1211 799; baseline -0.001 -11"><span class='ocrx_word' id='word_1_43' title='bbox 185 750 300 788; x_wconf 80' lang='lat' dir='ltr'><strong>tatur</strong></span> <span class='ocrx_word' id='word_1_44' title='bbox 320 747 432 788; x_wconf 76' lang='lat' dir='ltr'>orz&#39;s:</span> <span class='ocrx_word' id='word_1_45' title='bbox 453 747 553 799; x_wconf 89' lang='lat' dir='ltr'>quid</span> <span class='ocrx_word' id='word_1_46' title='bbox 570 746 684 786; x_wconf 89' lang='lat' dir='ltr'>enim</span> <span class='ocrx_word' id='word_1_47' title='bbox 704 746 857 786; x_wconf 90' lang='lat' dir='ltr'>melius</span> <span class='ocrx_word' id='word_1_48' title='bbox 870 747 1134 798; x_wconf 85' lang='lat' dir='ltr'>praeponitur</span> <span class='ocrx_word' id='word_1_49' title='bbox 1160 747 1211 799; x_wconf 82' lang='grc' dir='ltr'>(α)</span> 
     </span>
     <span class='ocr_line' id='line_1_9' title="bbox 185 816 1216 870; baseline 0.001 -12"><span class='ocrx_word' id='word_1_50' title='bbox 185 817 391 870; x_wconf 85' lang='lat' dir='ltr'>apertioni</span> <span class='ocrx_word' id='word_1_51' title='bbox 411 818 509 857; x_wconf 82' lang='lat' dir='ltr'>ore?</span> <span class='ocrx_word' id='word_1_52' title='bbox 537 816 600 856; x_wconf 88' lang='lat' dir='ltr'>llli</span> <span class='ocrx_word' id='word_1_53' title='bbox 621 820 763 857; x_wconf 89' lang='lat' dir='ltr'>autem</span> <span class='ocrx_word' id='word_1_54' title='bbox 783 817 925 857; x_wconf 78' lang='lat' dir='ltr'>versui</span> <span class='ocrx_word' id='word_1_55' title='bbox 951 828 960 855; x_wconf 74' lang='grc' dir='ltr'>ε</span> <span class='ocrx_word' id='word_1_56' title='bbox 991 819 1112 860; x_wconf 74' lang='lat' dir='ltr'>Fecit</span> <span class='ocrx_word' id='word_1_57' title='bbox 1129 818 1216 859; x_wconf 85' lang='lat' dir='ltr'>Do-</span> 
     </span>
     <span class='ocr_line' id='line_1_10' title="bbox 186 887 1213 939; baseline 0.001 -11"><span class='ocrx_word' id='word_1_58' title='bbox 186 888 354 937; x_wconf 79' lang='lat' dir='ltr'>minus,</span> <span class='ocrx_word' id='word_1_59' title='bbox 378 889 473 937; x_wconf 74' lang='lat' dir='ltr'>etc,</span> <span class='ocrx_word' id='word_1_60' title='bbox 508 889 618 927; x_wconf 87' lang='lat' dir='ltr'>recte</span> <span class='ocrx_word' id='word_1_61' title='bbox 645 887 908 939; x_wconf 71' lang='lat' dir='ltr'>praeponitur</span> <span class='ocrx_word' id='word_1_62' title='bbox 938 887 1077 928; x_wconf 88' lang='lat' dir='ltr'>littera</span> <span class='ocrx_word' id='word_1_63' title='bbox 1103 888 1213 938; x_wconf 78' lang='lat' dir='ltr'>Ain,</span> 
     </span>
     <span class='ocr_line' id='line_1_11' title="bbox 187 957 1217 1010; baseline 0 -13"><span class='ocrx_word' id='word_1_64' title='bbox 187 969 287 1010; x_wconf 81' lang='lat' dir='ltr'>quae</span> <span class='ocrx_word' id='word_1_65' title='bbox 314 957 612 1010; x_wconf 86' lang='lat' dir='ltr'>interpretatur</span> <span class='ocrx_word' id='word_1_66' title='bbox 641 957 758 1007; x_wconf 73' lang='lat' dir='ltr'>fons,</span> <span class='ocrx_word' id='word_1_67' title='bbox 791 957 891 1009; x_wconf 89' lang='lat' dir='ltr'>quia</span> <span class='ocrx_word' id='word_1_68' title='bbox 922 958 1124 999; x_wconf 87' lang='lat' dir='ltr'>correctio</span> <span class='ocrx_word' id='word_1_69' title='bbox 1149 957 1217 998; x_wconf 90' lang='lat' dir='ltr'>vel</span> 
     </span>
     <span class='ocr_line' id='line_1_12' title="bbox 187 1027 1214 1080; baseline 0.001 -12"><span class='ocrx_word' id='word_1_70' title='bbox 187 1027 401 1080; x_wconf 81' lang='lat' dir='ltr'>dispositio</span> <span class='ocrx_word' id='word_1_71' title='bbox 420 1027 515 1076; x_wconf 89' lang='lat' dir='ltr'>Dei,</span> <span class='ocrx_word' id='word_1_72' title='bbox 542 1028 633 1067; x_wconf 86' lang='lat' dir='ltr'>fons</span> <span class='ocrx_word' id='word_1_73' title='bbox 655 1030 716 1067; x_wconf 89' lang='lat' dir='ltr'>est</span> <span class='ocrx_word' id='word_1_74' title='bbox 736 1029 775 1068; x_wconf 90' lang='lat' dir='ltr'>et</span> <span class='ocrx_word' id='word_1_75' title='bbox 802 1040 926 1068; x_wconf 73' lang='lat' dir='ltr'>causa</span> <span class='ocrx_word' id='word_1_76' title='bbox 954 1028 1082 1069; x_wconf 88' lang='lat' dir='ltr'>totius</span> <span class='ocrx_word' id='word_1_77' title='bbox 1103 1028 1214 1069; x_wconf 91' lang='lat' dir='ltr'>ordi-</span> 
     </span>
     <span class='ocr_line' id='line_1_13' title="bbox 188 1099 1216 1152; baseline 0.001 -12"><span class='ocrx_word' id='word_1_78' title='bbox 188 1100 267 1140; x_wconf 80' lang='lat' dir='ltr'>niS.</span> <span class='ocrx_word' id='word_1_79' title='bbox 287 1099 364 1141; x_wconf 84' lang='lat' dir='ltr'>Vel</span> <span class='ocrx_word' id='word_1_80' title='bbox 382 1101 467 1142; x_wconf 79' lang='lat' dir='ltr'>Ain</span> <span class='ocrx_word' id='word_1_81' title='bbox 485 1100 789 1151; x_wconf 76' lang='lat' dir='ltr'>interpretatur</span> <span class='ocrx_word' id='word_1_82' title='bbox 802 1099 960 1151; x_wconf 77' lang='lat' dir='ltr'>oculus,</span> <span class='ocrx_word' id='word_1_83' title='bbox 983 1101 1095 1152; x_wconf 85' lang='lat' dir='ltr'>quod</span> <span class='ocrx_word' id='word_1_84' title='bbox 1117 1113 1216 1142; x_wconf 91' lang='lat' dir='ltr'>con-</span> 
     </span>
     <span class='ocr_line' id='line_1_14' title="bbox 193 1170 1218 1223; baseline 0.001 -12"><span class='ocrx_word' id='word_1_85' title='bbox 193 1170 310 1222; x_wconf 87' lang='lat' dir='ltr'>gruit</span> <span class='ocrx_word' id='word_1_86' title='bbox 321 1171 550 1223; x_wconf 86' lang='lat' dir='ltr'>proposito,</span> <span class='ocrx_word' id='word_1_87' title='bbox 568 1170 670 1222; x_wconf 86' lang='lat' dir='ltr'>quia</span> <span class='ocrx_word' id='word_1_88' title='bbox 686 1170 793 1210; x_wconf 88' lang='lat' dir='ltr'>nihil</span> <span class='ocrx_word' id='word_1_89' title='bbox 812 1170 927 1210; x_wconf 88' lang='lat' dir='ltr'>aliud</span> <span class='ocrx_word' id='word_1_90' title='bbox 944 1173 1007 1211; x_wconf 90' lang='lat' dir='ltr'>est</span> <span class='ocrx_word' id='word_1_91' title='bbox 1020 1171 1218 1223; x_wconf 76' lang='lat' dir='ltr'>cogitatio</span> 
     </span>
     <span class='ocr_line' id='line_1_15' title="bbox 190 1239 1056 1291; baseline 0 -10"><span class='ocrx_word' id='word_1_92' title='bbox 190 1240 277 1291; x_wconf 90' lang='lat' dir='ltr'>Dei,</span> <span class='ocrx_word' id='word_1_93' title='bbox 301 1240 379 1280; x_wconf 88' lang='lat' dir='ltr'>nisi</span> <span class='ocrx_word' id='word_1_94' title='bbox 400 1239 492 1280; x_wconf 84' lang='lat' dir='ltr'>vita·</span> <span class='ocrx_word' id='word_1_95' title='bbox 506 1242 546 1279; x_wconf 87' lang='lat' dir='ltr'>et</span> <span class='ocrx_word' id='word_1_96' title='bbox 564 1239 830 1291; x_wconf 81' lang='lat' dir='ltr'>providentia</span> <span class='ocrx_word' id='word_1_97' title='bbox 847 1241 957 1281; x_wconf 89' lang='lat' dir='ltr'>oculi</span> <span class='ocrx_word' id='word_1_98' title='bbox 976 1241 1056 1281; x_wconf 89' lang='lat' dir='ltr'>sui.</span> 
     </span>
    </p>

    <p class='ocr_par' dir='ltr' id='par_1_3' title="bbox 188 1310 1226 3341">
     <span class='ocr_line' id='line_1_16' title="bbox 244 1310 1219 1358; baseline -0.001 -6"><span class='ocrx_word' id='word_1_99' title='bbox 244 1311 345 1352; x_wconf 77' lang='lat' dir='ltr'>Ain.</span> <span class='ocrx_word' id='word_1_100' title='bbox 369 1311 483 1351; x_wconf 79' lang='lat' dir='ltr'>Fecit</span> <span class='ocrx_word' id='word_1_101' title='bbox 500 1311 722 1358; x_wconf 63' lang='lat' dir='ltr'>Dominus-³,</span> <span class='ocrx_word' id='word_1_102' title='bbox 746 1312 822 1350; x_wconf 86' lang='lat' dir='ltr'>etc.</span> <span class='ocrx_word' id='word_1_103' title='bbox 851 1310 927 1350; x_wconf 87' lang='lat' dir='ltr'>Hic</span> <span class='ocrx_word' id='word_1_104' title='bbox 948 1312 1068 1351; x_wconf 81' lang='lat' dir='ltr'>tertio</span> <span class='ocrx_word' id='word_1_105' title='bbox 1086 1312 1219 1352; x_wconf 85' lang='lat' dir='ltr'>mani-</span> 
     </span>
     <span class='ocr_line' id='line_1_17' title="bbox 189 1379 1205 1431; baseline 0.002 -12"><span class='ocrx_word' id='word_1_106' title='bbox 189 1381 312 1420; x_wconf 73' lang='lat' dir='ltr'>festat</span> <span class='ocrx_word' id='word_1_107' title='bbox 348 1379 628 1419; x_wconf 78' lang='lat' dir='ltr'>calamitatem</span> <span class='ocrx_word' id='word_1_108' title='bbox 652 1391 728 1431; x_wconf 89' lang='lat' dir='ltr'>per</span> <span class='ocrx_word' id='word_1_109' title='bbox 760 1380 1117 1431; x_wconf 76' lang='lat' dir='ltr'>comparationem</span> <span class='ocrx_word' id='word_1_110' title='bbox 1153 1381 1205 1421; x_wconf 86' lang='lat' dir='ltr'>ad</span> 
     </span>
     <span class='ocr_line' id='line_1_18' title="bbox 190 1449 1219 1500; baseline 0.001 -10"><span class='ocrx_word' id='word_1_111' title='bbox 190 1450 376 1491; x_wconf 89' lang='lat' dir='ltr'>divinam</span> <span class='ocrx_word' id='word_1_112' title='bbox 404 1449 803 1500; x_wconf 60' lang='lat' dir='ltr'>comminationem,</span> <span class='ocrx_word' id='word_1_113' title='bbox 833 1450 919 1490; x_wconf 85' lang='lat' dir='ltr'>sive</span> <span class='ocrx_word' id='word_1_114' title='bbox 946 1462 1219 1491; x_wconf 87' lang='lat' dir='ltr'>consumma-</span> 
     </span>
     <span class='ocr_line' id='line_1_19' title="bbox 188 1520 1221 1573; baseline 0 -13"><span class='ocrx_word' id='word_1_115' title='bbox 188 1521 349 1561; x_wconf 87' lang='lat' dir='ltr'>tionem</span> <span class='ocrx_word' id='word_1_116' title='bbox 363 1520 607 1562; x_wconf 76' lang='lat' dir='ltr'>divinorum</span> <span class='ocrx_word' id='word_1_117' title='bbox 624 1520 897 1573; x_wconf 79' lang='lat' dir='ltr'>judiciorum.</span> <span class='ocrx_word' id='word_1_118' title='bbox 911 1520 961 1560; x_wconf 90' lang='lat' dir='ltr'>Et</span> <span class='ocrx_word' id='word_1_119' title='bbox 975 1520 1099 1561; x_wconf 87' lang='lat' dir='ltr'>habet</span> <span class='ocrx_word' id='word_1_120' title='bbox 1114 1522 1221 1562; x_wconf 84' lang='lat' dir='ltr'>duas</span> 
     </span>
     <span class='ocr_line' id='line_1_20' title="bbox 189 1591 1219 1646; baseline 0.002 -14"><span class='ocrx_word' id='word_1_121' title='bbox 189 1595 358 1646; x_wconf 89' lang='lat' dir='ltr'>partes:</span> <span class='ocrx_word' id='word_1_122' title='bbox 397 1593 497 1644; x_wconf 80' lang='lat' dir='ltr'>quia</span> <span class='ocrx_word' id='word_1_123' title='bbox 534 1591 672 1644; x_wconf 90' lang='lat' dir='ltr'>primo</span> <span class='ocrx_word' id='word_1_124' title='bbox 706 1593 846 1644; x_wconf 84' lang='lat' dir='ltr'>tangit</span> <span class='ocrx_word' id='word_1_125' title='bbox 882 1593 1076 1633; x_wconf 89' lang='lat' dir='ltr'>divinum</span> <span class='ocrx_word' id='word_1_126' title='bbox 1103 1594 1219 1645; x_wconf 87' lang='lat' dir='ltr'>judi-</span> 
     </span>
     <span class='ocr_line' id='line_1_21' title="bbox 190 1663 1219 1715; baseline 0.001 -12"><span class='ocrx_word' id='word_1_127' title='bbox 190 1663 331 1713; x_wconf 88' lang='lat' dir='ltr'>cium;</span> <span class='ocrx_word' id='word_1_128' title='bbox 371 1663 555 1703; x_wconf 88' lang='lat' dir='ltr'>secundo</span> <span class='ocrx_word' id='word_1_129' title='bbox 570 1694 582 1712; x_wconf 93' lang='lat'>,</span> <span class='ocrx_word' id='word_1_130' title='bbox 622 1663 755 1703; x_wconf 89' lang='lat' dir='ltr'>divini</span> <span class='ocrx_word' id='word_1_131' title='bbox 800 1663 950 1715; x_wconf 86' lang='lat' dir='ltr'>judicii</span> <span class='ocrx_word' id='word_1_132' title='bbox 988 1664 1186 1705; x_wconf 83' lang='lat' dir='ltr'>effectum</span> <span class='ocrx_word' id='word_1_133' title='bbox 1209 1680 1219 1704; x_wconf 88' lang='lat'>.·</span> 
     </span>
     <span class='ocr_line' id='line_1_22' title="bbox 191 1732 1223 1787; baseline 0.002 -14"><span class='ocrx_word' id='word_1_134' title='bbox 191 1733 429 1784; x_wconf 71' lang='lat' dir='ltr'>Destruoeic,</span> <span class='ocrx_word' id='word_1_135' title='bbox 447 1735 523 1772; x_wconf 76' lang='lat' dir='ltr'>etc,</span> <span class='ocrx_word' id='word_1_136' title='bbox 542 1732 643 1784; x_wconf 72' lang='lat' dir='ltr'>EJus</span> <span class='ocrx_word' id='word_1_137' title='bbox 660 1733 870 1785; x_wconf 84' lang='lat' dir='ltr'>judicium</span> <span class='ocrx_word' id='word_1_138' title='bbox 888 1734 1122 1774; x_wconf 84' lang='lat' dir='ltr'>ostenditur</span> <span class='ocrx_word' id='word_1_139' title='bbox 1148 1746 1223 1787; x_wconf 86' lang='lat' dir='ltr'>per</span> 
     </span>
     <span class='ocr_line' id='line_1_23' title="bbox 191 1803 1223 1856; baseline 0 -12"><span class='ocrx_word' id='word_1_140' title='bbox 191 1804 548 1856; x_wconf 80' lang='lat' dir='ltr'>comparat-ionem</span> <span class='ocrx_word' id='word_1_141' title='bbox 563 1803 615 1843; x_wconf 89' lang='lat' dir='ltr'>ad</span> <span class='ocrx_word' id='word_1_142' title='bbox 633 1804 725 1855; x_wconf 83' lang='lat' dir='ltr'>ers</span> <span class='ocrx_word' id='word_1_143' title='bbox 745 1803 1062 1855; x_wconf 85' lang='lat' dir='ltr'>dispositionem</span> <span class='ocrx_word' id='word_1_144' title='bbox 1081 1804 1223 1844; x_wconf 89' lang='lat' dir='ltr'>occul-</span> 
     </span>
     <span class='ocr_line' id='line_1_24' title="bbox 191 1873 1223 1926; baseline 0.001 -12"><span class='ocrx_word' id='word_1_145' title='bbox 191 1876 278 1914; x_wconf 85' lang='lat' dir='ltr'>tam</span> <span class='ocrx_word' id='word_1_146' title='bbox 307 1874 465 1926; x_wconf 89' lang='lat' dir='ltr'>primo;</span> <span class='ocrx_word' id='word_1_147' title='bbox 498 1873 648 1914; x_wconf 90' lang='lat' dir='ltr'>deinde</span> <span class='ocrx_word' id='word_1_148' title='bbox 677 1885 751 1925; x_wconf 88' lang='lat' dir='ltr'>per</span> <span class='ocrx_word' id='word_1_149' title='bbox 781 1874 1138 1926; x_wconf 70' lang='lat' dir='ltr'>comparationem</span> <span class='ocrx_word' id='word_1_150' title='bbox 1170 1874 1223 1915; x_wconf 88' lang='lat' dir='ltr'>ad</span> 
     </span>
     <span class='ocr_line' id='line_1_25' title="bbox 193 1943 1222 1996; baseline 0.001 -13"><span class='ocrx_word' id='word_1_151' title='bbox 193 1944 286 1995; x_wconf 89' lang='lat' dir='ltr'>ejus</span> <span class='ocrx_word' id='word_1_152' title='bbox 320 1943 694 1984; x_wconf 88' lang='lat' dir='ltr'>comminationem</span> <span class='ocrx_word' id='word_1_153' title='bbox 722 1944 767 1983; x_wconf 88' lang='lat' dir='ltr'>in</span> <span class='ocrx_word' id='word_1_154' title='bbox 800 1943 1018 1996; x_wconf 83' lang='lat' dir='ltr'>Scriptura</span> <span class='ocrx_word' id='word_1_155' title='bbox 1047 1957 1222 1996; x_wconf 78' lang='lat' dir='ltr'>expres-</span> 
     </span>
     <span class='ocr_line' id='line_1_26' title="bbox 192 2013 1224 2066; baseline 0.004 -13"><span class='ocrx_word' id='word_1_156' title='bbox 192 2024 306 2053; x_wconf 88' lang='lat' dir='ltr'>sam:</span> <span class='ocrx_word' id='word_1_157' title='bbox 323 2013 563 2066; x_wconf 76' lang='lat' dir='ltr'>Complevz&#39;t,</span> <span class='ocrx_word' id='word_1_158' title='bbox 587 2016 663 2055; x_wconf 86' lang='lat' dir='ltr'>etc.</span> <span class='ocrx_word' id='word_1_159' title='bbox 688 2013 792 2054; x_wconf 87' lang='lat' dir='ltr'>Dicit</span> <span class='ocrx_word' id='word_1_160' title='bbox 806 2026 931 2066; x_wconf 85' lang='lat' dir='ltr'>ergo:</span> <span class='ocrx_word' id='word_1_161' title='bbox 955 2016 1072 2056; x_wconf 70' lang='lat' dir='ltr'>Fecit</span> <span class='ocrx_word' id='word_1_162' title='bbox 1087 2015 1224 2057; x_wconf 76' lang='lat' dir='ltr'>Domi-</span> 
     </span>
     <span class='ocr_line' id='line_1_27' title="bbox 192 2084 1222 2138; baseline 0 -12"><span class='ocrx_word' id='word_1_163' title='bbox 192 2095 288 2134; x_wconf 74' lang='lat' dir='ltr'>nus,</span> <span class='ocrx_word' id='word_1_164' title='bbox 305 2085 426 2138; x_wconf 88' lang='lat' dir='ltr'>quasi</span> <span class='ocrx_word' id='word_1_165' title='bbox 444 2084 509 2125; x_wconf 89' lang='lat' dir='ltr'>:Si</span> <span class='ocrx_word' id='word_1_166' title='bbox 521 2085 700 2138; x_wconf 74' lang='lat' dir='ltr'>quaeris:</span> <span class='ocrx_word' id='word_1_167' title='bbox 720 2085 836 2125; x_wconf 71' lang='lat' dir='ltr'>Unde</span> <span class='ocrx_word' id='word_1_168' title='bbox 853 2087 968 2126; x_wconf 81' lang='lat' dir='ltr'>tanta</span> <span class='ocrx_word' id='word_1_169' title='bbox 981 2085 1222 2127; x_wconf 83' lang='lat' dir='ltr'>calamitas?</span> 
     </span>
     <span class='ocr_line' id='line_1_28' title="bbox 193 2155 1223 2207; baseline 0.003 -13"><span class='ocrx_word' id='word_1_170' title='bbox 193 2157 304 2195; x_wconf 88' lang='lat' dir='ltr'>certe</span> <span class='ocrx_word' id='word_1_171' title='bbox 323 2157 440 2207; x_wconf 86' lang='lat' dir='ltr'>justo</span> <span class='ocrx_word' id='word_1_172' title='bbox 464 2155 535 2195; x_wconf 90' lang='lat' dir='ltr'>Dei</span> <span class='ocrx_word' id='word_1_173' title='bbox 558 2155 742 2207; x_wconf 82' lang='lat' dir='ltr'>judicio,</span> <span class='ocrx_word' id='word_1_174' title='bbox 771 2155 871 2207; x_wconf 85' lang='lat' dir='ltr'>quia</span> <span class='ocrx_word' id='word_1_175' title='bbox 898 2156 1071 2196; x_wconf 87' lang='lat' dir='ltr'>noluisti</span> <span class='ocrx_word' id='word_1_176' title='bbox 1090 2157 1223 2197; x_wconf 89' lang='lat' dir='ltr'>facere</span> 
     </span>
     <span class='ocr_line' id='line_1_29' title="bbox 193 2225 1221 2280; baseline 0.006 -16"><span class='ocrx_word' id='word_1_177' title='bbox 193 2225 306 2277; x_wconf 86' lang='lat' dir='ltr'>quod</span> <span class='ocrx_word' id='word_1_178' title='bbox 325 2225 538 2278; x_wconf 81' lang='lat' dir='ltr'>praecepit.</span> <span class='ocrx_word' id='word_1_179' title='bbox 571 2226 688 2267; x_wconf 76' lang='lat' dir='ltr'>Fecit</span> <span class='ocrx_word' id='word_1_180' title='bbox 720 2226 924 2268; x_wconf 74' lang='lat' dir='ltr'>Dominus</span> <span class='ocrx_word' id='word_1_181' title='bbox 950 2237 1044 2279; x_wconf 77' lang='lat' dir='ltr'>quoe</span> <span class='ocrx_word' id='word_1_182' title='bbox 1063 2229 1221 2280; x_wconf 62' lang='lat' dir='ltr'>copita-</span> 
     </span>
     <span class='ocr_line' id='line_1_30' title="bbox 193 2296 1225 2351; baseline 0.005 -15"><span class='ocrx_word' id='word_1_183' title='bbox 193 2297 276 2346; x_wconf 79' lang='lat' dir='ltr'>vz&#39;t,</span> <span class='ocrx_word' id='word_1_184' title='bbox 297 2296 340 2337; x_wconf 92' lang='lat' dir='ltr'>id</span> <span class='ocrx_word' id='word_1_185' title='bbox 362 2299 437 2348; x_wconf 88' lang='lat' dir='ltr'>est,</span> <span class='ocrx_word' id='word_1_186' title='bbox 461 2297 670 2349; x_wconf 86' lang='lat' dir='ltr'>sapienter</span> <span class='ocrx_word' id='word_1_187' title='bbox 698 2298 902 2351; x_wconf 89' lang='lat' dir='ltr'>disposuit</span> <span class='ocrx_word' id='word_1_188' title='bbox 933 2302 1078 2340; x_wconf 89' lang='lat' dir='ltr'>contra</span> <span class='ocrx_word' id='word_1_189' title='bbox 1110 2300 1225 2341; x_wconf 88' lang='lat' dir='ltr'>Jeru-</span> 
     </span>
     <span class='ocr_line' id='line_1_31' title="bbox 194 2370 1224 2424; baseline 0.004 -14"><span class='ocrx_word' id='word_1_190' title='bbox 194 2370 325 2410; x_wconf 88' lang='lat' dir='ltr'>salem</span> <span class='ocrx_word' id='word_1_191' title='bbox 354 2373 395 2411; x_wconf 89' lang='lat' dir='ltr'>et</span> <span class='ocrx_word' id='word_1_192' title='bbox 430 2370 636 2411; x_wconf 84' lang='lat' dir='ltr'>Judaeam.</span> <span class='ocrx_word' id='word_1_193' title='bbox 671 2370 764 2412; x_wconf 91' lang='lat' dir='ltr'>Non</span> <span class='ocrx_word' id='word_1_194' title='bbox 795 2385 902 2424; x_wconf 85' lang='lat' dir='ltr'>ergo</span> <span class='ocrx_word' id='word_1_195' title='bbox 936 2373 1132 2413; x_wconf 87' lang='lat' dir='ltr'>hostibus</span> <span class='ocrx_word' id='word_1_196' title='bbox 1163 2377 1224 2414; x_wconf 91' lang='lat' dir='ltr'>est</span> 
     </span>
     <span class='ocr_line' id='line_1_32' title="bbox 195 2439 1224 2491; baseline 0.004 -11"><span class='ocrx_word' id='word_1_197' title='bbox 195 2439 275 2480; x_wconf 87' lang='lat' dir='ltr'>hoc</span> <span class='ocrx_word' id='word_1_198' title='bbox 286 2441 574 2491; x_wconf 88' lang='lat' dir='ltr'>tribuendum,</span> <span class='ocrx_word' id='word_1_199' title='bbox 591 2441 662 2481; x_wconf 89' lang='lat' dir='ltr'>sed</span> <span class='ocrx_word' id='word_1_200' title='bbox 676 2441 727 2481; x_wconf 91' lang='lat' dir='ltr'>ad</span> <span class='ocrx_word' id='word_1_201' title='bbox 746 2441 941 2482; x_wconf 86' lang='lat' dir='ltr'>divinum</span> <span class='ocrx_word' id='word_1_202' title='bbox 954 2443 1224 2484; x_wconf 86' lang='lat' dir='ltr'>referendum</span> 
     </span>
     <span class='ocr_line' id='line_1_33' title="bbox 191 2510 1224 2562; baseline 0.004 -13"><span class='ocrx_word' id='word_1_203' title='bbox 191 2510 417 2561; x_wconf 82' lang='lat' dir='ltr'>judicium.</span> <span class='ocrx_word' id='word_1_204' title='bbox 443 2510 669 2562; x_wconf 78' lang='lat' dir='ltr'>complevit</span> <span class='ocrx_word' id='word_1_205' title='bbox 688 2521 918 2553; x_wconf 76' lang='lat' dir='ltr'>sermonem</span> <span class='ocrx_word' id='word_1_206' title='bbox 937 2523 1076 2562; x_wconf 78' lang='lat' dir='ltr'>suum,</span> <span class='ocrx_word' id='word_1_207' title='bbox 1101 2513 1224 2554; x_wconf 87' lang='lat' dir='ltr'>scele-</span> 
     </span>
     <span class='ocr_line' id='line_1_34' title="bbox 196 2578 1221 2636; baseline 0.007 -18"><span class='ocrx_word' id='word_1_208' title='bbox 196 2578 314 2619; x_wconf 89' lang='lat' dir='ltr'>ribus</span> <span class='ocrx_word' id='word_1_209' title='bbox 333 2579 477 2632; x_wconf 91' lang='lat' dir='ltr'>populi</span> <span class='ocrx_word' id='word_1_210' title='bbox 496 2583 769 2632; x_wconf 88' lang='lat' dir='ltr'>provocatus;</span> <span class='ocrx_word' id='word_1_211' title='bbox 800 2592 919 2633; x_wconf 83' lang='lat' dir='ltr'>quem</span> <span class='ocrx_word' id='word_1_212' title='bbox 944 2586 1221 2636; x_wconf 73' lang='lat' dir='ltr'>prceceperac,</span> 
     </span>
     <span class='ocr_line' id='line_1_35' title="bbox 196 2649 1221 2706; baseline 0.006 -17"><span class='ocrx_word' id='word_1_213' title='bbox 196 2661 272 2702; x_wconf 88' lang='lat' dir='ltr'>per</span> <span class='ocrx_word' id='word_1_214' title='bbox 297 2649 531 2702; x_wconf 86' lang='lat' dir='ltr'>Prophetas</span> <span class='ocrx_word' id='word_1_215' title='bbox 549 2651 764 2702; x_wconf 86' lang='lat' dir='ltr'>nuntiari,</span> <span class='ocrx_word' id='word_1_216' title='bbox 792 2663 819 2693; x_wconf 83' lang='grc' dir='ltr'><em>α</em></span> <span class='ocrx_word' id='word_1_217' title='bbox 843 2652 988 2694; x_wconf 75' lang='lat' dir='ltr'>diebus</span> <span class='ocrx_word' id='word_1_218' title='bbox 1009 2655 1221 2706; x_wconf 76' lang='lat' dir='ltr'>antiquis.</span> 
     </span>
     <span class='ocr_line' id='line_1_36' title="bbox 197 2718 1224 2774; baseline 0.007 -15"><span class='ocrx_word' id='word_1_219' title='bbox 197 2718 272 2760; x_wconf 87' lang='lat' dir='ltr'>Vel</span> <span class='ocrx_word' id='word_1_220' title='bbox 284 2732 422 2761; x_wconf 89' lang='lat' dir='ltr'>sermo</span> <span class='ocrx_word' id='word_1_221' title='bbox 441 2724 752 2774; x_wconf 65' lang='lat' dir='ltr'>praeceptorum</span> <span class='ocrx_word' id='word_1_222' title='bbox 766 2722 807 2761; x_wconf 89' lang='lat' dir='ltr'>in</span> <span class='ocrx_word' id='word_1_223' title='bbox 825 2723 1224 2766; x_wconf 84' lang='lat' dir='ltr'>comminationibus</span> 
     </span>
     <span class='ocr_line' id='line_1_37' title="bbox 198 2790 1224 2848; baseline 0.007 -18"><span class='ocrx_word' id='word_1_224' title='bbox 198 2790 431 2843; x_wconf 85' lang='lat' dir='ltr'>completur</span> <span class='ocrx_word' id='word_1_225' title='bbox 449 2805 457 2832; x_wconf 93' lang='lat'><strong>:</strong></span> <span class='ocrx_word' id='word_1_226' title='bbox 490 2792 721 2843; x_wconf 86' lang='lat' dir='ltr'>praemissis</span> <span class='ocrx_word' id='word_1_227' title='bbox 740 2793 855 2833; x_wconf 91' lang='lat' dir='ltr'>enim</span> <span class='ocrx_word' id='word_1_228' title='bbox 878 2796 1098 2848; x_wconf 70' lang='lat' dir='ltr'>praeceptis</span> <span class='ocrx_word' id='word_1_229' title='bbox 1117 2796 1224 2837; x_wconf 87' lang='lat' dir='ltr'>sub·-</span> 
     </span>
     <span class='ocr_line' id='line_1_38' title="bbox 192 2861 1225 2918; baseline 0.007 -18"><span class='ocrx_word' id='word_1_230' title='bbox 192 2861 438 2912; x_wconf 86' lang='lat' dir='ltr'>junguntur</span> <span class='ocrx_word' id='word_1_231' title='bbox 451 2862 776 2914; x_wconf 86' lang='lat' dir='ltr'>benedictiones,</span> <span class='ocrx_word' id='word_1_232' title='bbox 790 2864 946 2916; x_wconf 90' lang='lat' dir='ltr'>quibus</span> <span class='ocrx_word' id='word_1_233' title='bbox 961 2865 1014 2905; x_wconf 90' lang='lat' dir='ltr'>ad</span> <span class='ocrx_word' id='word_1_234' title='bbox 1033 2865 1225 2918; x_wconf 90' lang='lat' dir='ltr'>ipsorum</span> 
     </span>
     <span class='ocr_line' id='line_1_39' title="bbox 197 2930 1224 2984; baseline 0.006 -13"><span class='ocrx_word' id='word_1_235' title='bbox 197 2930 508 2973; x_wconf 88' lang='lat' dir='ltr'>observantiam</span> <span class='ocrx_word' id='word_1_236' title='bbox 536 2933 830 2984; x_wconf 86' lang='lat' dir='ltr'>attrahuntur;</span> <span class='ocrx_word' id='word_1_237' title='bbox 861 2937 902 2975; x_wconf 86' lang='lat' dir='ltr'>et</span> <span class='ocrx_word' id='word_1_238' title='bbox 921 2935 1070 2977; x_wconf 87' lang='lat' dir='ltr'>deinde</span> <span class='ocrx_word' id='word_1_239' title='bbox 1090 2936 1224 2977; x_wconf 86' lang='lat' dir='ltr'>male-</span> 
     </span>
     <span class='ocr_line' id='line_1_40' title="bbox 198 3001 1226 3058; baseline 0.006 -17"><span class='ocrx_word' id='word_1_240' title='bbox 198 3001 399 3043; x_wconf 87' lang='lat' dir='ltr'>dictiones</span> <span class='ocrx_word' id='word_1_241' title='bbox 419 3006 460 3043; x_wconf 91' lang='lat' dir='ltr'>et</span> <span class='ocrx_word' id='word_1_242' title='bbox 479 3005 852 3055; x_wconf 84' lang='lat' dir='ltr'>comminationes,</span> <span class='ocrx_word' id='word_1_243' title='bbox 873 3017 970 3058; x_wconf 85' lang='lat' dir='ltr'>quae</span> <span class='ocrx_word' id='word_1_244' title='bbox 990 3009 1226 3058; x_wconf 88' lang='lat' dir='ltr'>transgres-</span> 
     </span>
     <span class='ocr_line' id='line_1_41' title="bbox 199 3071 1225 3127; baseline 0.008 -16"><span class='ocrx_word' id='word_1_245' title='bbox 199 3071 365 3112; x_wconf 89' lang='lat' dir='ltr'>soribus</span> <span class='ocrx_word' id='word_1_246' title='bbox 384 3073 694 3126; x_wconf 89' lang='lat' dir='ltr'>imprecantur,</span> <span class='ocrx_word' id='word_1_247' title='bbox 726 3075 834 3116; x_wconf 91' lang='lat' dir='ltr'>sicut</span> <span class='ocrx_word' id='word_1_248' title='bbox 861 3079 973 3127; x_wconf 88' lang='lat' dir='ltr'>patet</span> <span class='ocrx_word' id='word_1_249' title='bbox 994 3077 1039 3116; x_wconf 89' lang='lat' dir='ltr'>in</span> <span class='ocrx_word' id='word_1_250' title='bbox 1070 3078 1225 3120; x_wconf 80' lang='lat' dir='ltr'>Deute-</span> 
     </span>
     <span class='ocr_line' id='line_1_42' title="bbox 199 3144 1226 3199; baseline 0.007 -17"><span class='ocrx_word' id='word_1_251' title='bbox 199 3144 385 3185; x_wconf 79' lang='lat' dir='ltr'>ronomio</span> <span class='ocrx_word' id='word_1_252' title='bbox 417 3144 443 3184; x_wconf 88' lang='lat'>².</span> <span class='ocrx_word' id='word_1_253' title='bbox 482 3144 551 3185; x_wconf 89' lang='lat' dir='ltr'>Sic</span> <span class='ocrx_word' id='word_1_254' title='bbox 579 3157 686 3197; x_wconf 86' lang='lat' dir='ltr'>ergo</span> <span class='ocrx_word' id='word_1_255' title='bbox 722 3147 949 3199; x_wconf 84' lang='lat' dir='ltr'>complevit</span> <span class='ocrx_word' id='word_1_256' title='bbox 985 3159 1226 3189; x_wconf 87' lang='lat' dir='ltr'>sermonem</span> 
     </span>
     <span class='ocr_line' id='line_1_43' title="bbox 201 3216 1225 3270; baseline 0.007 -19"><span class='ocrx_word' id='word_1_257' title='bbox 201 3222 328 3262; x_wconf 84' lang='lat' dir='ltr'>quem</span> <span class='ocrx_word' id='word_1_258' title='bbox 346 3217 622 3266; x_wconf 71' lang='lat' dir='ltr'>praeceperat,</span> <span class='ocrx_word' id='word_1_259' title='bbox 641 3216 829 3257; x_wconf 87' lang='lat' dir='ltr'>faciendo</span> <span class='ocrx_word' id='word_1_260' title='bbox 855 3217 968 3270; x_wconf 86' lang='lat' dir='ltr'>quod</span> <span class='ocrx_word' id='word_1_261' title='bbox 988 3220 1225 3269; x_wconf 89' lang='lat' dir='ltr'>transgres-</span> 
     </span>
     <span class='ocr_line' id='line_1_44' title="bbox 203 3281 1226 3341; baseline 0.01 -21"><span class='ocrx_word' id='word_1_262' title='bbox 203 3281 367 3323; x_wconf 90' lang='lat' dir='ltr'>soribus</span> <span class='ocrx_word' id='word_1_263' title='bbox 392 3285 672 3327; x_wconf 86' lang='lat' dir='ltr'>comminatus</span> <span class='ocrx_word' id='word_1_264' title='bbox 697 3287 848 3328; x_wconf 86' lang='lat' dir='ltr'>fuerat.</span> <span class='ocrx_word' id='word_1_265' title='bbox 873 3287 953 3328; x_wconf 88' lang='lat' dir='ltr'>Sed</span> <span class='ocrx_word' id='word_1_266' title='bbox 981 3300 1057 3341; x_wconf 90' lang='lat' dir='ltr'>pro</span> <span class='ocrx_word' id='word_1_267' title='bbox 1076 3289 1226 3330; x_wconf 84' lang='lat' dir='ltr'>effectu</span> 
     </span>
    </p>
   </div>
   <div class='ocr_carea' id='block_1_3' title="bbox 245 3410 1226 3458">
    <p class='ocr_par' dir='ltr' id='par_1_4' title="bbox 245 3410 1226 3458">
     <span class='ocr_line' id='line_1_45' title="bbox 245 3410 1226 3458; baseline 0.009 -17"><span class='ocrx_word' id='word_1_268' title='bbox 245 3411 253 3429; x_wconf 86' lang='lat'><strong>¹</strong></span> <span class='ocrx_word' id='word_1_269' title='bbox 272 3410 384 3449; x_wconf 66' lang='lat' dir='ltr'>Dent„</span> <span class='ocrx_word' id='word_1_270' title='bbox 399 3420 523 3452; x_wconf 78' lang='lat' dir='ltr'>xxvm,</span> <span class='ocrx_word' id='word_1_271' title='bbox 544 3416 658 3447; x_wconf 84' lang='lat'><strong>15-68.</strong></span> <span class='ocrx_word' id='word_1_272' title='bbox 673 3433 712 3440; x_wconf 92' lang='lat'>—-</span> <span class='ocrx_word' id='word_1_273' title='bbox 732 3417 742 3435; x_wconf 82' lang='lat'><strong>²</strong></span> <span class='ocrx_word' id='word_1_274' title='bbox 760 3417 855 3456; x_wconf 58' lang='lat' dir='ltr'>Gen„</span> <span class='ocrx_word' id='word_1_275' title='bbox 872 3426 976 3458; x_wconf 84' lang='lat' dir='ltr'>xv111,</span> <span class='ocrx_word' id='word_1_276' title='bbox 996 3421 1100 3451; x_wconf 71' lang='lat'>20.—-</span> <span class='ocrx_word' id='word_1_277' title='bbox 1118 3420 1128 3437; x_wconf 60' lang='lat'>³</span> <span class='ocrx_word' id='word_1_278' title='bbox 1149 3419 1226 3458; x_wconf 65' lang='lat' dir='ltr'>Isa„</span> 
     </span>
    </p>
   </div>
   <div class='ocr_carea' id='block_1_4' title="bbox 202 3456 1229 3536">
    <p class='ocr_par' dir='ltr' id='par_1_5' title="bbox 202 3456 1229 3536">
     <span class='ocr_line' id='line_1_46' title="bbox 202 3456 1229 3505; baseline 0.008 -18"><span class='ocrx_word' id='word_1_279' title='bbox 202 3464 347 3497; x_wconf 76' lang='lat' dir='ltr'>xxxviii,</span> <span class='ocrx_word' id='word_1_280' title='bbox 379 3456 427 3490; x_wconf 75' lang='lat'>17.</span> <span class='ocrx_word' id='word_1_281' title='bbox 449 3477 489 3482; x_wconf 97' lang='lat'><strong>—</strong></span> <span class='ocrx_word' id='word_1_282' title='bbox 508 3461 551 3500; x_wconf 88' lang='grc' dir='ltr'>(α)</span> <span class='ocrx_word' id='word_1_283' title='bbox 571 3462 645 3502; x_wconf 72' lang='lat' dir='ltr'>Ley.</span> <span class='ocrx_word' id='word_1_284' title='bbox 672 3464 882 3505; x_wconf 68' lang='lat' dir='ltr'>praeponitur</span> <span class='ocrx_word' id='word_1_285' title='bbox 911 3465 978 3496; x_wconf 84' lang='lat' dir='ltr'>loco</span> <span class='ocrx_word' id='word_1_286' title='bbox 1001 3465 1173 3503; x_wconf 83' lang='lat' dir='ltr'>convenit,</span> <span class='ocrx_word' id='word_1_287' title='bbox 1197 3467 1229 3495; x_wconf 81' lang='lat' dir='ltr'>et</span> 
     </span>
     <span class='ocr_line' id='line_1_47' title="bbox 202 3513 362 3536; baseline 0 -1"><span class='ocrx_word' id='word_1_288' title='bbox 202 3513 362 3536; x_wconf 79' lang='lat' dir='ltr'>vzczsszm.</span> 
     </span>
    </p>
   </div>
   <div class='ocr_carea' id='block_1_5' title="bbox 2232 255 2308 292">
    <p class='ocr_par' dir='ltr' id='par_1_6' title="bbox 2232 255 2308 292">
     <span class='ocr_line' id='line_1_48' title="bbox 2232 255 2308 292; baseline 0.026 -2"><span class='ocrx_word' id='word_1_289' title='bbox 2232 255 2308 292; x_wconf 85' lang='lat'>179</span> 
     </span>
    </p>
   </div>
   <div class='ocr_carea' id='block_1_6' title="bbox 1284 326 2333 3559">
    <p class='ocr_par' dir='ltr' id='par_1_7' title="bbox 1284 326 2324 1141">
     <span class='ocr_line' id='line_1_49' title="bbox 1287 326 2310 387; baseline 0.012 -21"><span class='ocrx_word' id='word_1_290' title='bbox 1287 326 1500 378; x_wconf 84' lang='lat' dir='ltr'>sequitur:</span> <span class='ocrx_word' id='word_1_291' title='bbox 1534 327 1779 378; x_wconf 72' lang='lat' dir='ltr'>Destruoez‘t,</span> <span class='ocrx_word' id='word_1_292' title='bbox 1813 329 2028 371; x_wconf 88' lang='lat' dir='ltr'>civitatem</span> <span class='ocrx_word' id='word_1_293' title='bbox 2058 344 2156 374; x_wconf 88' lang='lat' dir='ltr'>cum</span> <span class='ocrx_word' id='word_1_294' title='bbox 2183 339 2310 387; x_wconf 87' lang='lat' dir='ltr'>perti-</span> 
     </span>
     <span class='ocr_line' id='line_1_50' title="bbox 1284 397 2313 457; baseline 0.011 -21"><span class='ocrx_word' id='word_1_295' title='bbox 1284 397 1504 447; x_wconf 83' lang='lat' dir='ltr'>nentibus3</span> <span class='ocrx_word' id='word_1_296' title='bbox 1532 401 1570 439; x_wconf 77' lang='lat' dir='ltr'>et</span> <span class='ocrx_word' id='word_1_297' title='bbox 1589 408 1674 439; x_wconf 73' lang='lat' dir='ltr'>non</span> <span class='ocrx_word' id='word_1_298' title='bbox 1700 401 1905 451; x_wconf 76' lang='lat' dir='ltr'>pepercit,</span> <span class='ocrx_word' id='word_1_299' title='bbox 1935 400 1980 441; x_wconf 88' lang='lat' dir='ltr'>in</span> <span class='ocrx_word' id='word_1_300' title='bbox 2011 402 2160 443; x_wconf 88' lang='lat' dir='ltr'>ultima</span> <span class='ocrx_word' id='word_1_301' title='bbox 2179 407 2313 457; x_wconf 89' lang='lat' dir='ltr'>capti-</span> 
     </span>
     <span class='ocr_line' id='line_1_51' title="bbox 1285 466 2312 524; baseline 0.011 -19"><span class='ocrx_word' id='word_1_302' title='bbox 1285 466 1432 517; x_wconf 86' lang='lat' dir='ltr'>vitate,</span> <span class='ocrx_word' id='word_1_303' title='bbox 1457 468 1628 519; x_wconf 79' lang='lat' dir='ltr'>quando</span> <span class='ocrx_word' id='word_1_304' title='bbox 1657 472 1791 510; x_wconf 85' lang='lat' dir='ltr'>totum</span> <span class='ocrx_word' id='word_1_305' title='bbox 1822 470 1942 511; x_wconf 90' lang='lat' dir='ltr'>illum</span> <span class='ocrx_word' id='word_1_306' title='bbox 1970 472 2176 524; x_wconf 88' lang='lat' dir='ltr'>populum</span> <span class='ocrx_word' id='word_1_307' title='bbox 2206 480 2312 516; x_wconf 85' lang='lat' dir='ltr'>tem-</span> 
     </span>
     <span class='ocr_line' id='line_1_52' title="bbox 1285 537 2317 593; baseline 0.011 -18"><span class='ocrx_word' id='word_1_308' title='bbox 1285 537 1482 589; x_wconf 84' lang='lat' dir='ltr'>poraliter</span> <span class='ocrx_word' id='word_1_309' title='bbox 1522 538 1752 591; x_wconf 88' lang='lat' dir='ltr'>dissipavit.</span> <span class='ocrx_word' id='word_1_310' title='bbox 1794 542 2048 593; x_wconf 69' lang='lat' dir='ltr'>Descruoeic,</span> <span class='ocrx_word' id='word_1_311' title='bbox 2087 545 2317 586; x_wconf 84' lang='lat' dir='ltr'>auferendo</span> 
     </span>
     <span class='ocr_line' id='line_1_53' title="bbox 1286 606 2318 668; baseline 0.011 -23"><span class='ocrx_word' id='word_1_312' title='bbox 1286 606 1622 658; x_wconf 81' lang='lat' dir='ltr'>delectationem3</span> <span class='ocrx_word' id='word_1_313' title='bbox 1660 620 1745 652; x_wconf 70' lang='lat' dir='ltr'>non</span> <span class='ocrx_word' id='word_1_314' title='bbox 1766 614 1972 663; x_wconf 74' lang='lat' dir='ltr'>pepercit,</span> <span class='ocrx_word' id='word_1_315' title='bbox 2002 614 2214 665; x_wconf 91' lang='lat' dir='ltr'>puniendo</span> <span class='ocrx_word' id='word_1_316' title='bbox 2244 628 2318 668; x_wconf 88' lang='lat' dir='ltr'>per</span> 
     </span>
     <span class='ocr_line' id='line_1_54' title="bbox 1287 676 2320 732; baseline 0.014 -17"><span class='ocrx_word' id='word_1_317' title='bbox 1287 676 1601 718; x_wconf 86' lang='lat' dir='ltr'>tribulationem</span> <span class='ocrx_word' id='word_1_318' title='bbox 1641 682 1897 732; x_wconf 84' lang='lat' dir='ltr'>praeteritam</span> <span class='ocrx_word' id='word_1_319' title='bbox 1941 683 2176 725; x_wconf 88' lang='lat' dir='ltr'>libidinem.</span> <span class='ocrx_word' id='word_1_320' title='bbox 2218 686 2320 728; x_wconf 80' lang='lat' dir='ltr'>Des-</span> 
     </span>
     <span class='ocr_line' id='line_1_55' title="bbox 1289 747 2320 805; baseline 0.008 -17"><span class='ocrx_word' id='word_1_321' title='bbox 1289 747 1433 788; x_wconf 72' lang='lat' dir='ltr'>truoeit</span> <span class='ocrx_word' id='word_1_322' title='bbox 1453 747 1645 798; x_wconf 86' lang='lat' dir='ltr'>quidem,</span> <span class='ocrx_word' id='word_1_323' title='bbox 1670 751 1769 802; x_wconf 85' lang='lat' dir='ltr'>quia</span> <span class='ocrx_word' id='word_1_324' title='bbox 1787 752 1945 792; x_wconf 86' lang='lat' dir='ltr'>destrui</span> <span class='ocrx_word' id='word_1_325' title='bbox 1967 754 2182 805; x_wconf 85' lang='lat' dir='ltr'>permisit,</span> <span class='ocrx_word' id='word_1_326' title='bbox 2207 756 2320 797; x_wconf 87' lang='lat' dir='ltr'>unde</span> 
     </span>
     <span class='ocr_line' id='line_1_56' title="bbox 1289 816 2316 876; baseline 0.013 -22"><span class='ocrx_word' id='word_1_327' title='bbox 1289 816 1481 868; x_wconf 82' lang='lat' dir='ltr'>sequitur</span> <span class='ocrx_word' id='word_1_328' title='bbox 1501 828 1510 855; x_wconf 90' lang='lat'><strong>:</strong></span> <span class='ocrx_word' id='word_1_329' title='bbox 1533 818 1587 859; x_wconf 83' lang='lat' dir='ltr'>Ec</span> <span class='ocrx_word' id='word_1_330' title='bbox 1608 819 1845 870; x_wconf 61' lang='lat' dir='ltr'>laetificavit</span> <span class='ocrx_word' id='word_1_331' title='bbox 1873 832 2000 874; x_wconf 76' lang='lat' dir='ltr'>super</span> <span class='ocrx_word' id='word_1_332' title='bbox 2019 827 2058 865; x_wconf 79' lang='lat' dir='ltr'>te</span> <span class='ocrx_word' id='word_1_333' title='bbox 2076 825 2316 876; x_wconf 76' lang='lat' dir='ltr'>inimicum,</span> 
     </span>
     <span class='ocr_line' id='line_1_57' title="bbox 1290 886 2315 947; baseline 0.012 -22"><span class='ocrx_word' id='word_1_334' title='bbox 1290 886 1533 927; x_wconf 77' lang='lat' dir='ltr'>Chaldaeum</span> <span class='ocrx_word' id='word_1_335' title='bbox 1550 891 1591 928; x_wconf 88' lang='lat' dir='ltr'>et</span> <span class='ocrx_word' id='word_1_336' title='bbox 1607 889 1864 941; x_wconf 88' lang='lat' dir='ltr'>Romanum,</span> <span class='ocrx_word' id='word_1_337' title='bbox 1883 892 1951 932; x_wconf 88' lang='lat' dir='ltr'>vel</span> <span class='ocrx_word' id='word_1_338' title='bbox 1971 893 2132 934; x_wconf 90' lang='lat' dir='ltr'>vicinas</span> <span class='ocrx_word' id='word_1_339' title='bbox 2149 898 2315 947; x_wconf 82' lang='lat' dir='ltr'>gentes,</span> 
     </span>
     <span class='ocr_line' id='line_1_58' title="bbox 1290 957 2324 1014; baseline 0.013 -18"><span class='ocrx_word' id='word_1_340' title='bbox 1290 970 1387 1010; x_wconf 78' lang='lat' dir='ltr'>quae</span> <span class='ocrx_word' id='word_1_341' title='bbox 1409 957 1589 999; x_wconf 84' lang='lat' dir='ltr'>libenter</span> <span class='ocrx_word' id='word_1_342' title='bbox 1614 961 1651 1000; x_wconf 86' lang='lat' dir='ltr'>ei</span> <span class='ocrx_word' id='word_1_343' title='bbox 1675 961 1816 1002; x_wconf 88' lang='lat' dir='ltr'>hostes</span> <span class='ocrx_word' id='word_1_344' title='bbox 1833 963 2027 1014; x_wconf 84' lang='lat' dir='ltr'>fuerunt3</span> <span class='ocrx_word' id='word_1_345' title='bbox 2051 969 2089 1006; x_wconf 80' lang='lat' dir='ltr'>et</span> <span class='ocrx_word' id='word_1_346' title='bbox 2110 966 2324 1009; x_wconf 76' lang='lat' dir='ltr'>eoealtavit</span> 
     </span>
     <span class='ocr_line' id='line_1_59' title="bbox 1291 1030 2321 1087; baseline 0.009 -18"><span class='ocrx_word' id='word_1_347' title='bbox 1291 1039 1441 1078; x_wconf 75' lang='lat' dir='ltr'>cornu,</span> <span class='ocrx_word' id='word_1_348' title='bbox 1477 1030 1519 1070; x_wconf 89' lang='lat' dir='ltr'>id</span> <span class='ocrx_word' id='word_1_349' title='bbox 1547 1033 1631 1081; x_wconf 89' lang='lat' dir='ltr'>est,</span> <span class='ocrx_word' id='word_1_350' title='bbox 1658 1034 1903 1084; x_wconf 89' lang='lat' dir='ltr'>potestatem</span> <span class='ocrx_word' id='word_1_351' title='bbox 1924 1036 1964 1074; x_wconf 86' lang='lat' dir='ltr'>et</span> <span class='ocrx_word' id='word_1_352' title='bbox 1993 1034 2197 1087; x_wconf 83' lang='lat' dir='ltr'>gloriam,</span> <span class='ocrx_word' id='word_1_353' title='bbox 2225 1037 2321 1079; x_wconf 82' lang='lat' dir='ltr'>hos-</span> 
     </span>
     <span class='ocr_line' id='line_1_60' title="bbox 1292 1099 1605 1141; baseline 0.003 -1"><span class='ocrx_word' id='word_1_354' title='bbox 1292 1099 1401 1140; x_wconf 71' lang='lat' dir='ltr'>tium</span> <span class='ocrx_word' id='word_1_355' title='bbox 1423 1103 1605 1141; x_wconf 74' lang='lat' dir='ltr'>luorum.</span> 
     </span>
    </p>

    <p class='ocr_par' dir='ltr' id='par_1_8' title="bbox 1294 1170 2333 3559">
     <span class='ocr_line' id='line_1_61' title="bbox 1348 1170 2325 1224; baseline 0.008 -13"><span class='ocrx_word' id='word_1_356' title='bbox 1348 1170 1472 1212; x_wconf 70' lang='lat' dir='ltr'>Sarte.</span> <span class='ocrx_word' id='word_1_357' title='bbox 1502 1172 1710 1215; x_wconf 78' lang='lat' dir='ltr'>Clamavit</span> <span class='ocrx_word' id='word_1_358' title='bbox 1735 1184 1805 1215; x_wconf 84' lang='lat' dir='ltr'>cor</span> <span class='ocrx_word' id='word_1_359' title='bbox 1833 1184 1996 1224; x_wconf 73' lang='lat' dir='ltr'>eorum,</span> <span class='ocrx_word' id='word_1_360' title='bbox 2024 1178 2102 1216; x_wconf 83' lang='lat' dir='ltr'>etc.</span> <span class='ocrx_word' id='word_1_361' title='bbox 2134 1177 2234 1218; x_wconf 85' lang='lat' dir='ltr'>Haec</span> <span class='ocrx_word' id='word_1_362' title='bbox 2264 1181 2325 1219; x_wconf 86' lang='lat' dir='ltr'>est</span> 
     </span>
     <span class='ocr_line' id='line_1_62' title="bbox 1294 1243 2322 1301; baseline 0.011 -22"><span class='ocrx_word' id='word_1_363' title='bbox 1294 1243 1446 1292; x_wconf 86' lang='lat' dir='ltr'>quarta</span> <span class='ocrx_word' id='word_1_364' title='bbox 1466 1253 1563 1293; x_wconf 89' lang='lat' dir='ltr'>pars</span> <span class='ocrx_word' id='word_1_365' title='bbox 1583 1243 1769 1295; x_wconf 87' lang='lat' dir='ltr'>capituli,</span> <span class='ocrx_word' id='word_1_366' title='bbox 1785 1245 1830 1285; x_wconf 89' lang='lat' dir='ltr'>in</span> <span class='ocrx_word' id='word_1_367' title='bbox 1844 1257 1927 1297; x_wconf 86' lang='lat' dir='ltr'>qua</span> <span class='ocrx_word' id='word_1_368' title='bbox 1946 1249 2038 1298; x_wconf 90' lang='lat' dir='ltr'>post</span> <span class='ocrx_word' id='word_1_369' title='bbox 2054 1247 2322 1301; x_wconf 90' lang='lat' dir='ltr'>descriptam,</span> 
     </span>
     <span class='ocr_line' id='line_1_63' title="bbox 1294 1311 2326 1367; baseline 0.011 -18"><span class='ocrx_word' id='word_1_370' title='bbox 1294 1311 1361 1350; x_wconf 85' lang='lat' dir='ltr'>vel</span> <span class='ocrx_word' id='word_1_371' title='bbox 1381 1311 1628 1362; x_wconf 73' lang='lat' dir='ltr'>praedictam</span> <span class='ocrx_word' id='word_1_372' title='bbox 1649 1314 1964 1367; x_wconf 87' lang='lat' dir='ltr'>desolationem,</span> <span class='ocrx_word' id='word_1_373' title='bbox 1988 1317 2039 1357; x_wconf 91' lang='lat' dir='ltr'>ad</span> <span class='ocrx_word' id='word_1_374' title='bbox 2060 1318 2326 1360; x_wconf 83' lang='lat' dir='ltr'>desolationis</span> 
     </span>
     <span class='ocr_line' id='line_1_64' title="bbox 1294 1381 2327 1439; baseline 0.012 -20"><span class='ocrx_word' id='word_1_375' title='bbox 1294 1381 1531 1421; x_wconf 88' lang='lat' dir='ltr'>remedium</span> <span class='ocrx_word' id='word_1_376' title='bbox 1562 1383 1781 1434; x_wconf 71' lang='lat' dir='ltr'>informat,</span> <span class='ocrx_word' id='word_1_377' title='bbox 1804 1386 1959 1426; x_wconf 87' lang='lat' dir='ltr'>scilicet</span> <span class='ocrx_word' id='word_1_378' title='bbox 1984 1388 2034 1427; x_wconf 89' lang='lat' dir='ltr'>ad</span> <span class='ocrx_word' id='word_1_379' title='bbox 2055 1389 2264 1439; x_wconf 90' lang='lat' dir='ltr'>gemitum</span> <span class='ocrx_word' id='word_1_380' title='bbox 2286 1394 2327 1431; x_wconf 86' lang='lat' dir='ltr'>et</span> 
     </span>
     <span class='ocr_line' id='line_1_65' title="bbox 1295 1452 2327 1513; baseline 0.012 -24"><span class='ocrx_word' id='word_1_381' title='bbox 1295 1452 1678 1502; x_wconf 87' lang='lat' dir='ltr'>compunctionem.</span> <span class='ocrx_word' id='word_1_382' title='bbox 1699 1453 1839 1495; x_wconf 84' lang='lat' dir='ltr'>Primo</span> <span class='ocrx_word' id='word_1_383' title='bbox 1856 1459 1997 1496; x_wconf 89' lang='lat' dir='ltr'>autem</span> <span class='ocrx_word' id='word_1_384' title='bbox 2025 1459 2167 1510; x_wconf 90' lang='lat' dir='ltr'>tangit</span> <span class='ocrx_word' id='word_1_385' title='bbox 2184 1460 2327 1513; x_wconf 86' lang='lat' dir='ltr'>depre-</span> 
     </span>
     <span class='ocr_line' id='line_1_66' title="bbox 1295 1520 2324 1582; baseline 0.013 -23"><span class='ocrx_word' id='word_1_386' title='bbox 1295 1520 1469 1560; x_wconf 86' lang='lat' dir='ltr'>cationis</span> <span class='ocrx_word' id='word_1_387' title='bbox 1492 1522 1624 1574; x_wconf 86' lang='lat' dir='ltr'>hujus</span> <span class='ocrx_word' id='word_1_388' title='bbox 1644 1526 2000 1576; x_wconf 86' lang='lat' dir='ltr'>opportunitatem</span> <span class='ocrx_word' id='word_1_389' title='bbox 2017 1560 2027 1578; x_wconf 92' lang='lat'>,</span> <span class='ocrx_word' id='word_1_390' title='bbox 2050 1532 2222 1582; x_wconf 89' lang='lat' dir='ltr'>propter</span> <span class='ocrx_word' id='word_1_391' title='bbox 2239 1531 2324 1572; x_wconf 89' lang='lat' dir='ltr'>ela-</span> 
     </span>
     <span class='ocr_line' id='line_1_67' title="bbox 1296 1591 2327 1647; baseline 0.014 -17"><span class='ocrx_word' id='word_1_392' title='bbox 1296 1591 1455 1631; x_wconf 90' lang='lat' dir='ltr'>tionem</span> <span class='ocrx_word' id='word_1_393' title='bbox 1473 1592 1764 1647; x_wconf 76' lang='lat' dir='ltr'>inimicorum3</span> <span class='ocrx_word' id='word_1_394' title='bbox 1781 1595 1930 1637; x_wconf 89' lang='lat' dir='ltr'>deinde</span> <span class='ocrx_word' id='word_1_395' title='bbox 1945 1598 2140 1641; x_wconf 83' lang='lat' dir='ltr'>hortatur</span> <span class='ocrx_word' id='word_1_396' title='bbox 2153 1613 2197 1642; x_wconf 86' lang='lat' dir='ltr'>se</span> <span class='ocrx_word' id='word_1_397' title='bbox 2209 1614 2327 1643; x_wconf 86' lang='lat' dir='ltr'>exer-</span> 
     </span>
     <span class='ocr_line' id='line_1_68' title="bbox 1296 1663 2322 1723; baseline 0.012 -22"><span class='ocrx_word' id='word_1_398' title='bbox 1296 1674 1389 1702; x_wconf 88' lang='lat' dir='ltr'>cere</span> <span class='ocrx_word' id='word_1_399' title='bbox 1418 1663 1469 1703; x_wconf 89' lang='lat' dir='ltr'>ad</span> <span class='ocrx_word' id='word_1_400' title='bbox 1498 1666 1865 1717; x_wconf 88' lang='lat' dir='ltr'>compunctionem</span> <span class='ocrx_word' id='word_1_401' title='bbox 1898 1671 1938 1709; x_wconf 86' lang='lat' dir='ltr'>et</span> <span class='ocrx_word' id='word_1_402' title='bbox 1971 1671 2207 1723; x_wconf 84' lang='lat' dir='ltr'>gemitum,</span> <span class='ocrx_word' id='word_1_403' title='bbox 2240 1673 2322 1713; x_wconf 87' lang='lat' dir='ltr'>ibi:</span> 
     </span>
     <span class='ocr_line' id='line_1_69' title="bbox 1297 1732 2327 1792; baseline 0.014 -20"><span class='ocrx_word' id='word_1_404' title='bbox 1297 1732 1495 1784; x_wconf 58' lang='lat' dir='ltr'>Betheem,</span> <span class='ocrx_word' id='word_1_405' title='bbox 1518 1737 1595 1775; x_wconf 89' lang='lat' dir='ltr'>etc.</span> <span class='ocrx_word' id='word_1_406' title='bbox 1615 1735 1717 1776; x_wconf 90' lang='lat' dir='ltr'>Dicit</span> <span class='ocrx_word' id='word_1_407' title='bbox 1736 1749 1840 1789; x_wconf 90' lang='lat' dir='ltr'>ergo</span> <span class='ocrx_word' id='word_1_408' title='bbox 1854 1751 1931 1791; x_wconf 91' lang='lat' dir='ltr'>pro</span> <span class='ocrx_word' id='word_1_409' title='bbox 1944 1741 2094 1792; x_wconf 89' lang='lat' dir='ltr'>primo:</span> <span class='ocrx_word' id='word_1_410' title='bbox 2116 1742 2327 1786; x_wconf 78' lang='lat' dir='ltr'>Clamavit</span> 
     </span>
     <span class='ocr_line' id='line_1_70' title="bbox 1297 1805 2325 1862; baseline 0.013 -19"><span class='ocrx_word' id='word_1_411' title='bbox 1297 1813 1367 1844; x_wconf 80' lang='lat' dir='ltr'>cor</span> <span class='ocrx_word' id='word_1_412' title='bbox 1393 1814 1556 1854; x_wconf 75' lang='lat' dir='ltr'>eorum,</span> <span class='ocrx_word' id='word_1_413' title='bbox 1589 1805 1630 1845; x_wconf 90' lang='lat' dir='ltr'>id</span> <span class='ocrx_word' id='word_1_414' title='bbox 1661 1809 1744 1857; x_wconf 90' lang='lat' dir='ltr'>est,</span> <span class='ocrx_word' id='word_1_415' title='bbox 1769 1807 2063 1862; x_wconf 80' lang='lat' dir='ltr'>inimicorum3</span> <span class='ocrx_word' id='word_1_416' title='bbox 2092 1813 2151 1854; x_wconf 77' lang='lat' dir='ltr'>acl</span> <span class='ocrx_word' id='word_1_417' title='bbox 2175 1815 2325 1856; x_wconf 78' lang='lat' dir='ltr'>Domi-</span> 
     </span>
     <span class='ocr_line' id='line_1_71' title="bbox 1297 1875 2328 1926; baseline 0.013 -13"><span class='ocrx_word' id='word_1_418' title='bbox 1297 1883 1419 1923; x_wconf 71' lang='lat' dir='ltr'>num,</span> <span class='ocrx_word' id='word_1_419' title='bbox 1442 1875 1483 1915; x_wconf 89' lang='lat' dir='ltr'>id</span> <span class='ocrx_word' id='word_1_420' title='bbox 1504 1879 1584 1925; x_wconf 90' lang='lat' dir='ltr'>est,</span> <span class='ocrx_word' id='word_1_421' title='bbox 1610 1880 1755 1917; x_wconf 88' lang='lat' dir='ltr'>contra</span> <span class='ocrx_word' id='word_1_422' title='bbox 1776 1878 2018 1922; x_wconf 89' lang='lat' dir='ltr'>Dominum.</span> <span class='ocrx_word' id='word_1_423' title='bbox 2049 1882 2164 1924; x_wconf 85' lang='lat' dir='ltr'>Sicut</span> <span class='ocrx_word' id='word_1_424' title='bbox 2192 1885 2328 1926; x_wconf 88' lang='lat' dir='ltr'>simile</span> 
     </span>
     <span class='ocr_line' id='line_1_72' title="bbox 1298 1945 2329 1996; baseline 0.013 -12"><span class='ocrx_word' id='word_1_425' title='bbox 1298 1945 1450 1986; x_wconf 85' lang='lat' dir='ltr'>dicitur</span> <span class='ocrx_word' id='word_1_426' title='bbox 1474 1951 1513 1987; x_wconf 77' lang='lat'>2:</span> <span class='ocrx_word' id='word_1_427' title='bbox 1544 1962 1562 1984; x_wconf 76' lang='grc' dir='ltr'>(ι</span> <span class='ocrx_word' id='word_1_428' title='bbox 1585 1947 1749 1990; x_wconf 87' lang='lat' dir='ltr'>Clamor</span> <span class='ocrx_word' id='word_1_429' title='bbox 1774 1949 2058 1993; x_wconf 88' lang='lat' dir='ltr'>Sodomorum</span> <span class='ocrx_word' id='word_1_430' title='bbox 2086 1957 2127 1995; x_wconf 90' lang='lat' dir='ltr'>et</span> <span class='ocrx_word' id='word_1_431' title='bbox 2157 1955 2329 1996; x_wconf 87' lang='lat' dir='ltr'>Gomor-</span> 
     </span>
     <span class='ocr_line' id='line_1_73' title="bbox 1298 2016 2329 2079; baseline 0.013 -25"><span class='ocrx_word' id='word_1_432' title='bbox 1298 2016 1516 2057; x_wconf 83' lang='lat' dir='ltr'>rhaeorum</span> <span class='ocrx_word' id='word_1_433' title='bbox 1537 2018 1837 2071; x_wconf 87' lang='lat' dir='ltr'>multiplicatus</span> <span class='ocrx_word' id='word_1_434' title='bbox 1858 2024 1934 2062; x_wconf 85' lang='lat' dir='ltr'>est.</span> <span class='ocrx_word' id='word_1_435' title='bbox 1953 2037 1972 2059; x_wconf 63' lang='lat'>&gt;³</span> <span class='ocrx_word' id='word_1_436' title='bbox 2000 2022 2206 2066; x_wconf 86' lang='lat' dir='ltr'>Clamavit</span> <span class='ocrx_word' id='word_1_437' title='bbox 2225 2038 2329 2079; x_wconf 88' lang='lat' dir='ltr'>ergo</span> 
     </span>
     <span class='ocr_line' id='line_1_74' title="bbox 1298 2091 2330 2148; baseline 0.015 -23"><span class='ocrx_word' id='word_1_438' title='bbox 1298 2098 1369 2126; x_wconf 91' lang='lat' dir='ltr'>cor</span> <span class='ocrx_word' id='word_1_439' title='bbox 1386 2098 1536 2127; x_wconf 84' lang='lat' dir='ltr'>eorum</span> <span class='ocrx_word' id='word_1_440' title='bbox 1556 2091 1862 2132; x_wconf 87' lang='lat' dir='ltr'>contemnendo</span> <span class='ocrx_word' id='word_1_441' title='bbox 1884 2092 2031 2145; x_wconf 91' lang='lat' dir='ltr'>Deum,</span> <span class='ocrx_word' id='word_1_442' title='bbox 2048 2105 2174 2148; x_wconf 75' lang='lat' dir='ltr'>super</span> <span class='ocrx_word' id='word_1_443' title='bbox 2189 2107 2330 2140; x_wconf 84' lang='lat' dir='ltr'>muros</span> 
     </span>
     <span class='ocr_line' id='line_1_75' title="bbox 1297 2157 2330 2214; baseline 0.013 -17"><span class='ocrx_word' id='word_1_444' title='bbox 1297 2157 1401 2207; x_wconf 74' lang='lat' dir='ltr'>filice</span> <span class='ocrx_word' id='word_1_445' title='bbox 1419 2158 1542 2208; x_wconf 71' lang='lat' dir='ltr'>Sion,</span> <span class='ocrx_word' id='word_1_446' title='bbox 1565 2159 1607 2199; x_wconf 91' lang='lat' dir='ltr'>id</span> <span class='ocrx_word' id='word_1_447' title='bbox 1627 2162 1687 2199; x_wconf 87' lang='lat' dir='ltr'>est</span> <span class='ocrx_word' id='word_1_448' title='bbox 1708 2164 1879 2214; x_wconf 86' lang='lat' dir='ltr'>propter</span> <span class='ocrx_word' id='word_1_449' title='bbox 1899 2176 2123 2206; x_wconf 89' lang='lat' dir='ltr'>murorum</span> <span class='ocrx_word' id='word_1_450' title='bbox 2143 2167 2330 2209; x_wconf 88' lang='lat' dir='ltr'>destruc-</span> 
     </span>
     <span class='ocr_line' id='line_1_76' title="bbox 1298 2228 2331 2286; baseline 0.013 -19"><span class='ocrx_word' id='word_1_451' title='bbox 1298 2228 1476 2279; x_wconf 84' lang='lat' dir='ltr'>tionem,</span> <span class='ocrx_word' id='word_1_452' title='bbox 1511 2242 1564 2270; x_wconf 80' lang='lat' dir='ltr'>ex</span> <span class='ocrx_word' id='word_1_453' title='bbox 1589 2230 1669 2271; x_wconf 89' lang='lat' dir='ltr'>hoc</span> <span class='ocrx_word' id='word_1_454' title='bbox 1702 2232 1856 2274; x_wconf 84' lang='lat' dir='ltr'>scilicet</span> <span class='ocrx_word' id='word_1_455' title='bbox 1887 2234 2132 2286; x_wconf 86' lang='lat' dir='ltr'>gloriantes.</span> <span class='ocrx_word' id='word_1_456' title='bbox 2162 2238 2225 2279; x_wconf 79' lang='lat' dir='ltr'>Ex</span> <span class='ocrx_word' id='word_1_457' title='bbox 2250 2239 2331 2280; x_wconf 89' lang='lat' dir='ltr'>hoc</span> 
     </span>
     <span class='ocr_line' id='line_1_77' title="bbox 1299 2302 2330 2358; baseline 0.013 -20"><span class='ocrx_word' id='word_1_458' title='bbox 1299 2310 1403 2350; x_wconf 87' lang='lat' dir='ltr'>ergo</span> <span class='ocrx_word' id='word_1_459' title='bbox 1440 2302 1530 2340; x_wconf 88' lang='lat' dir='ltr'>erat</span> <span class='ocrx_word' id='word_1_460' title='bbox 1570 2303 1862 2354; x_wconf 83' lang='lat' dir='ltr'>opportunitas</span> <span class='ocrx_word' id='word_1_461' title='bbox 1898 2305 2149 2358; x_wconf 89' lang='lat' dir='ltr'>deprecandi</span> <span class='ocrx_word' id='word_1_462' title='bbox 2184 2308 2330 2350; x_wconf 88' lang='lat' dir='ltr'>Domi—</span> 
     </span>
     <span class='ocr_line' id='line_1_78' title="bbox 1298 2372 2331 2426; baseline 0.013 -18"><span class='ocrx_word' id='word_1_463' title='bbox 1298 2381 1429 2419; x_wconf 87' lang='lat' dir='ltr'>num,</span> <span class='ocrx_word' id='word_1_464' title='bbox 1463 2372 1660 2422; x_wconf 86' lang='lat' dir='ltr'>quamvis</span> <span class='ocrx_word' id='word_1_465' title='bbox 1692 2385 1779 2413; x_wconf 80' lang='lat' dir='ltr'>non</span> <span class='ocrx_word' id='word_1_466' title='bbox 1813 2376 2039 2426; x_wconf 87' lang='lat' dir='ltr'>agentibus</span> <span class='ocrx_word' id='word_1_467' title='bbox 2065 2379 2224 2420; x_wconf 90' lang='lat' dir='ltr'>meritis</span> <span class='ocrx_word' id='word_1_468' title='bbox 2253 2379 2331 2420; x_wconf 87' lang='lat' dir='ltr'>Ju-</span> 
     </span>
     <span class='ocr_line' id='line_1_79' title="bbox 1299 2440 2330 2501; baseline 0.013 -22"><span class='ocrx_word' id='word_1_469' title='bbox 1299 2440 1505 2491; x_wconf 83' lang='lat' dir='ltr'>daeorum,</span> <span class='ocrx_word' id='word_1_470' title='bbox 1526 2443 1597 2482; x_wconf 90' lang='lat' dir='ltr'>sed</span> <span class='ocrx_word' id='word_1_471' title='bbox 1618 2443 1831 2485; x_wconf 86' lang='lat' dir='ltr'>demeritis</span> <span class='ocrx_word' id='word_1_472' title='bbox 1845 2446 2205 2501; x_wconf 87' lang='lat' dir='ltr'>adversariorum,</span> <span class='ocrx_word' id='word_1_473' title='bbox 2222 2451 2330 2492; x_wconf 89' lang='lat' dir='ltr'>sicut</span> 
     </span>
     <span class='ocr_line' id='line_1_80' title="bbox 1299 2510 2329 2566; baseline 0.013 -17"><span class='ocrx_word' id='word_1_474' title='bbox 1299 2510 1406 2550; x_wconf 86' lang='lat' dir='ltr'>dixit</span> <span class='ocrx_word' id='word_1_475' title='bbox 1426 2510 1625 2552; x_wconf 86' lang='lat' dir='ltr'>Ezechias</span> <span class='ocrx_word' id='word_1_476' title='bbox 1645 2518 1685 2553; x_wconf 79' lang='lat'>3:</span> <span class='ocrx_word' id='word_1_477' title='bbox 1715 2529 1734 2551; x_wconf 79' lang='grc' dir='ltr'>α</span> <span class='ocrx_word' id='word_1_478' title='bbox 1753 2514 1932 2566; x_wconf 86' lang='lat' dir='ltr'>Inclina,</span> <span class='ocrx_word' id='word_1_479' title='bbox 1963 2517 2158 2566; x_wconf 89' lang='lat' dir='ltr'>Domine,</span> <span class='ocrx_word' id='word_1_480' title='bbox 2181 2532 2329 2561; x_wconf 90' lang='lat' dir='ltr'>aurem</span> 
     </span>
     <span class='ocr_line' id='line_1_81' title="bbox 1299 2581 2328 2644; baseline 0.016 -26"><span class='ocrx_word' id='word_1_481' title='bbox 1299 2581 1439 2630; x_wconf 85' lang='lat' dir='ltr'>tuam,</span> <span class='ocrx_word' id='word_1_482' title='bbox 1469 2583 1510 2620; x_wconf 88' lang='lat' dir='ltr'>et</span> <span class='ocrx_word' id='word_1_483' title='bbox 1531 2582 1652 2632; x_wconf 80' lang='lat' dir='ltr'>audi3</span> <span class='ocrx_word' id='word_1_484' title='bbox 1683 2584 1811 2636; x_wconf 85' lang='lat' dir='ltr'>aperi,</span> <span class='ocrx_word' id='word_1_485' title='bbox 1835 2584 2025 2639; x_wconf 86' lang='lat' dir='ltr'>Domine,</span> <span class='ocrx_word' id='word_1_486' title='bbox 2048 2590 2191 2632; x_wconf 88' lang='lat' dir='ltr'>oculos</span> <span class='ocrx_word' id='word_1_487' title='bbox 2216 2595 2328 2644; x_wconf 85' lang='lat' dir='ltr'>tuos,</span> 
     </span>
     <span class='ocr_line' id='line_1_82' title="bbox 1300 2650 2328 2714; baseline 0.014 -24"><span class='ocrx_word' id='word_1_488' title='bbox 1300 2653 1340 2690; x_wconf 88' lang='lat' dir='ltr'>et</span> <span class='ocrx_word' id='word_1_489' title='bbox 1361 2650 1480 2701; x_wconf 88' lang='lat' dir='ltr'>vide;</span> <span class='ocrx_word' id='word_1_490' title='bbox 1510 2655 1551 2692; x_wconf 91' lang='lat' dir='ltr'>et</span> <span class='ocrx_word' id='word_1_491' title='bbox 1572 2653 1670 2694; x_wconf 88' lang='lat' dir='ltr'>audi</span> <span class='ocrx_word' id='word_1_492' title='bbox 1696 2655 1840 2696; x_wconf 88' lang='lat' dir='ltr'>omnia</span> <span class='ocrx_word' id='word_1_493' title='bbox 1865 2658 1994 2699; x_wconf 90' lang='lat' dir='ltr'>verba</span> <span class='ocrx_word' id='word_1_494' title='bbox 2019 2659 2328 2714; x_wconf 88' lang='lat' dir='ltr'>Sennacherib,</span> 
     </span>
     <span class='ocr_line' id='line_1_83' title="bbox 1300 2724 2328 2779; baseline 0.015 -18"><span class='ocrx_word' id='word_1_495' title='bbox 1300 2734 1396 2774; x_wconf 85' lang='lat' dir='ltr'>quae.</span> <span class='ocrx_word' id='word_1_496' title='bbox 1416 2724 1533 2764; x_wconf 90' lang='lat' dir='ltr'>misit</span> <span class='ocrx_word' id='word_1_497' title='bbox 1552 2725 1603 2765; x_wconf 86' lang='lat' dir='ltr'>ad</span> <span class='ocrx_word' id='word_1_498' title='bbox 1622 2725 2003 2779; x_wconf 87' lang='lat' dir='ltr'>blasphemandum</span> <span class='ocrx_word' id='word_1_499' title='bbox 2022 2731 2157 2773; x_wconf 90' lang='lat' dir='ltr'>Deum</span> <span class='ocrx_word' id='word_1_500' title='bbox 2176 2734 2328 2775; x_wconf 89' lang='lat' dir='ltr'>viven-</span> 
     </span>
     <span class='ocr_line' id='line_1_84' title="bbox 1301 2794 2333 2854; baseline 0.014 -22"><span class='ocrx_word' id='word_1_501' title='bbox 1301 2795 1434 2833; x_wconf 84' lang='lat' dir='ltr'>tem.»</span> <span class='ocrx_word' id='word_1_502' title='bbox 1465 2794 1606 2837; x_wconf 74' lang='lat' dir='ltr'>Deduc</span> <span class='ocrx_word' id='word_1_503' title='bbox 1627 2810 1641 2835; x_wconf 93' lang='grc'>.·</span> <span class='ocrx_word' id='word_1_504' title='bbox 1659 2808 1752 2838; x_wconf 86' lang='lat' dir='ltr'>ecce</span> <span class='ocrx_word' id='word_1_505' title='bbox 1770 2798 1964 2841; x_wconf 90' lang='lat' dir='ltr'>hortatur</span> <span class='ocrx_word' id='word_1_506' title='bbox 1984 2802 2037 2843; x_wconf 86' lang='lat' dir='ltr'>ad</span> <span class='ocrx_word' id='word_1_507' title='bbox 2059 2804 2270 2854; x_wconf 88' lang='lat' dir='ltr'>gemitum</span> <span class='ocrx_word' id='word_1_508' title='bbox 2290 2808 2333 2846; x_wconf 88' lang='lat' dir='ltr'>et</span> 
     </span>
     <span class='ocr_line' id='line_1_85' title="bbox 1301 2866 2330 2928; baseline 0.014 -25"><span class='ocrx_word' id='word_1_509' title='bbox 1301 2866 1688 2918; x_wconf 86' lang='lat' dir='ltr'>compunctionem;</span> <span class='ocrx_word' id='word_1_510' title='bbox 1713 2871 1754 2908; x_wconf 91' lang='lat' dir='ltr'>et</span> <span class='ocrx_word' id='word_1_511' title='bbox 1769 2869 1965 2912; x_wconf 87' lang='lat' dir='ltr'>hortatur</span> <span class='ocrx_word' id='word_1_512' title='bbox 1983 2873 2034 2914; x_wconf 87' lang='lat' dir='ltr'>ad</span> <span class='ocrx_word' id='word_1_513' title='bbox 2055 2874 2137 2915; x_wconf 86' lang='lat' dir='ltr'>tria</span> <span class='ocrx_word' id='word_1_514' title='bbox 2154 2889 2162 2916; x_wconf 95' lang='lat'><strong>:</strong></span> <span class='ocrx_word' id='word_1_515' title='bbox 2191 2876 2330 2928; x_wconf 89' lang='lat' dir='ltr'>primo</span> 
     </span>
     <span class='ocr_line' id='line_1_86' title="bbox 1301 2934 2331 2995; baseline 0.014 -21"><span class='ocrx_word' id='word_1_516' title='bbox 1301 2934 1352 2974; x_wconf 82' lang='lat' dir='ltr'>ad</span> <span class='ocrx_word' id='word_1_517' title='bbox 1385 2935 1641 2988; x_wconf 87' lang='lat' dir='ltr'>deploranda</span> <span class='ocrx_word' id='word_1_518' title='bbox 1673 2942 1839 2991; x_wconf 86' lang='lat' dir='ltr'>peccata</span> <span class='ocrx_word' id='word_1_519' title='bbox 1872 2943 2061 2995; x_wconf 84' lang='lat' dir='ltr'>propria3</span> <span class='ocrx_word' id='word_1_520' title='bbox 2099 2945 2247 2987; x_wconf 89' lang='lat' dir='ltr'>deinde</span> <span class='ocrx_word' id='word_1_521' title='bbox 2279 2947 2331 2988; x_wconf 85' lang='lat' dir='ltr'>ad</span> 
     </span>
     <span class='ocr_line' id='line_1_87' title="bbox 1300 3003 2329 3071; baseline 0.017 -27"><span class='ocrx_word' id='word_1_522' title='bbox 1300 3003 1560 3047; x_wconf 86' lang='lat' dir='ltr'>laudandum</span> <span class='ocrx_word' id='word_1_523' title='bbox 1587 3008 1731 3050; x_wconf 90' lang='lat' dir='ltr'>divina</span> <span class='ocrx_word' id='word_1_524' title='bbox 1755 3011 1938 3063; x_wconf 86' lang='lat' dir='ltr'>judicia,</span> <span class='ocrx_word' id='word_1_525' title='bbox 1970 3013 2028 3054; x_wconf 91' lang='lat' dir='ltr'>ibi</span> <span class='ocrx_word' id='word_1_526' title='bbox 2051 3029 2060 3055; x_wconf 89' lang='lat'>:</span> <span class='ocrx_word' id='word_1_527' title='bbox 2098 3015 2329 3071; x_wconf 60' lang='lat' dir='ltr'>consui-qe,</span> 
     </span>
     <span class='ocr_line' id='line_1_88' title="bbox 1303 3075 2331 3140; baseline 0.014 -25"><span class='ocrx_word' id='word_1_528' title='bbox 1303 3075 1457 3128; x_wconf 70' lang='lat' dir='ltr'>lauda,</span> <span class='ocrx_word' id='word_1_529' title='bbox 1482 3078 1605 3118; x_wconf 89' lang='lat' dir='ltr'>tertio</span> <span class='ocrx_word' id='word_1_530' title='bbox 1628 3079 1682 3120; x_wconf 91' lang='lat' dir='ltr'>ad</span> <span class='ocrx_word' id='word_1_531' title='bbox 1710 3079 2025 3133; x_wconf 88' lang='lat' dir='ltr'>implorandum</span> <span class='ocrx_word' id='word_1_532' title='bbox 2049 3085 2192 3127; x_wconf 90' lang='lat' dir='ltr'>divina</span> <span class='ocrx_word' id='word_1_533' title='bbox 2216 3100 2331 3140; x_wconf 85' lang='lat' dir='ltr'>prae-</span> 
     </span>
     <span class='ocr_line' id='line_1_89' title="bbox 1303 3147 2332 3210; baseline 0.013 -24"><span class='ocrx_word' id='word_1_534' title='bbox 1303 3147 1432 3198; x_wconf 85' lang='lat' dir='ltr'>sidia,</span> <span class='ocrx_word' id='word_1_535' title='bbox 1463 3148 1546 3189; x_wconf 89' lang='lat' dir='ltr'>ibi:</span> <span class='ocrx_word' id='word_1_536' title='bbox 1580 3149 1764 3202; x_wconf 81' lang='lat' dir='ltr'>Effunde</span> <span class='ocrx_word' id='word_1_537' title='bbox 1790 3152 1904 3196; x_wconf 80' lang='lat' dir='ltr'>sicut</span> <span class='ocrx_word' id='word_1_538' title='bbox 1926 3165 2095 3207; x_wconf 84' lang='lat' dir='ltr'>aquam.</span> <span class='ocrx_word' id='word_1_539' title='bbox 2120 3156 2168 3197; x_wconf 90' lang='lat' dir='ltr'>In</span> <span class='ocrx_word' id='word_1_540' title='bbox 2195 3158 2332 3210; x_wconf 87' lang='lat' dir='ltr'>prima</span> 
     </span>
     <span class='ocr_line' id='line_1_90' title="bbox 1303 3219 2326 3278; baseline 0.01 -20"><span class='ocrx_word' id='word_1_541' title='bbox 1303 3221 1420 3270; x_wconf 85' lang='lat' dir='ltr'>parte</span> <span class='ocrx_word' id='word_1_542' title='bbox 1440 3219 1637 3261; x_wconf 89' lang='lat' dir='ltr'>hortatur</span> <span class='ocrx_word' id='word_1_543' title='bbox 1649 3222 1702 3262; x_wconf 88' lang='lat' dir='ltr'>ad</span> <span class='ocrx_word' id='word_1_544' title='bbox 1715 3221 1978 3275; x_wconf 84' lang='lat' dir='ltr'>lacrymandi</span> <span class='ocrx_word' id='word_1_545' title='bbox 1995 3226 2326 3278; x_wconf 56' lang='lat' dir='ltr'>vehementiam</span> 
     </span>
     <span class='ocr_line' id='line_1_91' title="bbox 1304 3291 2331 3346; baseline 0.011 -16"><span class='ocrx_word' id='word_1_546' title='bbox 1304 3291 1503 3342; x_wconf 84' lang='lat' dir='ltr'>secundo,</span> <span class='ocrx_word' id='word_1_547' title='bbox 1520 3293 1573 3333; x_wconf 89' lang='lat' dir='ltr'>ad</span> <span class='ocrx_word' id='word_1_548' title='bbox 1592 3293 1880 3346; x_wconf 87' lang='lat' dir='ltr'>lacrymarum</span> <span class='ocrx_word' id='word_1_549' title='bbox 1898 3297 2148 3339; x_wconf 79' lang='lat' dir='ltr'>indefessam</span> <span class='ocrx_word' id='word_1_550' title='bbox 2168 3300 2331 3340; x_wconf 74' lang='lat' dir='ltr'>ferven-</span> 
     </span>
     <span class='ocr_line' id='line_1_92' title="bbox 1302 3359 2332 3420; baseline 0.009 -21"><span class='ocrx_word' id='word_1_551' title='bbox 1302 3359 1406 3400; x_wconf 89' lang='lat' dir='ltr'>tiam</span> <span class='ocrx_word' id='word_1_552' title='bbox 1425 3375 1433 3401; x_wconf 85' lang='lat' dir='ltr'>z</span> <span class='ocrx_word' id='word_1_553' title='bbox 1450 3362 1544 3404; x_wconf 77' lang='lat' dir='ltr'>Non</span> <span class='ocrx_word' id='word_1_554' title='bbox 1564 3363 1636 3405; x_wconf 79' lang='lat' dir='ltr'>des</span> <span class='ocrx_word' id='word_1_555' title='bbox 1656 3365 1844 3416; x_wconf 77' lang='lat' dir='ltr'>requiem</span> <span class='ocrx_word' id='word_1_556' title='bbox 1863 3367 1964 3417; x_wconf 42' lang='lat' dir='ltr'>tibzss</span> <span class='ocrx_word' id='word_1_557' title='bbox 1988 3368 2112 3408; x_wconf 90' lang='lat' dir='ltr'>tertio</span> <span class='ocrx_word' id='word_1_558' title='bbox 2131 3369 2183 3409; x_wconf 87' lang='lat' dir='ltr'>ad</span> <span class='ocrx_word' id='word_1_559' title='bbox 2201 3368 2332 3420; x_wconf 88' lang='lat' dir='ltr'>lacry-</span> 
     </span>
     <span class='ocr_line' id='line_1_93' title="bbox 1304 3431 2333 3490; baseline 0.009 -21"><span class='ocrx_word' id='word_1_560' title='bbox 1304 3431 1447 3472; x_wconf 87' lang='lat' dir='ltr'>mandi</span> <span class='ocrx_word' id='word_1_561' title='bbox 1472 3435 1854 3485; x_wconf 87' lang='lat' dir='ltr'>perseverantiam:</span> <span class='ocrx_word' id='word_1_562' title='bbox 1886 3437 2029 3490; x_wconf 81' lang='lat' dir='ltr'>Neque</span> <span class='ocrx_word' id='word_1_563' title='bbox 2054 3438 2205 3488; x_wconf 66' lang='lat' dir='ltr'>iaceat.</span> <span class='ocrx_word' id='word_1_564' title='bbox 2225 3437 2333 3478; x_wconf 84' lang='lat' dir='ltr'>Dicit</span> 
     </span>
     <span class='ocr_line' id='line_1_94' title="bbox 1305 3503 2332 3559; baseline 0.01 -20"><span class='ocrx_word' id='word_1_565' title='bbox 1305 3511 1431 3551; x_wconf 86' lang='lat' dir='ltr'>ergo:</span> <span class='ocrx_word' id='word_1_566' title='bbox 1457 3503 1603 3545; x_wconf 82' lang='lat' dir='ltr'>Deduc</span> <span class='ocrx_word' id='word_1_567' title='bbox 1618 3536 1629 3555; x_wconf 88' lang='lat'>,</span> <span class='ocrx_word' id='word_1_568' title='bbox 1651 3517 1676 3545; x_wconf 93' lang='lat'>0</span> <span class='ocrx_word' id='word_1_569' title='bbox 1694 3505 1782 3546; x_wconf 87' lang='lat' dir='ltr'>filia</span> <span class='ocrx_word' id='word_1_570' title='bbox 1801 3506 1926 3556; x_wconf 88' lang='lat' dir='ltr'>Sion,</span> <span class='ocrx_word' id='word_1_571' title='bbox 1947 3507 2067 3558; x_wconf 86' lang='lat' dir='ltr'>quasi</span> <span class='ocrx_word' id='word_1_572' title='bbox 2089 3509 2332 3559; x_wconf 72' lang='lat' dir='ltr'>spontaneae</span> 
     </span>
    </p>
   </div>
  </div>
 </body>
</html>
