2587 3845
224 173 250 208 4
826 162 1097 205 EXPOSITIO
1130 164 1181 206 IN
1209 162 1415 207 LIBRUM
1435 165 1749 210 SAPIENTIAE.

223 257 462 299 diffundere
481 256 625 298 lumen
660 253 876 306 sapientiae
900 253 943 292 in
963 252 1053 294 loca
1073 253 1249 304 excelsa,

223 325 265 366 id
280 329 355 376 est,
380 326 424 365 in
438 325 688 378 superiores,
713 326 753 363 et
774 334 849 375 per
863 334 934 363 eos
955 322 999 362 in
1016 322 1249 363 inferiores

223 395 342 437 Unde
362 398 488 450 patet,
512 407 684 436 causam
704 393 876 434 finalem
901 393 1031 442 hujus
1051 393 1253 434 doctrina}

1327 266 1418 295 esse
1430 255 1781 305 exhortationem,
1797 266 1871 296 seu
1887 257 2228 308 provocationem
2239 256 2354 310 prin-

1327 325 1484 378 cipum,
1506 327 1801 379 praelatorum,
1825 328 1866 368 et
1886 338 1960 379 per
1979 339 2240 380 consequens
2261 340 2355 370 om-

1327 395 1447 435 nium
1468 396 1518 437 ad
1534 397 1721 438 studium
1742 399 1782 438 et
1799 408 1989 438 amorem
2015 397 2246 450 sapieiitIae.

620 575 932 625 EXPOSITIO
970 575 1028 622 IN
1069 575 1500 624 PRAEFATIONEM
1541 578 1955 629 S.111ERONYMI

1061 700 1110 727 DE
1139 700 1255 729 LIBRO
1285 700 1519 730 SAPIENTIAE.

275 821 397 861 Liber
428 819 692 871 sapientae,
723 820 799 858 etc.
843 817 919 857 Hic
950 820 1013 858 est
1046 818 1252 870 prologus

219 904 346 944 quem
356 891 573 944 prcemittit
582 890 867 942 Hieronymus
878 889 986 930 libro
998 889 1250 940 Sapientia.-

221 965 259 1002 et
280 962 416 1014 primo
438 961 619 1001 ostendit
639 960 766 1012 hujus
795 960 891 1000 libri
911 960 1127 1011 originem
1144 992 1153 1010 ,
1188 960 1251 999 di-

219 1046 316 1074 00115
339 1048 346 1074 ;
371 1033 491 1075 Liber
525 1033 758 1086 Sapientioe
788 1032 905 1084 apia-l
931 1032 1122 1074 Heln-(eos
1145 1043 1251 1073 nas-

219 1116 347 1157 qaam
367 1109 439 1146 est.
471 1104 583 1145 L'mle
607 1107 643 1145 et
664 1105 753 1156 ipse
775 1103 936 1155 stylus,
959 1103 1000 1142 id
1019 1105 1081 1142 est
1106 1102 1250 1154 ipsum

218 1176 444 1226 dictamen,
468 1176 567 1228 quia
586 1181 672 1216 tam
688 1175 860 1226 elegans
881 1177 955 1225 est,
980 1175 1116 1226 mayis
1136 1184 1245 1225 θνα)-

217 1256 309 1286 cam
329 1246 610 1299 eloquentiam
631 1245 801 1295 redolet,
824 1245 866 1285 id
886 1248 959 1295 est,
978 1244 1099 1297 sapit,
1124 1255 1251 1296 qaam

216 1316 434 1358 ltebroeam.
450 1316 584 1357 Graeci
596 1316 711 1356 enim
725 1318 825 1356 sunt
838 1316 977 1367 magis
988 1316 1247 1367 eloquentes,

217 1390 257 1427 et
276 1387 320 1426 in
335 1387 554 1427 sententiis
574 1387 864 1440 profundiores
878 1418 890 1437 ,
914 1398 1044 1439 quam
1064 1385 1247 1426 Hebraei.

219 1457 335 1498 Unde
356 1471 453 1498 cum
471 1458 578 1499 liber
596 1458 673 1499 iste
694 1458 847 1499 habeat
879 1457 1249 1509 elegantissimum

219 1529 403 1582 stylum,
426 1531 466 1569 et
487 1529 721 1570 maximam
741 1528 1069 1582 profunditatem
1088 1530 1251 1568 senten-

218 1599 376 1640 tiarum
390 1631 403 1650 ,
426 1602 540 1652 patet
558 1600 700 1652 ipsum
730 1600 871 1652 potius
891 1599 937 1639 in
959 1599 1110 1650 lingua
1131 1611 1249 1650 gree-

220 1681 290 1720 ca,
312 1682 443 1723 quam
462 1670 634 1712 hebraea
654 1671 783 1712 fuisse
805 1670 1021 1711 traditum.
1054 1669 1249 1711 Secundo

1326 820 1519 861 nominat
1538 821 1633 872 ers
1653 822 1892 870 auctorem,
1915 820 2055 860 dicens
2079 833 2087 859 :
2110 819 2157 860 H
2160 829 2264 870 unc,
2287 819 2360 859 sci-

1324 890 1594 931 licetlibrum
1617 891 1853 944 Sapientiae,
1874 891 2017 932 ludat
2041 890 2234 932 Philonis
2255 900 2358 939 esse,

1326 961 1482 1001 scilicet
1503 964 1705 1014 tanquam
1727 962 2033 1014 compilatoris3
2066 961 2139 1002 scd
2170 960 2358 1001 Salomo-

1325 1032 1391 1072 nis
1411 1044 1501 1072 esse
1518 1035 1722 1084 tanquam
1742 1032 1974 1072 inventoris
1991 1064 2001 1082 ,
2023 1034 2070 1072 ut
2094 1031 2256 1071 dictum
2277 1033 2352 1071 est.

1326 1102 1402 1142 Hic
1423 1102 1565 1152 Philo,
1596 1102 1691 1142 licet
1709 1104 1816 1142 esset
1836 1101 1856 1142 J
1862 1102 2029 1151 udaeus,
2052 1101 2130 1141 fuit
2150 1102 2295 1141 tamen
2316 1101 2360 1140 in

1327 1172 1636 1224 g1¹zecali11gua
1655 1173 1835 1225 peritus.
1854 1171 1910 1212 De
1930 1171 2020 1223 ipso
2038 1171 2138 1211 dicit
2157 1170 2362 1223 Hierony-

1326 1255 1422 1283 mus
1442 1243 1486 1282 in
1506 1243 1613 1284 libro
1643 1243 1691 1285 cle
1717 1243 1836 1285 Viris
1869 1242 2128 1292 illustribus,
2152 1241 2267 1294 quod
2284 1241 2363 1281 fuit

1324 1314 1345 1354 J
1353 1314 1518 1365 udaeus,
1546 1315 1717 1355 natione
1747 1314 2085 1363 Alexandrinus,
2119 1312 2168 1352 de
2204 1323 2361 1363 genere

1325 1386 1607 1426 sacerdotum.
1632 1385 1770 1425 Tertio
1790 1385 1980 1436 assignat
2001 1383 2110 1424 tituli
2131 1382 2360 1433 rationem,

1325 1455 1466 1495 dicens
1483 1470 1491 1495 z
1513 1456 1601 1507 Qtti
1616 1455 1736 1505 tiber,
1753 1455 1908 1495 scilicet
1924 1454 2163 1506 Sapientiae,
2179 1451 2361 1505 proinde

1324 1528 1551 1579 Sapientia
1581 1528 1846 1577 nominatur,
1876 1527 1980 1578 qaia
2002 1526 2051 1567 in
2080 1535 2124 1566 eo
2152 1524 2362 1566 adventus

1328 1599 1560 1649 CHRISTI,
1580 1599 1655 1650 qui
1671 1601 1731 1640 est
1749 1598 1971 1649 sapientia
1986 1597 2146 1646 Patris,
2164 1598 2203 1637 et
2218 1595 2361 1647 passio

1324 1668 1554 1718 evidenter,
1578 1669 1620 1709 id
1639 1671 1714 1719 est,
1740 1668 1963 1720 diligenter
1985 1667 2261 1720 exprimitur,
2280 1668 2358 1706 etc.

486 1971 675 2015 CAPUT
707 1971 936 2015 PRIMUM
958 1977 968 1997 ¹
977 2005 986 2014 .

279 2099 317 2135 1.
336 2095 528 2148 Diltqtte,
543 2097 621 2135 etc.
640 2096 690 2148 (a)
715 2094 936 2145 Quoniam,
955 2094 1063 2134 sicut
1092 2093 1252 2134 dictum

225 2168 312 2215 est,
329 2166 560 2218 principes,
583 2168 623 2206 et
642 2166 806 2218 praelati
818 2198 833 2216 ,
849 2168 890 2205 et
910 2177 981 2217 per
993 2176 1253 2217 consequens

224 2247 370 2275 omnes
394 2238 678 2288 provocantur
700 2236 745 2275 in
762 2236 843 2276 hoc
864 2235 971 2275 libro
995 2236 1047 2276 ad
1067 2235 1253 2275 studium

225 2310 265 2348 et
284 2319 473 2347 amorem
485 2306 703 2359 sapientiae
720 2322 728 2355 3
749 2319 932 2359 cumque
947 2307 1151 2359 sapientia
1165 2306 1255 2347 sine

224 2378 494 2418 observantia
524 2378 700 2430 justitiae
720 2378 867 2418 haberi
900 2390 986 2418 non
1011 2378 1170 2429 possit:
1206 2378 1256 2418 iit

223 2449 471 2491 malevolam
503 2450 615 2490 enim
643 2451 834 2490 animam
862 2460 948 2490 mm
975 2449 1175 2490 introivit
1201 2448 1251 2500 (b)

224 2521 452 2572 sapientia,
469 2522 545 2559 etc.
569 2519 678 2559 infra
697 2519 777 2560 hoc
796 2519 942 2560 eodem
965 2519 1124 2572 capite3
1151 2521 1192 2559 et
1208 2520 1221 2540 ²
1245 2533 1252 2559 :

232 2590 368 2640 «Fili,
393 2589 694 2641 concupiscens
714 2590 987 2641 sapientiam,
1023 2601 1147 2630 serva
1162 2589 1255 2640 jus-

225 2661 362 2700 titiam
385 2674 393 2700 :
418 2674 437 2697 »
465 2660 582 2708 ideo,
610 2660 845 2700 secundum
876 2659 1084 2709 Glossam,
1119 2658 1257 2711 primo

227 2731 422 2772 hortatur
442 2731 494 2771 ad
509 2731 719 2783 justitiam
733 2762 745 2780 ,
762 2731 916 2771 scilicet
936 2742 1072 2782 usque
1093 2730 1144 2769 ad
1167 2742 1258 2770 sex-

228 2805 320 2843 tum
341 2805 492 2854 caput3
515 2801 713 2852 secundo,
737 2802 788 2841 ad
808 2801 1080 2854 sapientiam,
1101 2800 1257 2841 scilicet

228 2885 253 2913 a
288 2873 420 2925 capite
451 2875 569 2913 sexto
603 2885 738 2925 usque
772 2872 818 2912 in
855 2873 1001 2913 finem.
1044 2871 1090 2911 In
1121 2872 1258 2924 prima

227 2947 345 2996 parte
361 2944 497 2996 primo
518 2943 615 2983 facit
633 2943 713 2983 tria
727 2975 737 2994 ,
757 2943 992 2984 secundum
1015 2944 1099 2983 tres
1118 2946 1259 2995 partes

225 3015 400 3067 ,iustitiae
425 3015 636 3066 generalis
662 3030 669 3056 :
695 3015 832 3067 primo
854 3015 966 3054 enim
989 3013 1081 3064 agit
1101 3014 1150 3053 de
1165 3015 1259 3066 jus-

228 3085 321 3126 titia
340 3086 527 3126 hominis
547 3086 684 3138 quoad
704 3085 837 3126 Deum
859 3086 991 3137 capite
1015 3084 1175 3136 primo;
1199 3097 1261 3124 se-

230 3156 391 3206 cundo,
414 3156 464 3196 de
479 3156 649 3208 Justitia
678 3156 816 3209 quoad
839 3156 1086 3208 proximum
1117 3154 1261 3206 capiti-

274 3266 280 3281 ¹
306 3264 425 3295 Caeteri
447 3263 599 3295 Editores
620 3263 685 3294 hoc
710 3263 804 3303 loco,
831 3264 957 3304 praevie
983 3263 1025 3294 acl
1051 3264 1261 3293 commenta-

231 3310 318 3341 rium
348 3311 453 3342 sancti
483 3310 656 3350 Doctoris,
675 3311 905 3350 reproducunt
932 3313 1059 3342 textum
1091 3310 1260 3348 integrum

233 3358 349 3396 (sapitis
368 3358 477 3398 primi,
499 3358 569 3388 sine
588 3357 802 3390 distinctione
822 3358 1079 3396 versiculorum,
1100 3359 1132 3387 et
1155 3356 1201 3387 sic
1219 3357 1259 3387 de

232 3405 462 3442 sequentibus.
492 3405 560 3436 Nos
585 3413 665 3435 vero
695 3405 797 3436 satius
823 3404 1110 3442 existimavimus,
1135 3403 1261 3433 unifor-

234 3449 358 3481 mitatis
388 3452 513 3491 gratia,
538 3451 835 3491 reproductionein
864 3452 964 3490 hauc,
994 3451 1109 3491 utiquc
1139 3459 1257 3489 super-

1326 1952 1408 1992 bus
1429 1952 1613 1993 secundo
1633 1954 1674 1992 et
1694 1952 1839 2002 tertio;
1862 1952 1984 1993 tertio
2001 1984 2011 2004 ,
2033 1953 2083 1993 de
2098 1951 2264 2004 Justitia
2283 1952 2359 1993 ho-

1327 2021 1453 2062 minis
1481 2023 1620 2074 quoad
1654 2022 1861 2075 seipsum,
1898 2023 2104 2076 capitibus
2132 2025 2283 2075 quarto
2320 2025 2362 2063 et

1327 2093 1490 2145 quinto.
1516 2093 1563 2133 In
1589 2093 1726 2146 prima
1751 2105 1855 2145 ergo
1883 2094 2036 2134 excitat
2070 2094 2122 2135 ad
2149 2094 2360 2146 justitiam

1328 2163 1484 2213 cordis;
1528 2165 1711 2204 secundo
1743 2165 1826 2205 oris
1849 2179 1857 2204 :
1880 2166 2098 2218 Beiiiqiius
2128 2170 2214 2215 est,
2239 2167 2328 2209 etc.
2348 2179 2358 2215 ;

1327 2235 1450 2275 tertio
1479 2236 1619 2288 operis
1646 2251 1653 2276 :
1676 2235 1817 2278 Nolite
1843 2236 2005 2287 zelare,
2034 2240 2112 2278 etc.
2145 2236 2193 2277 In
2224 2236 2362 2289 prima

1328 2306 1465 2358 primo
1488 2306 1608 2358 ponit
1636 2307 1976 2347 exhortationem
2003 2307 2055 2347 ad
2082 2307 2260 2360 justitiae
2282 2307 2361 2347 bo-

1328 2389 1460 2426 num3
1484 2377 1688 2428 secundo,
1711 2377 1935 2418 utilitatem
1965 2378 2323 2430 acquiescentium
2349 2389 2359 2417 :

1332 2449 1539 2495 Quoniam
1560 2449 1796 2499 invertitur,
1819 2450 1921 2499 etc.;
1947 2449 2097 2500 tertio,
2131 2448 2359 2489 detrimen-

1329 2521 1422 2559 tum
1443 2518 1804 2559 contemnentium
1829 2533 1837 2558 :
1863 2519 2079 2561 Pei-versae
2108 2519 2221 2560 enim
2247 2519 2360 2571 coyt-

1330 2591 1527 2638 tationes,
1548 2592 1627 2629 etc.
1657 2588 1705 2628 In
1734 2589 1873 2641 prima
1892 2590 2030 2641 primo
2044 2621 2057 2639 ,
2080 2592 2289 2642 quantum
2310 2589 2362 2630 ad

1329 2662 1489 2700 rectam
1514 2659 1778 2700 affectionem
1796 2691 1805 2709 ‚
1829 2659 1970 2699 dicens
2002 2659 2057 2711 (v.
2081 2660 2117 2712 4)
2148 2674 2157 2700 :
2186 2660 2362 2712 Dittyite

1323 2731 1348 2783 j
1353 2732 1550 2774 ustitiam
1561 2745 1570 2781 3
1589 2730 1788 2781 seeundo,
1803 2732 2011 2782 quantum
2025 2730 2077 2770 ad
2088 2732 2247 2770 rectam
2259 2729 2364 2770 aesti-

1332 2805 1565 2844 mationem
1585 2817 1593 2843 :
1619 2802 1779 2844 Sentite
1798 2801 1849 2843 de
1870 2802 2047 2843 Domino
2061 2833 2073 2852 ,
2097 2804 2201 2851 etc.;
2223 2801 2361 2850 tertio,

1332 2876 1542 2927 quantum
1567 2873 1619 2914 ad
1647 2875 1805 2914 rectam
1837 2872 2163 2913 aestimationem
2188 2886 2198 2913 ι
2230 2873 2289 2914 Et
2315 2873 2365 2913 iit

1332 2945 1637 2998 simplicitate,
1657 2946 1736 2985 etc.

1386 3016 1490 3056 Dicit
1509 3027 1615 3067 ergo
1640 3030 1647 3054 :
1673 3015 1870 3067 Diliqite,
1895 3016 1973 3055 etc.
1993 3013 2136 3054 Glossa
2158 3027 2167 3054 t
2188 3013 2280 3055 Non
2301 3025 2366 3054 so-

1332 3086 1424 3127 lum
1443 3087 1565 3127 facite
1590 3098 1599 3127 :
1621 3098 1707 3126 non
1727 3087 1841 3126 enim
1874 3088 1937 3126 est
1965 3085 2231 3126 meritorium
2258 3097 2365 3138 opus

1334 3199 1449 3236 fluam,
1471 3197 1639 3237 omittere,
1662 3197 1841 3238 utiliusque
1862 3196 2020 3229 duximus
2041 3196 2075 3228 in
2095 3196 2240 3228 decursu
2258 3197 2365 3238 ipsius

1335 3245 1571 3276 commentarii
1595 3245 1801 3283 versiculos,
1823 3247 1859 3276 ut
1883 3245 1917 3275 111
1943 3244 2106 3284 Vulgata,
2129 3244 2280 3276 numeris
2299 3245 2365 3276 dis-

1334 3293 1500 3333 tinguere.
1529 3293 1698 3324 Cteterum
1729 3292 1899 3323 variantes
1927 3291 2090 3322 lectiones
2119 3293 2229 3323 textus
2258 3292 2363 3332 sacri,

1334 3349 1411 3381 qua}
1426 3340 1609 3372 identidem
1624 3341 1801 3380 apparent,
1814 3338 1993 3370 occasione
2009 3338 2097 3379 data,
2113 3339 2362 3371 annotabimus.

1334 3403 1372 3409 ——
1393 3388 1406 3408 ²
1422 3387 1543 3427 Ecca„
1562 3396 1586 3428 1,
1607 3389 1656 3418 33.

1377 3452 1421 3491 (a)
1440 3451 1520 3484 caet.
1538 3452 1617 3483 edit.
1634 3451 1730 3483 deest
1746 3449 1898 3490 Diligite,
1913 3452 2020 3482 etc.-
2034 3450 2186 3492 (b)Vulg.
2198 3450 2360 3483 introibit.
