2634 3853
177 713 268 740 Annae

128 754 267 790 interpre-

127 795 211 824 tatio.

293 104 371 142 276

291 189 456 232 ficantis
478 188 696 240 sanctitas,
726 186 810 228 ibi:
839 185 895 227 Ec
915 183 1086 225 eiecerat
1108 190 1204 222 cum
1225 181 1318 229 viro

291 272 368 305 suo
386 262 515 304 annis
531 265 700 314 septem,
714 261 793 299 etc.
811 254 1002 296 Tertium
1017 254 1078 292 cst
1090 251 1320 291 testimonii

291 331 523 383 celebritas,
536 332 592 372 ibi
611 332 666 382 (v.
684 329 745 381 37)
760 342 767 367 z
784 328 841 368 Et
855 325 941 366 lioec
954 324 1050 375 ipsa
1063 322 1166 363 liora
1180 332 1320 372 scepei·-

291 403 488 452 veniens,
513 405 589 443 ctc.
613 399 851 441 Auctoritas
870 399 1011 437 autem
1032 393 1320 446 prophetantis

290 473 502 526 colligitur
519 485 571 512 ex
588 470 768 519 duobus,
784 467 939 508 scilicet
959 477 1011 505 ex
1033 476 1209 505 munere
1228 476 1319 516 pro-

289 543 459 597 phetali,
476 546 516 583 et
531 542 696 594 origine
712 538 908 580 naturali.
932 536 1108 577 Ratione
1130 535 1319 575 muneris

287 613 568 667 prophetalis,
592 612 772 653 dicitur:
803 612 843 651 E
847 614 862 652 c
882 612 971 651 erat
995 608 1122 650 Anna
1141 605 1316 659 proplie-

289 687 410 729 tz'ssa.
429 685 553 726 Anna
569 684 872 737 interpretatur
890 681 1057 734 (fracia,
1080 679 1124 718 in
1143 689 1227 731 quo
1251 689 1319 717 os-

286 758 491 808 tenditur,
513 755 628 810 quod
647 756 760 796 recte
781 752 951 794 decebat
964 751 1075 791 hanc
1095 748 1317 789 mulierem

285 830 555 885 prophetare,
579 840 675 881 quae
695 829 785 868 erat
802 822 1092 866 habitaculum
1117 821 1267 872 gratiae
1283 820 1314 859 ¹:

292 917 312 941 α
329 901 481 943 Mulier
503 899 691 952 gratiosa
710 896 897 938 inveniet
916 893 1123 946 gloriam:
1153 906 1171 929 ))
1205 890 1317 931 unde

284 973 374 1026 ipsa
393 974 558 1026 poterat
582 970 718 1011 dicere
737 968 839 1008 illud
858 967 897 1007 ἐ
927 981 946 1004 «
968 964 1108 1004 Gratia
1127 962 1199 1003 Dei
1219 974 1316 1002 sum

283 1046 341 1096 id,
359 1044 473 1099 quod
486 1055 599 1085 sum.
616 1056 634 1081 1)
655 1041 752 1083 Ideo
765 1052 852 1080 non
872 1040 935 1078 est
953 1036 1125 1085 mirum,
1143 1033 1177 1073 si
1193 1033 1317 1074 Anna

284 1119 374 1158 erat
398 1115 679 1169 prophetissa,
713 1112 812 1166 quia
839 1110 992 1151 dicitur
1018 1108 1069 1148 de
1088 1105 1314 1159 sapientia,

283 1187 396 1242 quod
424 1186 437 1208 ³
463 1201 482 1225 α
508 1187 552 1226 in
577 1185 740 1226 animas
771 1185 935 1223 sanctas
962 1192 1006 1220 se
1036 1178 1254 1228 transfert,
1277 1178 1316 1217 et

285 1258 443 1300 amicos
462 1257 534 1298 Dei
550 1259 590 1297 et
609 1256 838 1310 prophetas
860 1250 1088 1294 constituit.
1111 1265 1129 1288 ))
1140 1249 1316 1289 Ratione

284 1342 386 1372 vero
405 1328 584 1381 originis
603 1326 809 1368 naturalis
835 1324 1027 1365 additur:
1057 1321 1176 1362 Filia
1200 1319 1316 1361 Pha-

284 1401 384 1444 nuel
401 1401 452 1443 cle
480 1400 593 1443 tribu
613 1400 729 1440 Aser.
754 1397 805 1438 Et
823 1397 881 1436 sic
901 1397 989 1436 erat
1009 1394 1059 1434 de
1080 1404 1236 1444 genere
1257 1391 1317 1431 Is-

283 1473 393 1524 rael,
427 1471 478 1513 de
506 1472 630 1524 qu'us
659 1481 816 1522 genere
849 1469 970 1508 erant
1000 1476 1145 1516 regeS,
1180 1475 1316 1503 sacer-

285 1546 401 1587 dotes
422 1546 463 1586 et
482 1543 714 1597 prophetae,
737 1544 777 1582 et
796 1539 985 1581 Christus
1012 1536 1230 1577 Dominus.
1256 1535 1318 1574 Di-

285 1616 393 1657 citur
418 1615 469 1656 de
494 1613 693 1655 Israelitis
717 1613 731 1633 ¹·
755 1625 764 1652 ι
793 1626 811 1649 (‹
837 1610 1028 1660 Quorum
1059 1606 1227 1659 adoptio
1256 1607 1317 1645 est

283 1688 492 1737 filiorum,
517 1688 559 1727 et
579 1685 716 1738 gloria
739 1683 1064 1729 testamentum,
1088 1680 1129 1718 et
1146 1676 1316 1728 legisla-

283 1760 356 1811 tio,
379 1761 420 1800 et
439 1758 707 1811 obsequium,
729 1759 769 1796 et
789 1753 1013 1807 promissa,
1034 1761 1221 1804 quorum
1243 1759 1315 1800 pa-

283 1834 388 1883 tres,
411 1843 463 1872 ex
488 1830 644 1884 quibus
666 1830 727 1869 est
753 1826 942 1868 Christus
970 1822 1203 1864 secundum
1224 1831 1317 1860 car-

283 1915 398 1955 nem,
420 1917 439 1941 »
459 1904 538 1943 etc.
561 1901 611 1942 Et
627 1898 860 1953 specialiter
879 1898 968 1937 erat
988 1894 1038 1935 de
1058 1893 1175 1934 tribu
1195 1891 1315 1941 Aser,

289 1974 360 2016 cui
379 1974 476 2015 data
494 1975 557 2014 est
574 1969 807 2013 benedictio
827 1969 872 2007 in
893 1966 992 2006 filiis
1013 1966 1048 2006 ⁵:
1076 1978 1095 2004 (1
1113 1962 1315 2004 Benedic-

283 2048 353 2087 tus
378 2045 424 2086 in
445 2043 542 2084 filiis
571 2043 701 2092 Aser;
724 2041 776 2081 sit
794 2039 962 2092 placens
990 2036 1190 2076 fratribus
1213 2034 1315 2075 suis.

285 2117 403 2160 Sicut
429 2116 518 2158 dies
551 2112 788 2168 juventutis
824 2113 928 2159 tuae,
965 2108 1025 2148 ita
1055 2109 1095 2147 et
1128 2108 1319 2147 senectus

283 2192 372 2230 tua,
405 2202 424 2227 ›>
448 2187 499 2229 Et
528 2187 609 2227 hoc
638 2181 937 2237 specialissime
969 2178 1121 2219 dicitur
1153 2178 1204 2218 de
1233 2177 1320 2217 filia

284 2258 496 2309 Phanuel,
522 2257 596 2311 qui
628 2254 929 2306 interpretatur
957 2251 1092 2302 facies
1126 2249 1316 2291 Domini.

285 2330 333 2372 In
352 2342 438 2384 quo
457 2327 706 2377 ostenditur,
729 2323 843 2378 quod
864 2325 954 2363 erat
974 2322 1024 2362 de
1047 2332 1204 2372 genere
1226 2319 1319 2360 illo-

284 2415 383 2445 rum
397 2401 450 2442 ad
462 2411 569 2454 quos
586 2396 764 2439 dicitur⁶
785 2409 794 2436 :
812 2410 831 2433 r<
852 2393 1035 2443 Quaerite
1055 2392 1205 2432 faciem
1225 2393 1261 2444 ej
1271 2402 1320 2432 us

285 2485 466 2527 semper.
487 2486 506 2510 1)
533 2469 647 2512 Ν11111
666 2480 770 2520 ergo
791 2466 934 2507 deerat
958 2464 1121 2505 ratione
1141 2462 1320 2515 originis

286 2558 339 2587 ex
360 2546 479 2598 parte
498 2541 715 2594 dignitatis
735 2540 978 2592 parentum,
1001 2547 1140 2588 neque
1158 2534 1320 2574 ratione

287 2613 546 2669 antiquitatis
565 2612 746 2661 dierum,
766 2620 863 2663 quae
882 2607 980 2648 facit
999 2607 1051 2647 ad
1069 2606 1320 2658 dignitatem

287 2689 329 2729 et
365 2684 655 2728 auctoritatem
695 2684 905 2735 quantum
945 2679 997 2720 ad
1034 2677 1240 2731 populum
1270 2678 1283 2700 ⁷
1307 2691 1316 2718 :

288 2775 308 2800 α
327 2759 488 2801 Corona
501 2755 721 2809 dignitatis
741 2756 946 2804 senectus,
965 2763 1061 2805 quae
1079 2751 1124 2791 in
1142 2750 1221 2793 viis
1233 2751 1322 2802 jus-

285 2831 390 2872 titiae
411 2829 658 2882 reperietur.
680 2842 699 2865 »
720 2826 771 2868 Et
792 2826 886 2866 ideo
910 2823 1130 2864 subditur:
1152 2822 1208 2864 Ec
1232 2821 1319 2863 hcec

283 2902 543 2956 processerat
570 2900 619 2941 in
644 2897 790 2940 diebus
819 2896 981 2937 multis.
1013 2897 1027 2918 ⁸
1053 2908 1072 2932 a
1100 2893 1145 2933 In
1174 2892 1319 2933 nidulo

285 2985 383 3015 meo
414 2970 597 3021 moriar,
629 2971 669 3010 et
704 2968 811 3009 sicut
849 2966 991 3020 palma
1030 2963 1319 3016 multiplicabo

286 3046 388 3088 dies.
410 3059 430 3084 ))

338 3119 377 3160 E
383 3120 398 3160 c
416 3116 585 3158 vioeerai
605 3123 700 3154 cum
719 3111 812 3154 viro
830 3120 921 3159 suo,
940 3110 1017 3149 etc.
1035 3106 1111 3147 Hic
1133 3105 1318 3147 secundo

285 3188 534 3234 describitur
559 3183 821 3228 testificantis
854 3180 1073 3230 sanctitaS,
1106 3180 1318 3231 quantum

325 3275 466 3312 1Ρνου.,
492 3279 549 3310 x1,
578 3271 628 3302 16.
650 3284 691 3293 ·-
715 3268 726 3286 ²
753 3268 762 3297 1
789 3268 878 3303 Cor„
900 3264 1086 3302 xv‚10.—-
1107 3261 1120 3282 3
1141 3262 1208 3301 Sap
1225 3285 1234 3300 ‚
1255 3268 1316 3300 vif,

284 3323 335 3355 27.
356 3339 397 3345 -
416 3320 430 3342 ¹·
450 3321 554 3358 Rom„
579 3326 631 3358 ix,
659 3318 689 3348 4.
716 3333 757 3339 —
782 3316 794 3337 ⁵
826 3315 935 3350 Deua,
961 3318 1094 3349 xxxin,
1119 3310 1177 3348 24,
1205 3310 1256 3340 25.
1280 3326 1315 3330 —

283 3371 297 3392 ⁶
315 3369 408 3402 Psal.
429 3376 497 3408 ew,
517 3368 548 3399 4.
565 3383 605 3390 --
624 3366 634 3384 ⁷
657 3364 769 3402 Prov„
789 3369 861 3401 xvi,
883 3362 934 3392 31.
964 3376 998 3381 -
1020 3357 1033 3378 ³
1051 3355 1122 3397 Joh,
1145 3363 1241 3396 xxix,
1264 3357 1313 3388 18.

283 3435 323 3442 -
345 3419 356 3436 ⁹
378 3414 504 3454 Juslith,
533 3421 590 3454 xv,
616 3414 665 3445 12.
688 3428 729 3436 —
754 3411 778 3432 ¹⁰
806 3410 817 3441 I
849 3408 944 3447 Tim„
965 3413 996 3445 V,
1018 3407 1049 3444 3,
1070 3406 1098 3436 9.
1120 3421 1161 3427 —
1182 3404 1202 3424 ¹1
1225 3402 1312 3434 Psal.

1020 90 1301 132 nvANeELn
1333 60 1518 135 sANcri
1549 94 1699 136 LUCAE

1397 183 1448 223 ad
1470 184 1768 237 perfectionem
1789 182 1890 223 vitae
1911 183 2077 235 activas,
2099 187 2140 226 et
2165 186 2427 240 contempla-

1396 254 1511 295 tivae.
1535 255 1748 304 Quantum
1769 254 1821 295 ad
1839 254 1969 294 vitam
1994 257 2191 310 activam,
2213 271 2310 312 quae
2333 270 2428 299 con-

1397 325 1504 364 sistit
1526 326 1569 365 in
1598 326 1810 377 reg-imme
1833 325 1985 366 domus
2010 330 2214 380 propriae,
2245 331 2425 372 dicitur:

1397 395 1450 436 Et
1470 396 1641 438 viscerae
1658 408 1752 438 cum
1772 397 1864 438 viro
1878 405 1953 437 suo
1973 399 2101 439 (minis
2126 403 2282 451 sepiem
2302 412 2328 442 α
2346 403 2431 443 vir-

1395 465 1574 516 qinicate
1597 478 1691 508 suci.
1715 467 1763 507 iit
1784 467 1842 506 sic
1861 466 1939 506 fuit
1958 466 2099 518 virgo,
2120 471 2348 521 antequam
2367 482 2431 510 co-

1396 542 1672 588 gnosceretur
1697 552 1722 579 a
1749 538 1915 578 marito.
1946 553 1965 575 «
1991 538 2037 578 Et
2064 539 2157 579 haec
2187 542 2276 580 erat
2302 541 2432 582 vidua

1395 620 1531 660 usque
1556 598 1607 650 ad
1633 622 1766 650 annos
1799 609 2012 661 octoginta
2036 613 2231 662 quatuor,
2257 626 2275 649 ))
2303 613 2343 653 et
2374 611 2433 653 ita

1394 678 1544 719 habuit
1563 681 1866 721 continentiam
1886 680 2171 732 virginalem,
2196 681 2430 732 vidualem,

1395 752 1435 790 et
1469 752 1742 803 conjiigalcm
1776 764 1851 805 pro
1882 752 1972 792 loco
2007 755 2047 793 et
2078 757 2283 805 tempore.
2317 752 2434 794 Unde

1393 821 1615 862 laudabilis
1645 823 1724 864 fuit
1745 823 1788 863 in
1811 823 2001 863 custodia
2025 823 2215 876 corporis
2229 838 2238 873 ;
2262 825 2435 877 propter

1393 894 1507 946 quod
1530 893 1568 932 ci
1588 895 1851 946 competebat
1870 894 1975 935 illud
1989 895 2023 934 ⁹:
2046 909 2065 932 (‹
2086 893 2237 935 Fecisti
2257 894 2433 946 utiliter,

1393 965 1434 1003 et
1454 965 1736 1005 confortatum
1757 967 1818 1004 est
1844 976 1915 1004 cor
1933 967 2058 1005 tuum
2073 996 2084 1015 ,
2107 977 2155 1005 eo
2175 965 2287 1017 quod
2307 966 2433 1006 casti-

1391 1037 1521 1076 tatem
1542 1036 1771 1087 amaveris,
1795 1037 1836 1076 et
1864 1037 1959 1088 post
1985 1035 2129 1076 virum
2156 1038 2301 1086 tuum,
2329 1036 2436 1077 alte-

1392 1119 1490 1147 rum
1510 1109 1723 1149 nescieris.
1754 1123 1772 1145 ))
1799 1107 1849 1148 Et
1876 1107 1970 1148 ideo
1999 1107 2129 1148 vidua
2156 1108 2432 1159 honoranda,

1393 1179 1627 1220 secundum
1660 1179 1765 1220 illud
1793 1180 1820 1201 ¹⁰
1842 1193 1850 1220 :
1873 1195 1892 1217 «
1919 1179 2076 1221 Viduas
2113 1179 2300 1231 honora,
2337 1190 2435 1232 quae

1392 1263 1492 1292 vere
1518 1251 1659 1291 viduae
1679 1253 1792 1291 sunt.
1815 1265 1834 1287 »
1860 1250 1909 1290 Et
1936 1251 2093 1291 iterum
2115 1265 2122 1291 :
2150 1266 2169 1289 «
2190 1250 2329 1292 Vidua
2356 1251 2435 1292 eli-

1392 1323 1522 1373 gatur
1547 1334 1632 1361 non
1659 1322 1802 1362 minus
1823 1322 2047 1374 sexaginta
2072 1334 2306 1373 annorum,
2337 1334 2434 1375 quae

1392 1392 1519 1432 fuerit
1552 1392 1680 1433 unius
1717 1393 1799 1433 viri
1831 1405 1956 1444 uxor,
1998 1393 2041 1433 in
2080 1393 2280 1445 operibus
2315 1392 2436 1433 bonis

1392 1463 1683 1503 testimonium
1712 1463 1886 1503 habens.
1916 1478 1935 1501 ))
1959 1463 2070 1503 Talis
2100 1463 2180 1503 fuit
2208 1464 2355 1514 Anna3
2390 1463 2436 1502 in

1393 1545 1478 1585 quo
1505 1534 1556 1586 (ct)
1585 1536 1759 1586 apparet
1787 1534 1900 1586 quod
1932 1534 2114 1574 habebat
2137 1533 2437 1585 perfectionem

1393 1603 1491 1644 vitae
1515 1604 1681 1646 activae.
1699 1604 1915 1653 Quantum
1944 1605 1994 1645 ad
2015 1604 2314 1657 perfectionem
2335 1604 2436 1645 vitae

1393 1675 1755 1728 contemplativae,
1773 1676 1946 1716 dicitur:
1970 1676 2069 1724 Ome
2087 1686 2173 1718 non
2191 1675 2437 1719 discedebat

1392 1747 1443 1789 de
1472 1747 1638 1800 templo.
1668 1746 1771 1788 Tota
1802 1747 1976 1788 vivebat
2006 1748 2052 1787 in
2082 1747 2438 1800 contemplatione

1393 1818 1556 1860 devote.
1580 1818 1752 1859 Glossa:
1785 1833 1804 1857 «
1832 1818 2091 1872 Exemplum
2117 1819 2242 1859 datur
2270 1817 2434 1871 viduis,

1393 1901 1489 1941 quae
1506 1892 1606 1930 sunt
1625 1890 1670 1929 in
1687 1889 1884 1940 Ecclesia,
1901 1890 2104 1931 utdicant
2123 1902 2221 1931 cum
2236 1889 2439 1931 Psalmis-

1391 1961 1436 2000 ta
1454 1960 1500 2013 (b)
1525 1962 1551 1982 ¹¹
1568 1972 1581 2001 .·
1601 1976 1619 1999 «
1639 1961 1739 2001 Haec
1755 1961 1925 2014 requies
1945 1973 2040 2001 mea
2062 1962 2105 2001 in
2125 1961 2333 2002 saeculum
2353 1972 2437 2001 sae-

1394 2031 1493 2072 culi.
1527 2046 1546 2070 ))
1580 2032 1734 2073 Contra
1762 2032 1855 2072 illas
1883 2032 2035 2073 viduas
2068 2032 2118 2073 de
2151 2032 2308 2085 quibus
2339 2031 2437 2073 dicit

1394 2103 1620 2156 Apostolus
1642 2104 1685 2154 ¹2,
1714 2103 1830 2156 quod
1857 2103 2041 2143 «otiosae
2064 2103 2231 2144 discunt
2257 2101 2436 2143 clrcuire

1395 2174 1567 2225 domos3
1590 2177 1631 2215 et
1650 2187 1735 2215 non
1758 2174 1898 2215 solum
1919 2174 2079 2225 otiosae,
2099 2174 2171 2214 sed
2190 2176 2230 2215 et
2243 2174 2435 2215 verbosae

1394 2249 1434 2286 et
1465 2246 1667 2296 curiosae,
1701 2245 1922 2298 loquentes
1955 2257 2051 2298 quae
2084 2258 2170 2286 non
2202 2247 2379 2298 oportet.
2408 2258 2428 2283 »

1394 2316 1578 2358 Vacabat.
1610 2317 1740 2357 etiam
1773 2316 1977 2366 officiose;
2013 2316 2126 2357 unde
2161 2319 2201 2356 et
2235 2316 2430 2357 additur:

1394 2387 1580 2439 Jejuniis
1620 2392 1660 2431 ec
1694 2387 2050 2430 obsecrationibus
2081 2388 2271 2430 serviens
2278 2399 2296 2440 ,·
2327 2387 2434 2428 sicut

1394 2459 1466 2500 illa
1486 2460 1598 2500 bona
1623 2459 1752 2500 vidua
1776 2459 1935 2511 Judith,
1960 2471 2055 2511 quae
2076 2460 2105 2483 ¹³
2129 2473 2149 2497 α
2171 2459 2216 2499 in
2239 2458 2430 2511 superio-

1393 2532 1513 2572 ribus
1542 2530 1694 2572 domus
1725 2542 1815 2571 suae
1838 2530 1992 2571 fecerat
2019 2530 2265 2571 cubiculum
2293 2541 2429 2570 secre-

1393 2605 1508 2654 tum,
1531 2603 1576 2642 in
1601 2614 1687 2655 quo
1709 2614 1807 2642 cum
1834 2602 1987 2654 puellis
2010 2601 2097 2642 suis
2123 2601 2264 2642 clausa
2289 2612 2428 2641 mora-

1394 2675 1544 2724 batur,
1572 2673 1733 2714 habens
1761 2685 1889 2725 super
1908 2672 2078 2713 lumbos
2103 2683 2201 2712 suos
2221 2671 2428 2722 cilicium,

1389 2746 1611 2798 jejunabat
1626 2745 1828 2786 omnibus
1842 2744 1992 2784 diebus
2008 2743 2110 2784 vitae
2127 2754 2232 2783 suae.
2248 2756 2267 2780 ))
2281 2741 2333 2784 Et
2347 2742 2429 2783 hoc

1394 2817 1566 2870 optime,
1587 2817 1703 2869 quia,
1721 2815 1828 2856 sicut
1845 2815 1996 2856 dicitur
2013 2813 2054 2865 11,
2080 2829 2099 2854 «
2117 2813 2247 2855 vidua
2265 2824 2363 2866 quae
2383 2813 2429 2854 in

1393 2888 1554 2928 deliciis
1585 2890 1668 2939 est,
1705 2886 1855 2929 vivens
1889 2887 2059 2926 mortua
2087 2887 2162 2925 est.
2191 2899 2211 2923 n
2241 2883 2293 2925 Et
2319 2885 2428 2925 bene

1388 2958 1539 3012 Jungit
1558 2957 1775 3011 Jejunium
1795 2959 1836 2997 et
1862 2956 2122 3006 orationem,
2147 2955 2247 3008 quia
2264 2955 2426 3009 jernio

1393 3032 1599 3070 sanantur
1619 3031 1756 3082 pestes
1785 3027 1972 3080 corporis
1987 3058 1997 3077 ,
2021 3027 2062 3067 et
2082 3027 2270 3068 oratione
2291 3028 2427 3080 pestes

1392 3101 1549 3143 animae
1570 3102 1623 3141 ¹5:
1652 3099 1805 3140 «Bona
1824 3100 1887 3139 est
1907 3098 2042 3139 oratio
2069 3110 2168 3139 cum
2192 3097 2358 3152 JcJunio
2386 3098 2427 3138 et

1392 3173 1684 3225 eleemosyna,
1705 3185 1724 3209 ))
1750 3172 1829 3212 etc.
1852 3168 2035 3211 Vacabat
2055 3169 2183 3211 etiam
2203 3169 2423 3219 continue3

1391 3293 1510 3325 CXXXI,
1531 3286 1580 3316 14.
1601 3301 1642 3307 —·
1660 3284 1684 3306 ¹²
1706 3284 1714 3314 l
1740 3283 1837 3322 T1'm.,
1860 3291 1894 3323 v,
1917 3284 1966 3315 13.
1984 3299 2024 3305 -
2044 3283 2070 3306 ¹³
2088 3282 2220 3324 Iudith,
2241 3289 2318 3323 VIII,
2334 3283 2364 3314 5.
2385 3295 2425 3305 -—

1393 3333 1447 3364 ¹¹÷l
1470 3333 1568 3372 Tim„
1589 3339 1620 3371 v,
1642 3333 1672 3362 5.
1688 3347 1730 3355 -
1751 3331 1775 3352 ¹5
1793 3329 1880 3370 Tob.,
1902 3337 1966 3371 xu,
1988 3332 2020 3362 8.

1435 3399 1480 3440 (a)
1502 3398 1582 3431 Coet.
1602 3397 1681 3430 edil.
1703 3407 1780 3438 qua.
1803 3415 1842 3420 -—
1865 3397 1907 3438 (b)
1934 3399 2015 3429 Item
2036 3397 2183 3429 Psalmo.
