2634 3853
1055 151 1327 195 EXPOSITIO
1358 153 1410 194 IN
1441 154 1555 195 CAP.
1586 153 1673 194 XII.

298 243 422 294 ritiae,
444 243 583 284 subdit
601 245 656 294 (v.
679 245 767 295 15):
790 243 995 295 Dixitque
1015 242 1074 284 ad
1093 241 1221 284 illos:
1248 241 1321 284 Vi-

297 313 411 363 dete,
443 316 481 356 et
512 317 650 356 cavete
679 315 729 356 ab
761 315 878 356 omni
905 313 1111 355 avaritia.
1150 311 1318 362 Videte,

296 381 449 421 scilicet
467 384 514 421 ut
533 383 712 435 providi,
732 385 773 422 et
794 384 952 431 cavete,
974 384 1021 421 ut
1040 380 1150 420 cauti
1171 381 1182 402 ¹
1196 391 1205 419 :
1219 394 1239 418 ((
1256 378 1321 421 Vi-

296 451 402 502 dete,
422 453 584 503 fratres,
599 465 684 505 quo
703 453 828 493 modo
842 455 964 492 caute
978 451 1216 501 ambuletis,
1236 462 1320 490 non

295 522 414 574 quasi
448 522 709 575 insipientes,
745 523 815 563 sed
847 525 894 562 ut
931 522 1161 574 sapientes,
1196 536 1215 559 »
1238 523 1315 561 etc.

294 591 564 634 Providentia
593 606 776 647 namque
804 593 900 634 facit
930 605 1078 633 cavere
1103 592 1317 645 pericula,

293 664 338 705 in
367 677 463 718 quae
493 666 638 706 incidit
657 666 750 718 quis
779 677 854 717 per
885 665 1105 706 avaritiam
1128 666 1168 704 2:
1193 679 1211 702 «
1241 662 1321 712 Qui

292 735 442 776 volunt
461 736 610 777 divites
633 736 725 776 fieri
739 768 748 786 ,
771 735 961 776 incidunt
980 734 1024 774 in
1045 734 1319 774 tentationem

292 809 333 847 et
364 807 410 846 in
435 807 636 859 laqueum
666 807 844 856 diaboli,
879 809 919 846 ct
953 806 1159 846 desideria
1187 805 1320 845 multa

292 877 457 918 inutilia
476 880 516 918 et
534 878 698 928 nociva,
725 890 820 929 quae
842 878 1047 928 mergunt
1063 876 1257 916 homines
1274 875 1319 914 in

292 948 509 988 interitum
531 951 572 988 et
593 948 883 1000 perditionem.
903 947 1039 989 Radix
1059 948 1172 987 enim
1192 947 1320 987 malo-

292 1030 390 1059 rum
409 1020 471 1058 est
495 1019 721 1071 cupiditas,
744 1034 762 1055 v)
789 1022 865 1059 etc.
892 1018 1008 1058 Unde
1027 1019 1118 1070 ipsa
1138 1020 1320 1058 excaecat

292 1088 536 1129 hominem:
567 1089 679 1141 quod
705 1089 995 1141 significatum
1020 1090 1100 1129 fuit
1118 1089 1161 1128 in
1182 1101 1317 1129 excesu

293 1159 455 1199 catione
475 1158 619 1200 Tobiae
646 1171 720 1212 per
741 1162 924 1199 stercora
950 1159 1243 1199 hirundinum.
1267 1158 1319 1198 Et

293 1229 386 1270 ideo
406 1230 523 1285 dicitg
551 1229 699 1271 Videte
710 1261 723 1280 ,
746 1230 899 1269 scilicet
920 1232 1098 1278 aeterna;
1123 1233 1160 1271 ei
1179 1233 1319 1271 cavete

292 1300 344 1341 ab
364 1301 568 1350 avaritia,
590 1310 686 1352 quae
705 1300 858 1352 quaerit
877 1299 1123 1351 temporalia
1138 1301 1172 1339 ³:
1192 1315 1210 1337 (ι
1229 1299 1319 1340 Non

293 1370 676 1422 contemplantibus
703 1370 825 1410 vobis
860 1381 958 1421 quae
995 1370 1217 1417 videntur,
1248 1370 1319 1410 sed

293 1452 389 1493 quae
402 1452 488 1480 non
503 1439 715 1481 videntur.
729 1438 831 1487 Quae
852 1439 964 1478 enim
987 1439 1198 1487 videntur,
1220 1442 1319 1479 teni-

293 1510 453 1563 poralia
466 1512 566 1550 sunt
580 1522 590 1559 ;
606 1521 703 1562 quae
716 1510 859 1549 autem
873 1520 958 1548 non
977 1508 1187 1558 videntur,
1204 1511 1320 1549 aeter-

293 1593 350 1621 na
374 1583 485 1620 sunt.
508 1595 526 1618 ))
557 1580 607 1620 Et
634 1580 835 1632 quoniam
867 1580 1077 1632 appetitus
1097 1581 1321 1633 cujuslibet

293 1650 395 1691 boni
414 1650 665 1698 transitorii,
690 1650 842 1689 scilicet
867 1650 1080 1701 pecuniae,
1101 1653 1141 1689 et
1170 1654 1315 1702 poten-
1349 1692 1351 1699 Α

293 1721 384 1771 tiae,
417 1723 458 1761 et
487 1720 685 1770 honoris,
722 1720 900 1760 avaritia
932 1722 1064 1771 potest
1084 1720 1193 1769 dici;
1227 1721 1319 1761 ideo

293 1791 392 1832 dicit
413 1805 422 1831 :
449 1791 593 1832 Cavete
612 1791 662 1832 ab
686 1792 802 1832 omni
827 1792 1031 1832 avaritia.
1054 1790 1067 1812 ⁴
1091 1806 1109 1827 «
1130 1790 1230 1839 Quis
1250 1790 1321 1831 ha-

292 1862 442 1902 bitabit
475 1874 528 1902 ex
561 1862 681 1903 vobis
717 1874 814 1901 cum
850 1861 1069 1901 ardoribus
1100 1862 1319 1913 sempiter-

292 1934 385 1973 nis?
403 1948 422 1970 ›)
448 1933 500 1973 Et
526 1933 742 1985 sequitur:
771 1949 789 1971 α
811 1932 888 1981 Qui
914 1932 1078 1984 projicit
1097 1932 1318 1972 avaritiam

291 2015 346 2043 ex
363 2003 588 2054 calumnia,
608 2006 648 2044 et
665 2004 822 2044 excutit
841 2015 993 2043 manus
1013 2016 1111 2044 suas
1130 2004 1183 2044 ab
1205 2004 1319 2043 omni

293 2086 486 2115 munere.
513 2088 532 2112 n

342 2143 501 2194 Tertio,
523 2146 730 2197 quantum
750 2144 802 2184 ad
829 2144 1161 2195 assignationem
1190 2144 1315 2185 ratio-

289 2215 354 2255 nis
383 2217 424 2255 et
454 2227 618 2265 causae,
651 2214 818 2254 subdit:
855 2215 964 2261 Quia
992 2225 1077 2256 non
1105 2216 1154 2255 in
1183 2214 1320 2255 aban-

289 2286 446 2327 dantia
471 2285 724 2337 cuiusquam
751 2286 844 2326 vica
865 2284 955 2335 effus
979 2288 1040 2326 est
1070 2295 1123 2325 ea:
1142 2285 1210 2325 his
1228 2295 1319 2336 quse

286 2355 490 2407 possidet,
506 2356 548 2396 id
562 2358 641 2406 est,
662 2355 805 2395 nullus
828 2358 996 2407 propter
1016 2355 1318 2394 abundantiam

289 2419 534 2467 divitiarum
559 2425 704 2466 vivere
733 2427 869 2477 potest
891 2425 1051 2464 diutius
1072 2425 1107 2465 ⁵:
1136 2440 1154 2463 ε(
1177 2424 1318 2464 Relin-

290 2499 421 2549 quent
439 2496 589 2537 alienis
608 2496 773 2537 divitias
793 2508 890 2536 suas
905 2527 916 2546 ,
938 2498 979 2536 et
1001 2495 1225 2548 sepulchra
1245 2508 1320 2536 eo-

289 2579 387 2607 rum
408 2568 560 2608 domus
578 2567 748 2607 illorum
766 2567 812 2606 in
833 2570 1058 2607 aeternum.
1076 2582 1095 2604 »
1119 2566 1168 2607 Et
1188 2567 1260 2608 Job
1279 2567 1314 2605 ⁶:

297 2652 316 2675 «
329 2637 464 2689 Dives,
477 2650 574 2678 cum
588 2637 818 2688 dormierit,
830 2637 938 2677 nibil
952 2649 1093 2677 secum
1107 2638 1281 2677 auferet.
1296 2651 1315 2674 ›)

291 2708 340 2749 Et
354 2708 574 2749 Psalmista
587 2708 600 2731 ⁷
616 2720 627 2748 ι
643 2723 663 2746 ((
676 2708 944 2749 Dormierunt
960 2719 1160 2748 somnum
1174 2720 1317 2758 suum,

291 2782 331 2820 et
349 2780 455 2820 nihil
469 2780 729 2821 invenerunt
743 2791 891 2820 omnes
908 2779 992 2819 viri
1009 2779 1255 2820 divitiarum
1274 2779 1318 2818 in

291 2850 487 2890 manibus
506 2850 608 2890 suis.
630 2864 649 2888 ³)
664 2848 780 2890 Unde
803 2849 1062 2890 abundantia
1081 2849 1213 2889 vitam
1233 2861 1320 2889 non

291 2921 531 2973 prolongat,
548 2921 620 2962 sed
639 2921 880 2973 frequenter
894 2920 1112 2960 abbreviat
1126 2923 1161 2960 ⁸:
1178 2935 1197 2958 ε(
1217 2919 1320 2959 Mul-

292 2994 357 3032 tos
375 2993 554 3045 perdidit
573 3005 727 3034 aurum
748 2995 788 3033 et
808 2995 1052 3044 argentum.
1070 3007 1089 3029 ›)
1110 2992 1160 3032 Et
1179 2991 1222 3031 in
1242 2992 1321 3032 Ac-

296 3063 406 3104 abus
426 3067 463 3104 ⁹5
493 3079 512 3102 «
536 3064 721 3104 Pecunia
740 3066 813 3103 tua
832 3067 970 3103 tecum
992 3063 1045 3103 sit
1062 3063 1105 3102 in
1126 3062 1319 3114 perditio-

293 3144 407 3173 nem.
433 3147 452 3170 »
477 3133 528 3174 Et
560 3137 782 3186 propterea
805 3133 897 3185 ipsa
926 3132 1137 3185 perdenda
1156 3134 1243 3181 est,
1266 3144 1319 3171 ne

295 3203 441 3255 perdat
467 3215 765 3255 possessorem.
785 3203 836 3243 Et
869 3203 912 3243 in
940 3202 1239 3243 Ecclesiastico
1259 3201 1314 3239 ¹⁰:

339 3287 345 3304 ¹
366 3285 499 3325 Ερὴεε..
520 3294 553 3325 v,
573 3288 624 3318 25.
645 3303 684 3310 —
705 3287 718 3307 2
740 3287 749 3317 1
774 3286 869 3326 Tim„
894 3293 939 3325 VI,
957 3286 987 3322 9,
1014 3286 1062 3315 10.
1085 3300 1123 3307 —
1145 3285 1156 3301 ³
1178 3284 1203 3314 Η
1228 3283 1317 3323 Corn,

294 3340 340 3373 1v,
366 3334 416 3363 18.
434 3349 475 3355 —-
492 3332 503 3351 ⁴
523 3333 600 3372 Isa„
622 3341 746 3372 xxxin,
773 3336 822 3371 14,
846 3335 894 3364 15.
913 3348 952 3355 -
972 3332 982 3350 ⁵
1002 3330 1091 3362 Psal.
1113 3338 1242 3368 XLVHl,
1269 3332 1317 3360 12.

293 3395 334 3401 -
355 3379 368 3400 ⁶
386 3377 458 3420 Job,
477 3387 588 3419 xxvu,
617 3381 667 3411 19.
694 3397 733 3403 --
762 3379 773 3400 7
797 3378 888 3411 Psal.
916 3386 1020 3418 LxxV,
1047 3380 1077 3409 6.
1104 3394 1142 3401 —
1165 3377 1179 3398 ⁸
1197 3376 1318 3415 Ecclz'.‚

292 3433 376 3465 vm,
397 3427 427 3456 3.
450 3443 484 3448 —-
513 3426 525 3444 ⁹
545 3427 731 3466 Act.,VI11,
756 3429 807 3459 20.
826 3443 867 3451 —
889 3427 914 3448 ¹⁰
933 3425 1054 3465 Eccli.,
1075 3431 1178 3464 XXIX,
1202 3425 1252 3455 13.
1276 3438 1317 3446 —

2347 162 2422 200 557

1402 257 1420 280 (ι
1449 242 1581 283 Perde
1608 242 1830 294 pecuniam
1857 245 2025 294 propter
2052 244 2224 285 fratrem
2253 250 2294 286 et
2313 249 2422 286 amiu

1397 325 1514 363 cum,
1545 316 1586 353 et
1610 325 1694 354 non
1720 313 1949 354 abscondas
1973 313 2087 353 illam
2114 316 2192 355 sub
2221 316 2358 369 lapide
2377 317 2421 357 in

1396 382 1691 435 perditionem.
1715 399 1732 421 »

1453 458 1514 493 16.
1552 455 1679 496 Dixit
1711 459 1847 497 autem>
1877 455 2208 497 similitudinem
2241 456 2299 497 ad
2329 458 2423 499 illos

1395 523 1561 575 dicens,
1584 530 1660 564 etc.
1684 524 1760 564 Hic
1781 526 1963 565 secundo
1983 529 2151 566 revocat
2176 538 2200 565 a
2220 526 2422 566 sollicitu-

1395 594 1491 634 dine
1511 596 1700 636 avaritiae
1720 608 1794 648 per
1814 596 2059 648 exemplum
2084 596 2284 637 terribile.
2310 596 2425 637 Circa

1396 664 1509 716 quod
1529 665 1608 705 tria
1626 666 1970 715 introducuntur,
1995 666 2149 707 scilicet
2163 679 2287 707 vanae
2307 679 2425 707 secu-

1394 734 1528 774 ritatis
1553 737 1734 785 occasio,
1767 748 1888 777 vanae
1921 737 2153 777 securitatis
2178 737 2392 789 conceptio
2408 769 2419 788 ‚

1395 808 1436 845 et
1455 818 1576 846 vanae
1595 807 1829 847 securitatis
1850 807 2092 847 subtractio.

1450 875 1591 917 Primo
1616 877 1765 928 igitur,
1796 881 2005 930 quantum
2033 878 2084 917 ad
2109 890 2234 919 vanae
2265 878 2424 919 securi-

1394 946 1490 986 tatis
1530 948 1789 987 occasionem
1824 947 2062 988 venientem
2106 960 2159 988 ex.
2207 948 2423 988 fructuum

1395 1016 1605 1066 ubertate,
1635 1017 1762 1057 dicit:
1794 1018 1992 1059 Hominis
2014 1018 2240 1070 cujusdam
2270 1018 2424 1061 divitis

1395 1086 1538 1128 uberes
1562 1088 1728 1138 fractas
1755 1098 1853 1140 aqer
1875 1089 2035 1131 attulit.
2062 1088 2162 1129 Haec
2189 1089 2303 1129 enim
2322 1101 2422 1129 con-

1396 1161 1627 1198 sueverunt
1663 1171 1751 1199 esse
1792 1161 1901 1200 bona
1933 1161 2114 1200 divitum
2144 1173 2198 1201 ex
2232 1162 2424 1202 ubertate

1394 1228 1611 1268 fructuum
1624 1230 1919 1282 temporalium
1938 1232 1964 1256 ¹¹
1982 1243 1991 1270 :
2011 1246 2029 1268 «
2047 1230 2340 1283 Promptuaria
2357 1243 2424 1272 eo—

1394 1310 1493 1337 rum
1513 1299 1655 1350 plena,
1680 1301 1913 1340 eructantia
1935 1313 1987 1340 ex
2006 1301 2087 1340 hoc
2107 1301 2150 1340 in
2174 1301 2291 1341 illud.
2315 1301 2422 1342 Oves

1395 1380 1542 1407 eorum
1577 1369 1754 1419 foetosae‚
1785 1385 1803 1406 n
1831 1373 1907 1410 etc.
1932 1370 2049 1410 Unde
2073 1371 2145 1413 Job
2166 1372 2219 1410 ¹2:
2251 1371 2426 1421 «Quare

1394 1436 1513 1489 impii
1533 1439 1706 1488 vivunt,
1736 1440 1942 1480 sublevati
1965 1444 2063 1480 sunt
2079 1474 2088 1491 ,
2121 1442 2426 1494 confortatique

1394 1507 1554 1547 divitiis
1571 1509 1590 1547 ‘?
1631 1512 1709 1549 etc.
1747 1510 1901 1551 Domus
1941 1523 2089 1551 eorum
2129 1524 2289 1552 securae
2328 1515 2428 1552 sunt

1395 1580 1434 1617 et
1454 1581 1626 1629 pacatae,
1651 1591 1735 1619 non
1757 1583 1819 1620 est
1840 1581 1963 1632 virga
1985 1581 2055 1621 Dei
2074 1594 2200 1634 super
2219 1581 2328 1622 illos.
2345 1596 2363 1618 n
2376 1582 2427 1623 Et

1395 1648 1494 1699 quia
1514 1649 1672 1688 divitiae
1695 1650 1752 1689 sic
1771 1650 1931 1690 faciunt
1948 1663 2160 1702 smurum,
2184 1655 2231 1692 ut
2251 1652 2427 1692 reddant

1395 1717 1635 1767 sollicitum,
1658 1719 1750 1758 ideo
1769 1720 1909 1759 subdit
1932 1729 1992 1770 (v.
2018 1724 2064 1759 17
2081 1722 2115 1772 >z
2138 1722 2193 1763 Ec
2212 1722 2426 1774 coqicabac

1394 1789 1513 1830 inira
1531 1800 1571 1829 se
1592 1789 1762 1830 dicens:
1787 1790 1898 1839 Quia
1919 1792 2093 1841 faciam,
2117 1793 2221 1844 quia
2241 1803 2326 1834 non
2350 1793 2426 1834 ha-

1394 1859 1479 1909 beo,
1499 1871 1579 1912 quo
1593 1871 1835 1913 congregem
1853 1863 2020 1912 fractas
2038 1864 2177 1904 meos?
2200 1863 2228 1884 ¹³
2249 1863 2426 1916 «Reperi

1393 1932 1434 1969 et
1466 1930 1594 1969 aliam
1626 1931 1855 1971 vanitatem
1877 1932 1954 1972 sub
1987 1933 2087 1973 soie.
2116 1932 2232 1973 Unus
2267 1936 2352 1984 est,
2385 1937 2426 1974 et

1394 2001 1623 2040 secundum
1648 2002 1903 2052 nonhabet,
1933 2015 2018 2043 non
2043 2003 2201 2051 filium,
2223 2016 2310 2044 non
2339 2005 2422 2044 fra-

1393 2073 1517 2120 trem,
1540 2074 1580 2111 et
1599 2073 1743 2111 tamen
1762 2072 1952 2113 laborare
1973 2085 2057 2113 non
2079 2077 2232 2124 cessat,
2258 2086 2334 2114 nec
2353 2086 2423 2114 sa-

1394 2140 1553 2180 tiantur
1572 2141 1683 2181 oculi
1705 2143 1795 2193 ejus
1819 2143 1989 2182 divitiis.
2012 2157 2030 2180 »
2056 2143 2145 2184 Imo
2175 2147 2285 2184 certe
2310 2144 2423 2185 solli-

1394 2210 1578 2250 citantur
1598 2212 1627 2236 14
1646 2226 1654 2252 :
1687 2226 1706 2249 α
1725 2211 1930 2252 Saturitas
1950 2213 2090 2254 divitis
2110 2226 2185 2254 son
2208 2215 2308 2254 sinit
2327 2227 2426 2256 eum

1393 2280 1591 2321 dormire.
1614 2296 1633 2318 »
1660 2281 1708 2321 Et
1730 2282 1860 2333 hujus
1889 2283 1994 2323 ratio
2019 2286 2101 2333 est,
2130 2284 2231 2335 quia
2258 2285 2427 2336 cogitur

1394 2350 1527 2390 multa
1548 2351 1748 2402 cogitare.
1773 2352 1822 2391 Et
1841 2352 1933 2392 ideo
1955 2353 2149 2393 subditur
2172 2354 2236 2406 (v.
2257 2358 2346 2407 18);
2368 2356 2426 2397 Et

1394 2420 1541 2462 dizit.-
1572 2421 1657 2462 Hoc
1679 2422 1853 2471 faciam.
1877 2423 2102 2464 Destraam
2129 2423 2279 2465 horrea
2304 2436 2421 2475 mea,

1394 2494 1430 2532 et
1445 2491 1608 2543 majora
1627 2492 1810 2542 faciam:
1824 2497 1861 2533 ec
1878 2493 1977 2534 illuc
1993 2495 2247 2546 congregabo
2262 2497 2420 2545 omnia,

1392 2572 1486 2613 qzcce
1503 2566 1607 2603 nata
1630 2566 1730 2604 sant
1760 2562 1889 2609 milii,
1923 2568 1960 2605 et
1981 2564 2087 2605 bona
2111 2575 2215 2606 mea.
2249 2565 2419 2606 Glossa:

1399 2632 1540 2672 «Ecce
1567 2645 1725 2684 magna
1749 2633 1982 2674 sollicitatio
2012 2647 2066 2675 ex
2092 2635 2293 2685 avaritia,
2321 2637 2421 2688 quia

1393 2701 1627 2742 sollicitudo
1663 2703 1902 2744 destruendi
1942 2705 2067 2755 facta,
2109 2708 2149 2744 et
2188 2705 2420 2745 aedificandi

1393 2784 1530 2813 nova:
1556 2773 1650 2814 licet
1672 2774 1786 2813 enim
1805 2778 1944 2815 essent
1962 2775 2115 2815 horrea
2140 2776 2277 2828 plena,
2301 2777 2418 2828 cupi-

1393 2843 1500 2884 ditas
1526 2845 1665 2884 adhuc
1689 2857 1824 2885 vacua
1850 2846 2068 2897 quaerebat
2094 2859 2206 2887 nova
2232 2851 2417 2900 recepta-

1393 2913 1500 2953 cula.
1544 2915 1570 2936 ¹⁵
1607 2930 1626 2952 «
1664 2915 1829 2955 Avarus
1866 2928 1952 2956 non
1996 2917 2242 2970 implebitur
2289 2931 2419 2971 pecu—

1391 2984 1480 3034 nia,
1502 2998 1521 3021 »
1548 2988 1624 3025 etc.
1653 2985 1704 3025 Et
1730 2986 1775 3026 in
1794 2987 2099 3030 Ecclesiastico
2116 2989 2143 3011 ¹⁶
2166 3003 2174 3030 :
2203 3004 2222 3027 «
2242 2989 2420 3030 Insatia-

1391 3055 1487 3095 bilis
1506 3056 1653 3096 oculus
1675 3057 1838 3108 cupidi,
1866 3057 1909 3097 in
1936 3061 2055 3110 parte
2084 3060 2315 3112 ianuitatis
2332 3072 2419 3100 non

1391 3126 1635 3175 satiabitur,
1667 3127 1799 3167 donec
1822 3132 2043 3169 consumat
2072 3130 2297 3169 arefaciens
2327 3131 2418 3170 ani-

1391 3209 1507 3236 mam
1533 3209 1668 3237 suam.
1694 3212 1713 3234 »
1736 3197 1960 3250 Impletum
1987 3203 2076 3239 erat
2101 3199 2323 3250 borreum,
2346 3201 2418 3242 sed

1390 3327 1413 3348 1¹
1431 3326 1522 3359 Psal.
1542 3335 1660 3368 cxmu,
1680 3329 1730 3367 13,
1750 3329 1799 3360 14.
1814 3344 1853 3352 —-
1868 3330 1895 3351 1¹
1913 3329 1983 3368 Job,
2005 3337 2079 3370 XXI,
2101 3331 2132 3370 7,
2154 3332 2235 3362 9.-
2259 3331 2283 3353 ¹⁸
2296 3332 2420 3373 Eccle„

1390 3382 1445 3415 iv,
1477 3376 1506 3405 8.
1539 3392 1579 3399 -
1613 3375 1640 3397 ¹¹·
1667 3375 1788 3416 Eccle„
1821 3384 1860 3417 v,
1893 3379 1944 3409 11.
1973 3394 2013 3400 —
2044 3378 2071 3401 ¹5
2096 3377 2222 3419 Eccle.,
2252 3387 2290 3421 v,
2319 3381 2348 3411 9.
2381 3397 2421 3404 --

1392 3421 1421 3443 ¹⁶
1438 3420 1553 3458 Eceli„
1573 3429 1645 3463 XIV,
1667 3423 1697 3454 9.
