2587 3845
48 1327 125 1354 Ordo

17 1367 155 1395 dicendo-

17 1415 92 1435 rum.

1088 151 1254 194 CAPUT
1283 152 1389 194 XIII.

179 246 292 296 rum',
315 243 387 296 qui
407 243 451 283 in
470 242 669 295 praesenti
690 241 848 293 corrigi
869 240 1111 291 noluerunt,
1134 252 1201 283 ve-

178 317 286 364 niet,
316 316 392 354 etc.
413 328 423 352 .·
450 313 680 364 Gregorius
699 313 708 334 ¹
728 327 736 352 :
767 328 786 350 α
807 311 919 360 Quos
938 310 982 350 in
1000 311 1199 362 praesenti

177 384 343 436 flagella
371 394 456 423 non
477 383 709 435 corrigunt,
740 382 791 422 ad
817 382 960 421 futura
984 381 1200 421 transmit-

176 456 292 495 tunt:
315 468 333 491 n
355 464 481 506 super
506 454 623 504 illos,
652 453 752 506 quia
774 453 824 493 de
849 451 953 492 coelo
981 452 1031 491 ad
1053 463 1201 492 eorum

176 525 505 578 oppressionem,
522 525 580 565 ita
595 525 707 577 quod
722 524 912 563 resistere
926 534 1011 562 non
1026 523 1198 575 possint,

176 598 379 648 tanquam
404 595 566 645 obruti,
590 595 655 636 vel
679 593 879 646 oppressi.
904 592 951 633 In
972 592 1138 632 Psalmo
1158 594 1171 614 ²
1191 603 1199 631 :

182 683 197 700 «
230 665 349 706 Pluet
374 677 500 718 super
528 668 761 718 peccatores
795 664 968 716 laqueos
996 663 1129 715 ignis,
1161 666 1202 703 et

177 736 369 788 sulphur,
392 750 411 774 n
434 739 510 777 etc.

481 892 701 937 CAPUT
745 893 892 936 XIII.

233 1024 270 1060 1.
299 1019 412 1061 Vani
440 1021 603 1067 autem,
635 1020 712 1058 etc.
744 1016 880 1069 Supra
908 1016 1204 1058 determinavit

179 1091 229 1131 de
256 1090 473 1142 punitione
498 1089 836 1130 adversariorum
870 1100 944 1141 per
973 1101 1118 1141 poenas
1142 1089 1203 1128 le-

179 1160 317 1201 viores
333 1161 544 1201 ordinatas
561 1161 612 1201 ad
631 1160 952 1209 correctionem3
976 1159 1045 1199 hic
1061 1162 1202 1199 autem

179 1232 230 1272 de
254 1232 471 1284 punitione
495 1232 740 1272 eorumdem
766 1242 840 1282 per
867 1242 1011 1282 poenas
1037 1231 1205 1281 gravio-

179 1314 245 1342 res
263 1298 475 1342 ordinatas
494 1303 545 1342 ad
567 1302 978 1345 condemnationem.
996 1301 1046 1341 Et
1065 1302 1203 1353 primo

177 1372 427 1412 determinat
454 1373 504 1412 de
525 1372 674 1412 merito
693 1372 827 1424 culpae
854 1383 1025 1420 eorum,
1048 1371 1204 1411 scilicet

176 1455 308 1495 usque
332 1442 384 1482 ad
409 1442 619 1482 decimum
640 1444 807 1482 sextum
828 1444 976 1493 caput3
1000 1442 1199 1491 secundo,

175 1513 225 1553 de
244 1512 446 1566 supplicio
471 1523 608 1565 poenae
629 1523 799 1562 eorum,
822 1511 976 1551 scilicet
995 1524 1020 1551 a
1040 1511 1201 1552 decimo

175 1586 292 1624 sexto
314 1583 446 1635 capite
461 1586 501 1623 et
517 1583 725 1635 deinceps,
749 1582 945 1622 Meritum
962 1582 1099 1634 culpae
1116 1594 1202 1623 res-

174 1657 297 1707 pectu
316 1653 668 1694 condemnatoriae
685 1665 823 1706 pcenae
844 1664 992 1693 eorum
1008 1653 1086 1692 fuit
1106 1653 1200 1694 ido-

173 1724 349 1775 lolatria,
366 1737 450 1777 qua
465 1725 671 1766 honorem
688 1725 879 1765 divinum
896 1725 946 1765 ad
962 1727 1198 1766 creaturam

173 1794 495 1845 transtulerunt,
531 1795 620 1835 sive
658 1797 862 1835 creaturae
895 1795 1196 1836 exhibuerunt.

174 1864 224 1905 Et
241 1865 334 1905 ideo
358 1865 495 1917 primo
516 1865 708 1917 tangitur
727 1864 948 1917 multiplex
969 1877 1087 1905 error
1110 1866 1220 1907 ido--

172 1934 484 1985 lolatrantium,
520 1935 672 1975 scilicet
701 1935 780 1975 isto
810 1935 965 1987 capite;
990 1936 1196 1987 secundo,

172 2005 388 2045 detestatio
418 2005 651 2055 idolorum,
681 2005 836 2045 scilicet
865 2005 1027 2045 decimo
1049 2008 1199 2058 quarto

173 2075 305 2128 capite
321 2089 330 2126 ;
353 2075 491 2126 tertio,
508 2074 798 2115 condemnatio
818 2074 909 2116 veri
930 2074 1018 2126 Dei,
1041 2075 1198 2117 scilicet

172 2145 332 2186 decimo
349 2145 495 2197 quinto
515 2145 661 2198 capite.
686 2145 816 2186 Error
835 2146 1198 2188 idololatrantium

171 2215 360 2268 tangitur
376 2216 551 2268 duplex:
572 2216 736 2268 primus
751 2217 980 2257 colentium
1004 2217 1074 2258 Dei
1089 2230 1200 2259 crea-

171 2289 309 2336 turas3
340 2286 547 2326 secundus
579 2286 807 2327 colentium
841 2287 1032 2340 proprias
1065 2289 1195 2329 factu-

171 2367 267 2396 ras:
292 2356 487 2407 Infelices
512 2359 649 2398 autem
666 2388 675 2406 ,
707 2359 784 2397 etc.
808 2356 853 2396 In
876 2357 1034 2409 prima,
1061 2359 1199 2410 primo

173 2427 362 2479 tangitur
386 2427 430 2467 in
456 2427 515 2467 eis
541 2439 668 2468 causa
698 2428 803 2467 tanti
825 2428 983 2468 erroris
999 2460 1008 2478 ,
1042 2428 1198 2468 scilicet

172 2497 410 2549 ignorantia
443 2497 512 2537 Dei
524 2512 533 2547 ;
573 2497 779 2547 secundo,
821 2497 1031 2549 praedictae
1060 2510 1199 2538 causae

172 2567 367 2623 effectus,
390 2567 542 2608 scilicet
561 2569 765 2607 creaturae
783 2567 951 2607 cultura
981 2582 988 2607 :
1016 2567 1098 2608 Sed
1123 2571 1199 2610 aut

171 2638 333 2689 iqnem,
362 2639 439 2677 etc.
456 2651 466 2687 ;
502 2637 645 2688 tertio,
673 2637 898 2689 utriusque
931 2637 1196 2677 inexcusabi-

169 2707 263 2747 litas
291 2722 299 2748 :
337 2708 516 2754 Quorum
548 2708 588 2749 sz'
618 2708 772 2761 specie,
807 2710 911 2758 etc.;
949 2710 1120 2760 quarte,
1154 2708 1198 2748 in

168 2778 478 2830 comparatIOne
500 2778 551 2818 ad
577 2778 682 2818 alios
712 2778 1049 2819 idololatrantres
1076 2793 1084 2818 z
1117 2778 1199 2819 Sed

168 2851 330 2899 lamen,
358 2851 434 2888 etc.
457 2849 504 2889 In
527 2848 663 2901 prima
680 2849 872 2899 tangitur
894 2848 1050 2900 duplex
1070 2848 1194 2900 igno-

168 2918 326 2969 rantia,
355 2919 530 2970 scilicet,
565 2918 664 2971 quia
693 2930 770 2959 nec
801 2919 884 2959 fide
912 2919 1198 2970 agnoscebant

169 2987 296 3028 Deum
311 3020 322 3038 ,
344 3000 422 3028 nec
449 2987 610 3028 ratione
625 2988 937 3039 cognoscebant
955 2988 1120 3041 ipsum:
1145 2988 1198 3030 Εῐ

168 3055 219 3098 de
239 3057 296 3098 iis
317 3067 409 3109 quoe
429 3057 646 3107 videntur,
669 3060 747 3098 etc.

224 3125 328 3167 Dicit
361 3140 465 3180 ergo
496 3143 504 3168 :
543 3128 681 3177 Vani,
714 3130 790 3168 etc.
823 3127 882 3168 Ita
911 3128 1070 3168 dictum
1107 3128 1193 3177 est,

173 3197 284 3247 quod
319 3198 448 3251 aliqui
474 3201 772 3251 cognoverunt
806 3199 938 3240 Deum
971 3199 1079 3239 inter
1111 3198 1192 3238 fla-

220 3322 360 3365 ¹Greg.,
386 3327 520 3369 Moml„
544 3328 602 3359 lib.
628 3328 698 3368 XV,
723 3337 751 3360 c.
778 3336 879 3360 xxm.
898 3346 938 3352 —
961 3329 975 3349 2
992 3328 1080 3360 Psal.
1103 3335 1135 3368 X,
1162 3329 1192 3359 7.

174 3386 213 3392 --
232 3369 244 3387 ³
262 3370 382 3412 Eccle.,
403 3381 434 3413 1,
461 3377 488 3407 1.
510 3392 550 3397 —
570 3376 580 3393 ⁴
599 3376 734 3415 Jerem„
754 3383 798 3416 11,
817 3377 847 3406 ὃ.
869 3394 909 3400 -
928 3376 941 3398 5
959 3376 1064 3414 Rom,
1092 3383 1118 3413 1,
1139 3376 1193 3406 21.

172 3432 212 3438 -
235 3415 247 3434 ὃ
271 3417 361 3449 Psal.
386 3427 488 3460 xcm,
512 3424 562 3454 11.
590 3439 629 3445 —
657 3424 666 3441 ⁷
693 3422 781 3454 Psal.
809 3430 865 3465 xl,
891 3425 921 3454 3.
949 3440 985 3446 —
1015 3422 1029 3444 8
1056 3422 1194 3461 Jerem„

2247 164 2297 201 91-

1275 241 1412 293 gella;
1432 242 1503 282 sed
1531 254 1630 282 eum
1660 255 1746 284 non
1777 246 1876 284 sunt
1894 246 2096 286 venerati.
2121 247 2294 300 Autem,

1273 324 1350 364 pro
1369 312 1457 354 sed.
1487 312 1602 354 Vani
1614 318 1715 354 sunt
1734 314 1942 366 homines,
1960 316 2037 354 etc.
2055 317 2069 338 ⁸
2095 329 2114 352 ε(
2130 315 2299 357 vanitas

1274 383 1509 423 vanitatum
1523 415 1533 434 ,
1550 397 1569 421 »
1588 386 1666 424 etc.
1688 399 1707 422 «
1720 384 2060 425 Ambulaverunt
2080 385 2193 425 enim
2207 390 2301 439 post

1276 453 1504 494 vanitatem
1525 457 1751 505 creaturae,
1773 457 1814 495 et
1833 454 1933 496 vani
1952 454 2048 495 facti
2069 457 2187 505 sunt,
2209 470 2228 492 »
2254 460 2301 497 ut

1275 523 1454 564 habetur
1474 524 1519 564 in
1537 524 1558 564 J
1562 525 1720 565 cremia
1739 525 1767 565 ὁ.
1797 525 1911 566 Vam'
1926 557 1935 575 ,
1957 525 2132 577 inquam
2145 556 2155 574 ,
2175 526 2299 567 vani-

1276 596 1359 634 tate
1385 594 1675 645 cogitationis,
1697 595 1809 636 unde
1831 596 1844 617 ⁵
1866 608 1876 635 ε
1906 610 1924 633 «
1956 595 2233 636 Evanuerunt
2255 597 2300 637 in

1276 663 1605 714 cogitationibus
1627 666 1735 715 suis,
1752 680 1770 702 »
1791 668 1868 706 etc.
1892 666 1997 706 Item
2017 666 2061 705 in
2082 665 2248 706 Psalmo
2262 668 2298 708 ⁸:

1283 749 1302 771 «
1321 733 1524 774 Dominus
1545 736 1621 775 scit
1640 736 1915 787 cogitationes
1933 737 2157 777 hominum
2170 768 2182 787 ,
2203 749 2303 789 quo-

1278 804 1394 843 niam
1424 816 1548 844 vanae
1580 808 1733 845 sunt.»
1761 805 1883 855 Item,
1917 807 2102 847 vanItate
2127 807 2303 847 locutio-

1277 875 1368 925 nis,
1390 875 1502 915 unde
1531 874 1575 914 in
1596 874 1762 915 Psalmo
1781 876 1794 897 ⁷
1818 890 1826 915 z
1857 891 1876 914 «
1901 876 2016 918 Vana
2046 877 2174 917 locuti
2205 882 2303 918 sunt

1279 945 1573 998 unusquisque
1608 946 1661 986 ad
1696 946 1942 998 proximum
1981 959 2105 987 suum
2135 962 2144 987 t
2167 963 2186 984 ))
2221 951 2299 988 etc.

1279 1016 1382 1056 Item
1405 1017 1588 1057 vanitate
1605 1017 1878 1069 operationis,
1899 1018 2011 1058 unde
2031 1017 2233 1058 Ieremias
2252 1019 2265 1038 ⁸
2290 1033 2297 1059 :

1281 1103 1300 1126 «
1322 1086 1440 1128 Vana
1456 1090 1555 1128 sunt
1573 1100 1724 1140 opera,
1750 1090 1790 1128 et
1807 1089 1895 1129 risu
1914 1089 2060 1141 digna.
2081 1104 2100 1126 n
2129 1090 2183 1130 In
2203 1090 2302 1142 qui-

1277 1159 1351 1200 bus
1368 1168 1453 1200 ηοη
1471 1159 1608 1200 subest
1628 1159 1811 1201 scientia
1824 1160 1915 1209 Dez’,
1937 1160 1979 1199 id
1995 1162 2076 1211 est,
2100 1160 2302 1211 cogitatio

1277 1229 1327 1269 de
1366 1228 1446 1269 Deo
1476 1240 1550 1281 per
1580 1229 1722 1269 fidem.
1755 1229 2026 1280 Augustinus
2060 1244 2068 1271 :
2110 1245 2129 1268 a
2158 1230 2302 1283 Neque

1277 1298 1483 1351 quidquid
1515 1298 1610 1338 sciri
1644 1301 1778 1351 potest
1809 1299 1863 1339 al)
1894 1300 2069 1340 homine
2101 1300 2145 1340 in
2177 1301 2303 1342 rebus

1276 1368 1502 1419 humanis,
1525 1368 1599 1408 ubi
1628 1368 1861 1420 plurimum
1883 1381 2160 1421 supervacuae
2180 1372 2303 1411 vani-

1278 1439 1391 1488 tatis,
1410 1441 1451 1479 et
1469 1439 1610 1479 noxiae
1632 1439 1884 1479 curiositatis
1899 1441 1983 1489 est,
2000 1439 2100 1480 huic
2119 1440 2304 1481 scientiae

1277 1509 1443 1560 tribuo,
1473 1509 1668 1550 »scilicet
1700 1509 1884 1550 scientiae
1913 1509 2096 1550 divinae:
2125 1525 2144 1548 «
2164 1511 2235 1551 sed
2253 1510 2303 1551 il-

1276 1580 1350 1620 lud
1368 1582 1535 1620 tantum
1547 1611 1558 1630 ,
1577 1592 1662 1632 quo
1678 1579 1781 1620 fides
1795 1579 2076 1621 saluberrima
2090 1581 2301 1633 gignitur,

1276 1650 1479 1699 nutritur,
1501 1650 1757 1701 defenditur,
1782 1650 2008 1691 roboratur
2028 1662 2037 1690 :
2060 1663 2144 1703 qua
2164 1651 2303 1692 scien-

1277 1722 1334 1761 tia
1353 1733 1439 1761 non
1469 1721 1652 1774 pollent,
1675 1735 1694 1758 »
1719 1723 1796 1762 etc.
1831 1721 1892 1763 Et
1919 1721 1970 1762 de
2002 1722 2086 1772 iis,
2116 1732 2209 1774 quoe
2237 1724 2304 1765 υἱ-

1276 1791 1428 1832 dentur
1453 1791 1574 1840 bona,
1588 1791 1741 1832 scilicet
1761 1793 1926 1844 aperte,
1949 1801 2034 1833 non
2052 1795 2300 1844 potuerunt,

1277 1862 1432 1902 scilicet
1474 1863 1720 1915 impotentia
1765 1865 1966 1915 sequente
2003 1863 2266 1904 voluntatem
2287 1896 2299 1915 ,

1276 1945 1361 1973 non
1381 1932 1664 1973 antecedente.
1688 1932 1805 1973 Unde
1833 1933 1976 1973 Glossa
1999 1947 2007 1974 z
2037 1948 2056 1971 ε(
2081 1933 2175 1975 Non
2185 1938 2301 1986 pote-

1276 2006 1379 2045 rzmt
1399 2002 1636 2055 intelliqerc
1651 2033 1663 2052 ,
1685 2005 1781 2054 etc„
1805 2004 1996 2044 obstante
2013 2004 2197 2045 caecitate
2215 2017 2305 2058 pec-

1277 2074 1383 2121 cati,
1403 2088 1422 2111 »
1448 2073 1680 2114 secundum
1714 2073 1818 2114 illud
1837 2073 1850 2094 ⁰
1879 2088 1886 2113 :
1916 2089 1936 2111 «
1966 2073 2204 2116 Excaecavit
2235 2088 2305 2116 eos

1277 2145 1435 2185 malitia
1456 2156 1620 2185 eorum.
1644 2159 1662 2181 ›)
1698 2144 1744 2184 ln
1766 2144 1934 2185 Psalmo
1953 2144 1981 2167 ¹⁰
2004 2159 2012 2185 :
2042 2160 2061 2183 «
2080 2145 2220 2186 Noluit
2241 2147 2304 2187 in-

1276 2215 1491 2267 tclligere,
1514 2217 1562 2255 ut
1592 2215 1697 2256 bene
1730 2217 1892 2266 ageret.
1926 2229 1944 2253 ))
1970 2216 2240 2270 Intelliqei·e,
2263 2218 2304 2259 id

1276 2288 1338 2326 est
1368 2285 1584 2326 intellectu
1618 2296 1898 2337 cognoscere:
1935 2298 2022 2326 non
2045 2287 2159 2328 enim
2180 2301 2304 2329 sensu

1277 2356 1477 2408 cognosci
1513 2358 1650 2409 potest
1679 2355 1801 2396 Deus.
1832 2355 2014 2397 Joannes
2036 2357 2061 2379 ¹¹
2095 2372 2104 2398 ε
2135 2359 2302 2399 «Deum

1275 2437 1400 2465 nemo
1423 2425 1526 2466 vidit
1545 2437 1752 2478 unquam.
1775 2440 1793 2463 ›)
1814 2426 1923 2467 Eum
1949 2428 2025 2479 qui
2052 2431 2129 2479 est,
2156 2428 2199 2469 id
2219 2431 2301 2480 est,

1276 2493 1430 2544 Deum,
1452 2494 1522 2534 cui
1554 2506 1643 2534 esse
1672 2495 1945 2535 substantiale
1961 2528 1971 2547 ,
1996 2508 2082 2536 non
2112 2497 2300 2538 acciden-

1274 2565 1356 2605 tale
1370 2579 1380 2614 ;
1396 2565 1511 2605 unde
1533 2564 1718 2605 Hilarius
1743 2580 1751 2605 z
1775 2565 1906 2606 «Esse
1925 2578 2012 2606 non
2032 2569 2093 2607 est
2112 2567 2303 2608 accidens

1275 2634 1379 2686 Deo,
1396 2635 1468 2675 sed
1479 2635 1710 2676 subsistens
1725 2624 1923 2676 veritas.»
1939 2636 2043 2677 Item
2061 2651 2069 2677 ε
2093 2652 2112 2675 «
2127 2637 2201 2678 Cui
2215 2650 2304 2679 esse

1275 2717 1440 2758 semper
1459 2717 1669 2758 praesenS,
1690 2718 1912 2759 nunquam
1926 2708 2211 2760 praeteritum,
2230 2713 2305 2750 aut

1273 2776 1481 2816 futurum.
1502 2790 1522 2834 3)
1550 2775 1660 2816 Deus
1680 2776 1821 2827 enim,
1849 2777 2085 2818 secundum
2105 2778 2304 2830 Augusti-

1271 2858 1377 2886 num
1400 2847 1441 2897 ¹²,
1467 2858 1635 2899 semper
1655 2849 1731 2897 est,
1756 2858 1842 2887 non
1861 2847 1960 2897 fuit,
1983 2850 2056 2888 aut
2078 2848 2181 2899 erit,
2204 2849 2302 2901 quia

1273 2928 1360 2957 non
1387 2917 1532 2968 novit,
1556 2916 1709 2957 scilicet
1739 2929 1812 2969 per
1847 2917 2166 2970 experientiam,
2198 2931 2302 2972 prae-
2342 2907 2348 2912 ⁴

1272 2987 1468 3039 teritum,
1489 2990 1564 3028 aut
1592 2988 1800 3028 futurum.
1823 2988 1948 3040 Item,
1972 2990 2095 3042 cujus
2119 3002 2208 3031 esse
2227 3003 2301 3043 pu-

1273 3069 1372 3098 rum
1392 3060 1478 3109 est,
1501 3058 1601 3110 quia
1630 3057 1834 3110 quidquid
1854 3059 1899 3099 in
1919 3072 1968 3100 eo
2001 3062 2083 3110 est,
2105 3061 2193 3113 ipse
2222 3064 2295 3102 est.

1272 3127 1544 3180 Augustinus
1567 3139 1577 3167 :
1602 3126 1852 3180 «Quidquid
1884 3129 1929 3169 in
1956 3130 2040 3170 Deo
2073 3133 2156 3180 est,
2190 3131 2296 3171 Deus

1271 3200 1348 3239 est.
1369 3212 1388 3236 ›)
1415 3198 1540 3248 Item,
1563 3199 1686 3250 cujus
1714 3209 1804 3238 esse
1833 3198 1885 3239 ab
1911 3199 1992 3240 alio
2012 3211 2099 3241 non
2117 3203 2198 3251 est,
2222 3201 2298 3240 im-

1271 3334 1324 3367 LI,
1354 3327 1403 3358 18.
1435 3342 1475 3349 —
1507 3326 1517 3344 ⁹
1546 3325 1637 3366 Sap„
1669 3333 1715 3366 11,
1744 3327 1796 3357 21.
1822 3343 1863 3349 —-
1898 3328 1920 3347 ¹⁰
1946 3327 2035 3359 Psal.
2067 3335 2171 3368 xxxv,
2197 3329 2227 3359 4.
2255 3345 2294 3350 —

1272 3373 1295 3394 ¹¹
1320 3374 1426 3414 dorm„
1452 3381 1483 3414 1,
1507 3374 1556 3406 18.
1577 3389 1616 3396 -—
1644 3373 1668 3395 ¹²
1688 3374 1786 3414 Aug,
1807 3375 1844 3404 in
1864 3373 1972 3415 Epist.
2000 3375 2108 3414 loun„
2132 3376 2228 3407 tract.
2250 3382 2293 3416 11,

1268 3429 1303 3452 n.
1325 3422 1354 3452 5.
