2634 3853
264 253 343 292 474

265 340 368 380 dum
386 338 490 380 illud
510 340 521 362 ¹
544 354 584 381 z«
599 340 707 380 Ante
727 339 907 378 mortem
922 347 975 375 ne
986 335 1132 375 laudes
1152 334 1292 375 homi-

265 422 363 451 nem
385 422 658 464 quemquam,
682 407 884 461 quoniam
914 407 957 446 in
986 406 1083 445 filiis
1103 406 1190 445 suis
1221 418 1295 458 ag-

265 482 454 522 noscitur
465 483 543 521 vir.
560 496 578 517 »
589 480 706 520 Unde
717 478 964 518 Ambrosius
974 478 987 497 ‘³
1001 488 1009 516 ε
1021 491 1040 513 (1
1050 476 1194 517 Lauda
1203 479 1295 529 post

266 554 469 600 mortem,
497 550 679 603 praedica
712 551 804 601 post
829 547 1253 588 consummationem.
1272 561 1292 585 11

321 626 384 663 37.
403 624 581 663 Factum
596 625 655 662 est
670 623 807 661 autem
822 620 869 661 tn
889 619 1083 671 sequenti
1102 618 1187 668 tlte,
1212 621 1291 659 etc.

267 693 364 734 Post
388 691 791 733 demonstrationem
819 689 969 741 gloria}
995 690 1232 741 promissae,
1255 692 1296 729 et

266 763 660 815 contemplationem
688 762 837 813 gloriae
856 761 1174 810 demonstratae,
1197 761 1295 800 sub-

264 836 377 876 ditur
396 834 463 874 hic
485 832 750 873 confirmatio
772 832 920 884 gloriae
941 832 1237 872 demonstratae
1252 832 1296 872 in

263 904 519 946 miraculosa
539 904 754 945 curatione
767 902 1029 953 daemoniaci,
1047 903 1154 942 muti
1174 905 1215 943 et
1230 902 1294 942 lu—

263 976 404 1017 natici.
432 975 549 1016 Circa
567 975 698 1027 hujus
721 975 983 1015 curationem
1003 973 1083 1013 tria
1103 974 1294 1014 introdu-

264 1050 420 1089 cuntur
440 1048 492 1088 ab
520 1046 794 1098 Evangelista
819 1045 871 1085 ad
898 1045 1031 1097 ipsius
1051 1045 1297 1097 explicatio-

263 1131 362 1160 nem
397 1119 636 1171 perfectam.
679 1117 873 1157 Primum
905 1118 969 1156 est
1002 1116 1295 1169 opportunitas

263 1190 512 1242 disponens;
542 1188 774 1228 secundum
796 1190 858 1227 est
886 1189 1068 1239 potestas
1088 1187 1292 1238 efficiens,

263 1261 319 1301 ibi
344 1263 398 1313 (v.
415 1261 504 1312 41):
526 1259 796 1311 Respondens
816 1262 955 1301 autem
974 1259 1094 1300 Jesus
1109 1260 1193 1309 cu't,
1216 1261 1294 1299 etc.

264 1331 455 1372 Tertium
475 1333 537 1372 est
563 1331 720 1371 utilitas
740 1342 1016 1383 consequens,
1032 1329 1090 1369 ibi
1113 1330 1165 1381 (v.
1195 1330 1259 1382 44)
1284 1341 1294 1370 :

263 1401 505 1454 Stupebant
532 1405 671 1444 autem
702 1411 865 1451 omnes,
890 1403 966 1441 etc.
998 1400 1297 1453 Opportunitas

264 1476 408 1513 autem
430 1472 655 1525 disponens
680 1472 897 1524 colligitur
924 1485 975 1512 ex
1003 1472 1164 1523 tribus,
1186 1472 1296 1512 scili-

268 1547 331 1584 cet
362 1556 416 1583 ex
447 1543 672 1596 praesentia
714 1542 998 1583 multitudinis
1019 1543 1295 1592 occurrentis,

267 1628 321 1656 ex
340 1616 537 1656 instantia
556 1614 741 1656 hominis
758 1614 1030 1663 obsecrantis,
1057 1626 1109 1654 ex
1135 1614 1297 1655 violen-

265 1687 323 1727 tia
366 1686 572 1727 daemonis
609 1685 851 1726 obsidentis,
892 1684 1124 1725 Introducit
1165 1685 1299 1735 igitur

264 1758 403 1811 primo
426 1757 709 1799 multitudinis
731 1757 988 1797 occurrentis
1008 1757 1294 1809 praesentiam,

264 1842 362 1871 cum
394 1830 452 1870 ait
485 1844 493 1870 2
529 1830 707 1872 Factum
740 1832 800 1871 cst
835 1832 975 1870 autent
1019 1829 1068 1870 tn
1104 1829 1299 1881 sequenti

263 1901 356 1952 die,
384 1901 737 1943 descendentibus
759 1901 847 1943 illis
878 1901 928 1943 de
959 1905 1117 1951 monte,
1153 1913 1297 1941 rever-

262 1973 390 2014 tendo
420 1973 576 2014 scilicet
609 1973 661 2013 ad
692 1973 832 2025 plana.
859 1972 1051 2014 Occurrit
1079 1972 1147 2014 ult
1173 1972 1298 2014 turba

263 2044 421 2095 multa,
450 2044 549 2097 quia
577 2044 801 2085 credebant
829 2046 869 2085 et
898 2043 1124 2096 sperabant
1154 2044 1298 2085 videre

264 2115 402 2167 signa,
426 2115 661 2156 secundum
680 2115 786 2156 illud
810 2117 824 2140 ³
846 2130 855 2155 :
897 2130 917 2154 «
947 2114 1211 2167 Sequebatur
1230 2115 1298 2156 Je-

264 2200 360 2228 sum
380 2187 608 2228 multitudo
628 2200 802 2239 magna,
821 2187 922 2240 quia
938 2187 1136 2228 videbant
1155 2187 1294 2238 signa,

264 2271 362 2312 quae
390 2259 566 2300 faciebat
589 2271 717 2311 super
736 2258 803 2299 his
824 2259 897 2312 qui
915 2259 1291 2299 infirmabantur.»

264 2330 317 2371 Et
335 2333 435 2371 nota
448 2331 561 2383 quod
574 2342 660 2371 non
681 2331 908 2371 comitatur
929 2331 1054 2370 turba
1071 2331 1298 2371 ascenden-

264 2404 364 2451 tem,
386 2401 485 2453 quia
506 2413 594 2442 non
611 2401 721 2454 capit
741 2401 962 2452 sublimia5
985 2401 1125 2442 111111οἢ
1148 2416 1156 2442 :
1176 2401 1300 2442 «Non

265 2472 417 2525 poterit
438 2472 597 2524 vulgus
618 2473 843 2513 ascendere
868 2473 911 2512 in
938 2475 1140 2513 montem.
1166 2488 1185 2510 ›>
1223 2472 1298 2513 Oc-

265 2544 399 2583 currit
421 2546 565 2584 autem
584 2544 875 2595 descendenti,
898 2544 999 2597 quia
1016 2543 1194 2584 libenter
1214 2556 1301 2583 am-

265 2614 462 2667 plectitur
502 2615 656 2656 Christi
688 2615 882 2656 humilia.
922 2615 1038 2656 Unde
1072 2615 1299 2657 Malthaeus

266 2687 323 2726 ait
341 2686 386 2726 ⁵:
414 2701 433 2724 <‹
452 2686 558 2726 Cum
591 2686 872 2727 descendisset
901 2686 1022 2727 Jesus
1053 2687 1104 2727 de
1135 2689 1297 2737 monte,

266 2759 422 2798 secutae
451 2760 552 2798 sunt
582 2770 683 2798 eum
712 2759 850 2798 turbae
886 2758 1045 2798 multae.
1068 2773 1087 2796 ›)
1124 2758 1189 2799 Ex
1220 2759 1301 2799 1100

266 2828 394 2868 etiam
414 2830 548 2880 potest
562 2828 835 2880 spiritualiter
856 2829 1058 2881 intelligi,
1075 2829 1188 2882 quod
1202 2842 1302 2882 pau-

267 2910 415 2939 corum
435 2902 496 2939 est
515 2900 650 2940 otium
670 2900 1055 2953 contemplationis,
1087 2901 1201 2953 quod
1225 2901 1302 2942 de·-

267 2969 462 3021 signatur
485 2982 559 3022 per
579 2983 804 3012 ascensum
820 2971 864 3011 in
880 2974 1089 3021 montem3
1110 2972 1182 3012 sed
1197 2972 1303 3012 mul-

266 3042 411 3081 torum
443 3044 506 3080 est
535 3042 785 3083 exercitium
814 3042 1010 3093 actionis,
1044 3043 1154 3095 quod
1188 3043 1303 3083 desi-

268 3114 428 3163 gnatur
441 3123 516 3164 per
528 3113 563 3164 ej
571 3125 621 3152 us
635 3113 884 3153 descensum
897 3145 906 3163 ‚
921 3116 962 3154 et
975 3113 1146 3154 turbam
1161 3125 1304 3154 occur-

268 3184 446 3222 rentem.
472 3182 592 3232 Quod
619 3183 889 3235 designatum
914 3184 996 3225 fuit
1014 3185 1059 3225 in
1078 3197 1175 3225 arca
1195 3184 1300 3237 Noe,

269 3264 368 3306 quae
389 3265 486 3294 cum
518 3255 626 3294 esset
651 3254 664 3275 θ
694 3256 979 3296 trecentorum
999 3256 1242 3297 cubitorum
1259 3256 1304 3297 in

268 3323 377 3373 imo,
399 3327 693 3366 consummata
711 3328 792 3375 est,
815 3325 857 3365 in
878 3338 1069 3375 summo,
1091 3327 1136 3367 10
1156 3328 1304 3369 01111110

311 3408 322 3429 ¹
345 3408 464 3449 Ecclz‘„
491 3417 549 3450 X1‚
582 3411 632 3441 30.
659 3427 698 3432 —
726 3409 737 3427 ²
766 3410 854 3448 11110,
885 3410 1088 3451 quicumque
1119 3411 1160 3442 sit
1187 3414 1304 3443 auctor

271 3463 371 3487 serm.
402 3464 459 3497 xxi,
489 3456 528 3488 de
558 3456 675 3488 Natat.
706 3457 815 3497 Dom„
846 3459 878 3488 et
906 3458 1051 3489 habetur
1081 3458 1170 3489 inter
1200 3468 1301 3490 serm.

272 3502 308 3533 S.
330 3503 482 3534 Maximi.
505 3521 543 3526 -
567 3504 580 3526 ³
597 3505 704 3543 doun„
726 3512 779 3543 vi,
804 3507 832 3535 1.
859 3522 899 3527 —-
917 3505 930 3525 ⁵
952 3504 1070 3544 Eaeod„
1092 3514 1168 3545 xm,
1191 3508 1242 3537 23.
1262 3524 1304 3530 —-

302 3551 434 3591 Matlh„
456 3559 530 3593 viu,
552 3555 581 3584 1.
596 3570 639 3577 —
660 3554 671 3572 ὓ
693 3552 791 3592 Gen„
811 3560 857 3592 Vl,
884 3555 933 3594 15,
957 3555 1006 3585 16.
1027 3571 1060 3575 -κ
1081 3554 1094 3575 ⁷
1114 3554 1204 3585 Psal.
1229 3563 1302 3595 0111,

991 244 1273 286 EVANGELu
1304 228 1491 287 sANcTI
1522 245 1672 288 LucAE

1366 347 1468 377 uno.
1488 336 1539 377 Et
1558 336 1650 376 ideo
1677 346 1786 387 apex
1809 335 1965 375 montis
1986 338 2185 390 competit
2204 341 2394 380 contem-

1365 407 1599 459 plantibus,
1616 409 1657 446 et
1676 406 1924 458 campestria
1944 406 2067 458 plana
2085 408 2393 461 laborantibus,

1361 478 1488 529 juxta
1506 478 1635 518 illud⁷
1654 492 1661 518 :
1691 492 1709 515 ‹<
1723 476 1966 518 Ascendunt
1985 480 2163 529 montes,
2175 483 2216 520 et
2228 481 2395 522 descen-

1366 549 1475 590 dunt
1488 550 1638 602 campi.
1661 564 1680 587 11
1708 549 1759 590 Et
1778 548 1857 588 1100
1875 550 1937 587 031
1957 549 2069 600 quod
2095 549 2194 590 dicit
2216 550 2328 592 Beda
2351 553 2396 592 in

1369 618 1539 660 Glossa⁸
1562 632 1572 661 :
1604 635 1623 659 «
1646 620 1693 660 ln
1724 621 1866 659 monte
1890 622 2003 668 orat,
2036 619 2174 670 (10001,
2197 624 2396 674 majesta-

1366 693 1453 731 tem
1473 703 1594 734 suam
1615 691 1888 740 demonstrat,
1915 688 2047 729 Patris
2065 702 2215 731 vocem
2234 696 2395 744 aposto-

1367 761 1418 801 lis
1437 762 1604 813 pa11dit;
1630 753 1883 802 descendens
1913 762 2057 800 autem
2085 773 2109 800 a
2136 762 2261 801 turba
2285 763 2398 803 exci-

1369 832 1498 885 pitur,
1521 834 1773 874 miserorum
1793 833 1894 873 ssetu
1908 832 2117 884 pulsatur,
2141 833 2399 875 infidelitatis

1369 906 1537 954 peccata
1554 905 1795 957 exprobrat,
1816 903 1949 944 malos
1969 904 2143 956 spiritus
2166 904 2352 956 expellit.
2376 919 2395 942 1)

1371 973 1448 1014 Ubi
1483 975 1622 1027 tangit
1661 979 1846 1028 quatuor
1883 977 2000 1015 actus
2038 975 2397 1027 contemplativae,

1371 1057 1477 1098 quos
1497 1046 1736 1097 designavit
1755 1046 1800 1086 in
1819 1046 1974 1087 montis
1995 1057 2186 1096 ascensu,
2204 1047 2279 1099 qui
2298 1049 2399 1087 sunt

1371 1117 1526 1167 oratio,
1547 1117 1690 1167 lectio,
1716 1116 1918 1157 contuitio
1939 1116 2205 1168 divinorum,
2225 1120 2265 1158 et
2278 1129 2400 1159 reve-

1370 1187 1469 1227 latio
1489 1190 1767 1238 secretorun1;
1785 1192 1823 1227 et
1838 1190 2021 1240 quatuor
2040 1188 2209 1239 activae,
2237 1189 2309 1240 qui
2329 1189 2401 1229 de-

1369 1259 1597 1310 signantur
1616 1259 1662 1299 in
1682 1259 1900 1299 descensu.
1925 1259 2263 1312 Quadrupliciter
2289 1259 2403 1300 enim

1370 1330 1491 1371 debet
1518 1330 1719 1383 praelatus
1750 1331 1793 1370 in
1824 1330 2024 1370 exercitio
2048 1330 2223 1371 actionis
2249 1330 2401 1371 conde-

1371 1402 1568 1442 scendere
1580 1402 1760 1442 subditis
1774 1401 1877 1452 suis,
1889 1401 2045 1442 scilicet
2058 1402 2281 1452 visitando,
2295 1414 2404 1442 com-

1370 1473 1588 1525 patiendo,
1621 1473 1722 1513 vitia
1752 1472 2033 1525 increpando,
2066 1475 2106 1512 et
2133 1473 2404 1513 necessitates

1370 1544 1612 1585 relevando.
1635 1543 1877 1584 Secundum
1896 1543 2082 1584 litteram
2099 1555 2216 1594 vero,
2239 1543 2404 1584 descen-

1370 1615 1485 1657 denti
1515 1606 1641 1655 turba
1670 1616 1875 1665 occurrit,
1898 1615 1996 1667 quia
2018 1615 2244 1666 cupiebant
2262 1614 2405 1653 videre

1371 1688 1662 1740 expulsionem
1682 1687 1914 1737 daemonis,
1934 1698 2032 1740 quae
2052 1699 2138 1727 non
2158 1686 2296 1739 potuit
2313 1685 2405 1726 fieri

1371 1770 1396 1798 a
1416 1758 1646 1810 discipuliS,
1663 1759 1769 1798 sicut
1780 1757 1906 1811 paulo
1921 1760 2015 1811 post
2029 1757 2224 1798 subditur
2240 1758 2294 1810 (v.
2310 1759 2374 1809 40)
2393 1771 2402 1798 :

1371 1830 1537 1882 chavz'
1556 1829 1791 1881 discipulos
1815 1832 1906 1871 tuos
1933 1834 1979 1871 ut
2000 1829 2199 1882 ejicerent
2218 1829 2347 1880 illud,
2367 1832 2407 1872 et

1371 1911 1457 1942 non
1476 1903 1721 1952 potuerunt.
1745 1899 1809 1940 Ex
1833 1902 1949 1940 tanta
1967 1901 2102 1952 igitur
2123 1900 2346 1953 praesentia
2365 1902 2406 1940 et

1372 1972 1579 2013 desiderio
1600 1971 1760 2025 populi,
1779 1971 1995 2024 colligitur
2014 1972 2307 2025 opportunitas
2329 1971 2407 2012 mi-

1371 2045 1506 2086 raculi
1525 2045 1715 2086 faciendi.

1425 2116 1617 2157 Secundo
1654 2127 1756 2157 vero
1793 2114 2022 2155 introducit
2058 2115 2245 2156 hominis
2284 2115 2404 2157 obse-

1372 2188 1527 2227 crantis
1546 2187 1812 2233 instantiam,
1830 2198 1926 2226 cum
1947 2186 2003 2226 ait
2024 2188 2078 2237 (v.
2103 2186 2165 2239 38)
2184 2201 2192 2227 :
2217 2187 2319 2228 Ecce
2339 2187 2408 2229 vir

1373 2258 1568 2300 deturba
1598 2257 1869 2300 exclamavit.
1903 2256 1950 2296 In
1969 2256 2049 2297 hoc
2080 2257 2260 2298 ostendit
2278 2258 2404 2298 affec·

1374 2333 1466 2370 tum
1499 2329 1543 2369 in
1582 2327 1877 2381 supplicando,
1921 2328 2159 2369 secundum
2196 2328 2300 2369 illud
2339 2332 2353 2353 ⁹
2393 2341 2404 2370 ε

1378 2416 1397 2439 «
1417 2399 1637 2441 Exaudisti
1658 2411 1806 2440 vocem
1830 2398 2032 2439 orationis
2053 2410 2180 2450 meae,
2201 2399 2303 2440 dum
2321 2398 2408 2440 cla-

1374 2483 1536 2513 marem
1557 2470 1609 2511 ad
1628 2472 1684 2511 te.
1705 2484 1724 2507 »
1750 2469 1867 2510 Unde
1887 2470 1931 2509 in
1947 2469 2205 2512 Machaboez's
2226 2470 2253 2492 ¹⁰
2269 2482 2308 2511 :a
2328 2470 2410 2512 Ex-

1374 2543 1666 2584 clamaverunt
1696 2541 1809 2581 tubis
1847 2541 2098 2592 signorum,
2129 2544 2169 2582 et
2198 2541 2407 2584 clamave-

1375 2617 1476 2655 runt
1506 2614 1549 2653 in
1582 2612 1789 2653 coelum.»
1826 2615 1874 2652 Et
1906 2612 1956 2652 de
1983 2611 2180 2654 Samuele
2211 2613 2408 2655 dicitur¹¹

1375 2685 1489 2739 quod
1527 2700 1546 2723 α
1576 2683 1848 2724 contristatus
1873 2683 2072 2725 clamavit
2100 2684 2153 2725 ad
2181 2683 2409 2725 Dominum

1374 2760 1462 2798 tota
1484 2758 1620 2796 nocte.
1645 2769 1664 2792 »
1699 2754 1749 2795 Et
1776 2754 1890 2807 quod
1909 2755 1978 2795 hic
2000 2757 2109 2796 esset
2137 2754 2294 2796 clamor
2313 2768 2407 2796 ora-

1375 2829 1517 2878 tionis,
1533 2829 1648 2880 patet
1667 2838 1743 2879 per
1763 2827 1843 2867 1100
1863 2827 1975 2879 quod
1990 2827 2184 2879 sequitur
2204 2841 2212 2867 :
2229 2828 2382 2869 Dicens
2396 2841 2409 2866 :

1376 2900 1601 2952 Macister,
1611 2897 1774 2940 obsecro
1793 2900 1848 2947 te,
1862 2898 2021 2949 respice
2035 2898 2083 2938 in
2097 2897 2236 2948 silium
2249 2908 2407 2948 meum,

1377 2974 1482 3026 quta
1511 2972 1667 3013 unicus
1692 2972 1750 3011 est
1776 2969 1900 3011 mihi.
1923 2969 1971 3009 In
1992 2982 2076 3022 qua
2100 2968 2289 3009 oratione
2309 2969 2415 3010 fate-

1376 3047 1446 3084 tur
1467 3041 1621 3084 Christi
1638 3039 1931 3081 excellentiam
1944 3071 1957 3091 ,
1969 3039 2093 3080 offert
2106 3040 2409 3092 reverentiam,

1377 3115 1482 3169 petit
1502 3112 1771 3154 clementiam
1785 3142 1795 3160 ,
1812 3113 1853 3151 01
1870 3110 2024 3162 allegat
2041 3110 2324 3162 indigentiam
2341 3125 2350 3151 :
2373 3113 2415 3152 et

1378 3188 1436 3228 sic
1455 3187 1519 3227 031
1538 3184 1671 3226 oratio
1691 3182 1791 3223 satis
1810 3181 2007 3234 perfecta.
2032 3180 2134 3222 Cum
2163 3182 2261 3222 dicit
2282 3196 2291 3223 :
2316 3182 2411 3225 Μα-

1378 3259 1525 3312 913101·,
1553 3253 1844 3297 excellentiam
1874 3253 2121 3312 confitetur,
2152 3254 2277 3305 Juxta
2302 3252 2414 3305 quod

1379 3329 1531 3370 dicitur
1561 3324 1774 3378 discipulis
1794 3325 1822 3349 ¹²
1846 3338 1854 3365 :
1880 3338 1899 3361 (1
1919 3322 2084 3365 Vocatis
2113 3336 2183 3365 me
2209 3338 2218 3364 z
2251 3323 2413 3375 Magis-

1381 3461 1455 3492 8.-
1478 3458 1489 3476 ⁸
1512 3456 1608 3493 Bed.‚
1633 3455 1668 3485 in
1682 3455 1772 3494 Luc„
1788 3463 1816 3485 c.
1838 3462 1884 3494 ix,
1907 3453 1963 3486 lib.
1987 3455 2085 3494 111,c.
2101 3462 2265 3486 xxxlx.—
2286 3454 2299 3475 ⁹
2322 3453 2413 3485 Psal.

1381 3516 1463 3546 xxx,
1482 3506 1577 3536 23.-
1593 3502 1620 3523 1⁰
1643 3502 1650 3531 Ι
1676 3500 1860 3542 Maclc.,1v,
1878 3504 1973 3534 40.--
1993 3502 2015 3523 1¹
2039 3503 2047 3533 l
2067 3503 2157 3543 Req„
2178 3509 2234 3544 XV,
2254 3503 2303 3542 10,
2322 3503 2415 3533 11.—

1381 3556 1405 3577 12
1423 3555 1533 3591 Joan.‚
1556 3557 1636 3590 xm,
1658 3551 1710 3580 13.
