2634 3853
1007 160 1283 202 EXPOSITIO
1314 160 1365 201 ΙΝ
1395 160 1508 201 CAP.
1541 159 1591 200 ΙΙ.

241 271 294 301 ex
318 257 397 298 hoc
420 252 540 303 ovili,
572 253 613 292 et
633 250 725 291 illas
751 251 915 303 oportet
938 261 1005 290 me
1030 249 1259 299 adducere,

239 337 385 369 vocem
404 335 544 366 meam
564 322 748 373 audient,
771 323 812 361 et
830 322 901 362 fiet
920 332 1059 361 unum
1078 320 1203 371 ovile,
1223 322 1264 360 et

238 409 349 439 unus
372 398 525 448 pastor.
553 408 572 432 n
598 393 808 434 Moraliter
837 394 877 432 et
905 391 957 432 ad
986 391 1189 441 litteram,
1218 390 1263 430 in

236 469 315 509 hoc
328 466 544 508 damnavit
555 465 741 506 Christus
755 464 882 504 lectos
895 463 1105 513 delicatos,
1117 463 1263 503 contra

235 550 340 592 quos
366 539 377 560 ¹
403 550 414 579 :
441 552 460 576 ε(
484 537 557 578 Vae
579 536 724 586 vobis,
757 535 831 588 qui
859 533 1049 574 dormitis
1076 533 1122 573 in
1146 533 1262 574 lectis

234 609 450 659 eburneiS,
484 610 525 649 et
552 606 752 648 lascivitis
786 605 830 645 in
863 604 1001 645 stratis
1037 604 1202 645 vestris.
1237 618 1256 642 i>

235 680 409 734 Propter
435 679 643 720 defectum
670 676 920 724 habitaculi,
948 675 1112 716 subdit:
1149 675 1262 727 Quia.

233 763 319 795 ηοη
332 754 423 794 erat
435 752 496 793 eis
511 751 624 793 locus
638 750 687 791 in
700 747 949 790 diversorio.
972 746 1262 787 Diversorium

232 835 439 876 namque,
475 820 705 863 secundum
738 819 945 860 Isidorum
966 818 995 868 ²,
1029 817 1183 858 dicitur
1213 830 1262 859 eo

233 894 346 947 quod
367 894 531 936 diversi
550 892 608 932 ibi
629 890 905 938 conveniant,
930 891 971 930 et
991 889 1049 930 sic
1068 892 1130 930 est
1145 889 1262 930 locus

232 965 398 1017 patens3
421 963 653 1005 secundum
675 962 831 1004 Bedam
850 972 967 1011 vero,
990 972 1039 1001 eo
1059 959 1171 1013 quod
1193 959 1261 1002 αἱ·

233 1046 353 1078 versa
372 1035 525 1076 habeat
550 1033 731 1075 crificia:
762 1043 862 1072 nam
885 1033 946 1071 est
972 1030 1110 1083 platea
1129 1043 1263 1072 vacua

232 1105 343 1147 inter
356 1105 462 1147 duos
476 1106 603 1156 vicos,
620 1104 782 1144 habens
802 1101 1022 1143 introitum
1044 1104 1084 1142 et
1098 1102 1261 1142 exitum

233 1175 286 1217 ad
304 1177 555 1229 utrumque,
579 1177 620 1215 et
643 1175 813 1227 propter
831 1171 1126 1224 intemperiem
1155 1172 1263 1213 aeris

232 1246 426 1298 superius
447 1247 664 1298 cooperta,
677 1247 716 1284 et
735 1243 809 1284 ubi
828 1243 942 1284 cives
956 1243 1007 1283 ad
1026 1243 1263 1295 colloquen-

231 1314 334 1355 dum
344 1315 491 1357 venire
505 1316 695 1368 possunt.
708 1313 785 1355 Hic
798 1313 959 1366 peperit
970 1314 1101 1364 virgo
1113 1313 1257 1363 Maria,

229 1386 329 1440 quia
346 1398 433 1428 non
451 1387 665 1428 habebant
684 1386 881 1435 domum,
911 1386 955 1425 in
979 1397 1065 1437 qua
1092 1388 1263 1437 possent

229 1455 456 1510 hospitari,
491 1457 579 1499 sive
612 1457 711 1510 quia
745 1467 954 1510 pauperes
993 1458 1133 1506 erant,
1173 1455 1261 1496 sive

231 1528 332 1580 quia
362 1529 480 1570 tarde
510 1531 729 1571 venerant.
769 1528 820 1570 Et
857 1528 959 1581 quia
993 1529 1134 1568 arctus
1172 1529 1260 1567 erat

232 1598 364 1649 10011ε,
385 1599 453 1641 vel
470 1600 595 1640 etiam
615 1599 706 1640 aliis
724 1599 921 1652 repletus,
943 1610 1030 1639 non
1046 1598 1261 1638 habebant

232 1669 374 1711 locum
404 1670 485 1710 nisi
517 1671 824 1720 arctissimum,
858 1670 969 1710 inter
1004 1670 1130 1711 bruta
1164 1669 1260 1710 ani-

232 1740 372 1782 malia.
394 1740 513 1782 Unde
540 1743 701 1793 poterat
725 1740 913 1781 Christus
937 1740 1074 1782 dicere
1094 1739 1197 1780 illud
1219 1740 1256 1780 ³:

237 1824 256 1849 (1
275 1809 368 1863 Ego
385 1810 436 1851 ad
455 1810 640 1851 nihilum
660 1810 853 1852 redactus
875 1823 970 1851 sum
983 1843 993 1862 ,
1015 1813 1056 1851 et
1074 1811 1232 1853 nescivi
1248 1825 1256 1863 ;

233 1883 280 1922 ut
305 1882 549 1934 Jumentum
576 1882 708 1923 factus
739 1894 834 1923 sum
865 1882 978 1935 apud
1010 1885 1071 1933 te,
1105 1885 1147 1923 et
1178 1895 1259 1935 ego

232 1964 398 2006 semper
434 1956 589 1994 tecum.
623 1968 642 1991 »
668 1952 718 1995 Et
751 1953 1016 1994 verificatum
1054 1955 1116 1994 est
1155 1953 1259 1994 illud

233 2021 500 2064 Hieremiae'0:
518 2038 536 2061 (ι
549 2023 790 2076 Expectatio
805 2023 948 2074 Israel,
964 2023 1157 2065 Salvator
1168 2025 1259 2077 eJus

234 2093 278 2134 in
289 2095 478 2147 tempore
490 2093 786 2145 tribulationis,
805 2107 936 2147 quare
950 2095 1070 2148 quasi
1084 2094 1257 2136 colonus

232 2164 400 2206 futurus
417 2177 461 2205 es
482 2165 526 2205 in
543 2166 671 2215 terra,
693 2169 733 2206 et
751 2166 872 2218 quasi
891 2166 1028 2207 viator
1046 2166 1258 2208 declinans

227 2236 278 2277 ad
309 2237 596 2278 manendum?
618 2239 752 2285 Quare
782 2237 950 2278 futurus
976 2250 1019 2279 es
1053 2238 1166 2280 velut
1191 2239 1257 2281 vir

226 2319 379 2359 vagus,
399 2310 448 2348 ut
464 2308 598 2357 fortis
619 2308 693 2360 qui
714 2320 799 2348 non
819 2311 953 2359 potest
977 2309 1169 2350 salvare?
1191 2309 1256 2350 Tu

227 2379 369 2417 autem
385 2377 431 2416 in
449 2377 572 2417 nobis
590 2389 655 2426 eS,
674 2377 870 2428 Domine,
893 2380 933 2417 et
957 2390 1111 2418 nomen
1131 2381 1254 2419 tuum

227 2446 469 2488 invocatum
493 2449 553 2488 θεῖ
583 2459 709 2500 super
737 2460 834 2497 nos,
867 2463 885 2485 »
914 2451 991 2489 etc.
1022 2449 1071 2489 Et
1102 2449 1146 2489 in
1176 2449 1256 2490 hoc

228 2517 452 2558 damnatur
490 2518 765 2559 aedificiorum
807 2519 1039 2572 amplitudo
1053 2552 1062 2570 ,
1102 2532 1254 2560 secun-

226 2587 328 2630 dum
353 2588 458 2630 illud
478 2588 596 2630 Isaiae
615 2589 628 2610 ⁵
645 2604 653 2628 ;
681 2604 699 2628 ((
716 2588 788 2631 Vae
809 2589 882 2642 qui
903 2591 1164 2642 conjungitis
1186 2591 1254 2632 do-

226 2672 348 2701 mum
370 2661 422 2702 ad
449 2660 648 2711 domum,
671 2662 713 2701 et
740 2672 894 2712 agrum
920 2673 1027 2712 agro
1048 2661 1253 2714 copulatis

225 2742 360 2783 usque
396 2732 447 2772 ad
487 2731 720 2772 terminum
755 2731 848 2772 loci.
889 2745 907 2769 ›)
949 2732 1217 2784 Augustinus
1240 2745 1249 2773 :

231 2816 249 2840 (1
265 2800 357 2842 Νο11
377 2805 467 2843 erat
484 2802 566 2853 illi,
588 2802 668 2842 nisi
688 2802 887 2854 angustia
907 2803 951 2842 in
971 2804 1093 2844 terris
1106 2836 1115 2854 ‚
1137 2807 1185 2844 ut
1204 2807 1252 2845 tu

225 2873 264 2914 ei
276 2873 416 2915 locum
435 2874 572 2915 cordis
597 2874 660 2914 tui
689 2873 769 2914 sibi
792 2874 1011 2927 proprium
1038 2874 1246 2917 dilatares.

225 2942 355 2985 Filius
381 2941 566 2986 hominis
597 2957 684 2986 non
707 2944 832 2986 babet
863 2945 939 2986 ubi
970 2949 1095 2999 caput
1122 2959 1249 2987 suum

225 3013 409 3066 reclinet,
425 3018 466 3056 et
482 3018 530 3055 tu
545 3015 685 3068 ampla
702 3015 856 3068 palatia
879 3017 920 3056 et
940 3016 1137 3067 ingentes
1157 3029 1250 3069 por-

225 3083 330 3124 ticus
352 3085 526 3126 metiris.
554 3100 573 3122 ))
601 3085 667 3126 Sic
691 3097 798 3137 ergo
825 3085 1037 3126 Christum
1065 3098 1246 3139 pauper-

225 3153 319 3194 cula
347 3156 480 3195 mater
508 3167 739 3208 pauperem
771 3156 959 3208 peperit:
1000 3158 1049 3197 ut
1083 3168 1160 3197 nos
1195 3158 1247 3199 ad

224 3226 514 3278 paupertatem
531 3225 741 3278 invitaret,
763 3230 803 3267 et
822 3239 899 3268 sua
917 3227 1060 3280 inopia
1079 3228 1242 3280 ditaret,

266 3356 275 3376 ¹
297 3355 412 3395 Amos,
445 3362 496 3395 vi,
516 3357 545 3386 4.
566 3372 606 3378 ——-
628 3357 641 3376 ’Ξ
663 3355 751 3396 isid„
771 3356 932 3399 Etymol„
956 3357 1014 3388 lib.
1036 3358 1108 3398 XV,
1138 3367 1167 3389 0.
1191 3366 1243 3389 111.

223 3420 263 3425 —
281 3403 292 3420 ³
312 3402 400 3433 Psal.
424 3409 536 3441 Lxxu,
557 3403 612 3442 22,
638 3405 690 3435 23.
710 3419 750 3426 —
775 3404 788 3425 ¹·
807 3405 941 3445 Jerem„
971 3412 1043 3445 xiv,
1068 3406 1085 3436 8
1113 3408 1146 3436 et
1171 3414 1243 3447 seq.

225 3466 262 3472 -
284 3449 297 3470 ⁵
318 3450 396 3487 Isa„
420 3457 453 3489 v,
478 3451 507 3480 8.
536 3465 575 3472 —
604 3449 615 3467 ⁶
641 3449 666 3480 ll
693 3449 783 3489 Cor„
808 3457 888 3491 vin,
915 3453 944 3484 9.
972 3469 1012 3476 —
1035 3452 1045 3472 ⁷
1066 3452 1182 3492 Bern„
1204 3452 1244 3483 de

2284 165 2360 204 259

1338 249 1572 290 secundum
1602 248 1705 289 illud
1727 250 1765 289 ⁶:
1791 263 1810 287 (ι
1837 248 1956 289 Scitis
1983 248 2167 300 gratiam
2196 249 2362 290 Domini

1337 320 1468 361 nostri
1500 319 1599 360 Jesu
1629 318 1803 370 Christi,
1845 320 2047 372 quoniam
2085 321 2257 372 propter
2286 331 2362 361 vos

1337 402 1499 442 egenus
1517 390 1652 430 factus
1673 392 1754 438 θεῖ,
1776 402 1874 431 011111
1895 393 2002 431 esset
2021 390 2160 441 diveS,
2181 391 2230 431 ut
2249 390 2363 431 illius

1337 460 1478 513 inopia
1507 473 1583 502 vos
1620 460 1769 502 divites
1800 461 1955 502 essetis.
1990 474 2010 499 >³
2045 461 2095 501 Et
2131 461 2364 501 secundum

1337 529 1447 571 hanc
1484 530 1772 571 omnimodam
1810 531 2109 583 indigentiam,
2148 531 2365 573 damnavit

1337 613 1510 643 avaram
1557 602 1834 654 opulentiam.
1882 602 1999 643 Unde
2041 602 2280 643 Bernardus
2312 602 2326 623 ⁷
2353 616 2361 642 ε

1343 688 1362 711 «
1384 673 1520 725 Elegit
1547 673 1675 714 Filius
1701 673 1771 714 Dei
1790 685 2018 727 pauperem
2045 676 2247 723 matrem,
2267 684 2365 726 quae

1337 744 1409 785 vix
1424 756 1585 797 pannos
1599 745 1780 796 habebat
1794 745 1843 785 ad
1859 744 2182 796 involvendum,
2201 747 2242 785 et
2257 756 2365 797 prae-

1337 826 1434 867 sepe
1464 815 1515 856 ad
1546 815 1861 865 reclinandum,
1894 815 2035 856 locum
2069 815 2122 855 ad
2157 827 2365 868 reponen—

1337 886 1440 927 dum
1457 901 1466 927 ε
1486 898 1574 927 11011
1594 889 1655 927 θεῖ
1673 887 1754 926 tale
1769 886 1978 939 judicium
2000 886 2162 927 mundi.
2185 886 2270 927 Aut
2288 887 2366 927 iste

1336 957 1515 1008 fallitur,
1556 959 1630 998 aut
1662 957 1846 998 mundus
1880 959 1994 998 errat
2023 971 2031 997 ε
2072 957 2144 998 sed
2175 956 2364 999 divinam

1336 1027 1423 1068 falli
1443 1030 1505 1069 θεῖ
1524 1028 1783 1081 impossibile
1801 1028 2069 1081 sapientiam:
2094 1028 2225 1080 elegit
2243 1040 2361 1080 ergo,

1336 1099 1409 1152 (1111
1434 1110 1522 1140 11011
1551 1099 1724 1151 fallitur,
1748 1099 1862 1152 quod
1891 1099 2005 1140 carni
2031 1098 2247 1140 molestius
2272 1100 2361 1140 est:

1335 1170 1375 1210 id
1404 1182 1507 1221 ergo
1534 1170 1704 1221 melius,
1726 1170 1768 1211 id
1786 1170 1955 1221 utilius,
1978 1170 2020 1210 id
2038 1170 2177 1222 magis
2196 1170 2361 1222 eligen-

1336 1241 1453 1282 dum.
1481 1257 1499 1279 »
1538 1241 1680 1282 Simus
1709 1254 1812 1294 ergo
1838 1254 1937 1283 cum
1961 1240 2144 1293 Christo,
2170 1241 2276 1283 sicut
2301 1242 2362 1284 di-

1336 1314 1445 1354 citur
1463 1317 1476 1339 ⁸
1493 1328 1501 1353 :
1532 1329 1550 1351 α
1570 1313 1688 1354 Sicut
1703 1316 1889 1365 egentes,
1908 1313 2065 1354 multos
2084 1316 2229 1354 autem
2246 1313 2362 1355 locu-

1335 1383 1560 1436 pletantes3
1582 1386 1785 1436 tanquam
1803 1383 1910 1424 nihil
1928 1383 2146 1433 habenteS‚
2165 1385 2206 1424 et
2223 1384 2366 1424 omnia

1335 1454 1609 1506 possidentes.
1627 1469 1646 1492 »
1662 1455 1725 1496 Ex
1741 1455 1822 1496 1100
1838 1454 2080 1495 insinuatur
2097 1454 2232 1505 nobis,
2253 1454 2366 1508 quod

1336 1524 1414 1566 iste
1439 1529 1527 1567 erat
1552 1538 1652 1568 vere
1684 1525 1875 1568 Salvator
1906 1525 2077 1576 mundi,
2115 1525 2189 1578 qui
2222 1525 2267 1565 in
2299 1524 2364 1566 sui

1335 1599 1453 1637 ortus
1472 1598 1703 1651 primordio
1717 1598 1961 1651 exemplum
1978 1597 2149 1639 virtutis
2168 1597 2362 1650 praebuit,

1336 1670 1375 1708 et
1399 1666 1516 1710 viam
1535 1669 1679 1710 salutis
1701 1669 1899 1719 ostendit;
1929 1668 2123 1710 habendo
2143 1668 2257 1709 enim
2277 1667 2364 1709 lec-

1335 1740 1476 1781 tulum
1490 1740 1637 1793 vilem‚
1659 1743 1699 1782 et
1716 1740 1940 1791 humilem,
1959 1743 1999 1781 et
2012 1751 2259 1793 pauperem,
2272 1741 2364 1793 jam

1334 1811 1560 1865 incipiebat
1578 1813 1810 1864 ostendere,
1833 1812 1947 1866 quod
1968 1811 2153 1853 mundus
2170 1811 2249 1852 iste
2267 1822 2364 1852 con-

1333 1884 1588 1924 temnendus
1601 1886 1678 1934 est,
1693 1883 1925 1925 secundum
1936 1883 2018 1923 tria
2028 1883 2074 1923 in
2087 1895 2136 1924 eo
2151 1884 2359 1923 contenta.

1333 1952 1427 1993 Jam
1448 1954 1674 2007 incipiebat
1698 1957 1854 1995 statum
1880 1954 2146 2007 perfectionis
2168 1953 2363 2006 exemplo

1333 2029 1589 2077 monstrare,
1612 2026 1687 2080 qui
1707 2025 1893 2068 consistit
1912 2026 1956 2066 in
1982 2025 2242 2076 humilitate,
2263 2035 2363 2066 aus-

1333 2099 1500 2140 teritate
1518 2101 1559 2139 et
1577 2100 1836 2151 paupertate.
1859 2097 2043 2138 Ostendit
2063 2097 2190 2138 etiam
2215 2097 2262 2138 111
2282 2096 2364 2139 hoc

1332 2169 1536 2210 Dominus
1555 2181 1738 2210 summae
1751 2168 2012 2221 dignationis
2031 2168 2244 2219 affectum,
2262 2167 2363 2220 quia

1331 2252 1419 2280 non
1449 2242 1615 2281 tantum
1641 2240 1872 2293 parvulus,
1900 2239 1972 2281 sed
2002 2238 2287 2293 pauperculus
2322 2240 2362 2279 et

1331 2311 1548 2364 despectus
1559 2324 1636 2364 pro
1652 2312 1774 2352 nobis
1788 2313 1851 2352 est
1864 2311 1997 2351 factus
2010 2323 2021 2361 ;
2036 2311 2094 2351 ita
2109 2322 2211 2353 vero
2223 2312 2362 2363 posset

1331 2380 1468 2421 dicere
1487 2382 1591 2422 illud
1611 2384 1647 2421 ⁹:
1668 2396 1686 2419 (<
1707 2380 1873 2435 Pauper
1893 2393 1990 2423 sum
2009 2393 2106 2434 ego,
2125 2382 2166 2422 et
2185 2380 2230 2422 in
2249 2380 2362 2422 labo-

1330 2450 1448 2491 ribus
1468 2464 1492 2492 a
1504 2453 1732 2504 ‚iuventute
1751 2464 1860 2493 mea.
1883 2466 1902 2489 ›>

1383 2525 1422 2562 8.
1442 2523 1497 2564 Et
1519 2527 1710 2575 pastores
1730 2526 1874 2574 erant,
1899 2525 1977 2564 etc.
1997 2522 2221 2576 Descripsit
2241 2534 2361 2576 supe-

1329 2592 1419 2633 rius
1448 2593 1745 2647 Evangelista,
1775 2594 1955 2648 qualiter
1982 2593 2135 2635 Christi
2162 2593 2361 2636 nativitas

1327 2664 1406 2705 fuit
1440 2668 1756 2716 consummata;
1806 2665 1876 2706 hic
1921 2666 2104 2707 secundo
2141 2665 2356 2716 describit,

1328 2736 1510 2789 qualiter
1528 2737 1608 2778 fuit
1628 2738 1886 2779 denuntiata.
1909 2738 1974 2778 Ad
1994 2737 2357 2778 denuntiationem

1326 2809 1471 2849 autem
1496 2808 1726 2850 nativitatis
1745 2808 1895 2850 Christi
1916 2809 2096 2861 perfecte
2121 2810 2356 2852 faciendam

1324 2878 1406 2918 tria
1426 2869 1706 2920 concurrunt:
1729 2880 1921 2933 primum
1938 2882 2000 2920 θεῖ
2019 2880 2233 2934 dispositio
2249 2894 2356 2933 prae-

1323 2961 1477 3001 parans
1507 2950 1560 2991 ad
1589 2951 1847 2992 audiendum
1853 2964 1872 3004 ,·
1897 2939 2149 3003 secundum,
2184 2965 2353 2994 annun-

1321 3020 1440 3062 tiatio
1451 3021 1636 3063 invitans
1654 3022 1706 3062 ad
1725 3022 2020 3073 exultandum,
2035 3023 2146 3076 quod
2160 3022 2353 3064 describit

1321 3089 1379 3130 ibi
1394 3104 1402 3131 ε
1418 3091 1472 3133 Et
1488 3092 1610 3135 dioeit
1619 3093 1708 3135 illis
1724 3093 1922 3146 Anqelus,
1939 3095 2034 3144 etc.;
2049 3094 2236 3145 tertium,
2257 3106 2351 3136 con-

1320 3160 1503 3202 firmatio
1514 3163 1748 3204 certificans
1761 3163 1814 3204 ad
1827 3164 2099 3216 credendum,
2116 3167 2158 3205 et
2172 3165 2252 3206 hoc
2262 3165 2349 3206 des-

1320 3231 1441 3272 cribit
1454 3232 1533 3274 ibi:
1547 3234 1604 3277 Et
1618 3234 1692 3276 hoc
1705 3234 1823 3277 vobis
1839 3236 2023 3288 sianum,
2039 3239 2117 3277 etc.
2134 3236 2346 3285 Quantum

1319 3301 1371 3342 ad
1391 3303 1595 3355 primum,
1619 3306 1855 3347 notandum
1875 3307 1988 3360 quod
2002 3306 2219 3360 dispositio
2240 3318 2346 3360 prae-

1316 3407 1430 3441 Natz‘v.
1446 3409 1553 3448 Dum„
1572 3419 1674 3443 serm.
1689 3419 1743 3451 111,
1758 3415 1878 3446 n.1.-
1890 3413 1904 3436 ⁸
1915 3414 1942 3444 ΙΙ
1959 3413 2049 3453 Cor„
2063 3413 2236 3452 v1,10.—’
2251 3411 2343 3446 Psal.

1317 3460 1473 3496 Lxxxvii,
1495 3458 1544 3488 16.
