2587 3845
127 1045 190 1073 Beli
211 1047 267 1073 sta-

126 1088 186 1115 tua.

294 167 373 205 100

292 263 369 305 per
382 261 586 300 amorem,
608 249 902 289 defunctorum
913 248 1164 288 memoriam
1183 247 1319 288 colere

291 324 523 375 coeperunt.
545 335 564 358 »
590 320 642 361 Et
665 318 885 360 constituit
906 319 1172 360 intersertos
1203 328 1316 369 suos,

289 392 440 432 timore
460 391 536 431 sibi
566 388 826 438 obedientes,
864 400 947 428 non
969 390 1148 438 ratione,
1171 399 1315 438 sacra,

290 461 446 502 scilicet
465 459 793 500 thurificationes
808 464 847 497 et
859 459 1013 507 10111105,
1029 463 1067 499 et
1080 458 1315 508 sacrificia,

289 532 444 572 scilicet
482 529 729 570 animalium
781 528 1105 568 immolationes.
1147 528 1315 568 Primus

288 606 446 651 autem,
467 603 515 641 ut
536 599 633 639 dicit
659 597 842 638 Isidorus
862 611 989 651 super
1006 599 1109 639 illud
1131 600 1253 640 Lucoe
1272 599 1282 620 ¹
1305 613 1313 638 ε

294 689 313 711 (1
335 673 380 713 In
398 670 602 711 Belzebub
624 669 813 722 principe
832 669 1157 718 daemoniorum,
1180 684 1198 707 ))
1219 672 1316 719 etc.,

287 744 421 784 Ninus
440 755 516 783 rex
534 738 810 795 Assyriorum
839 741 924 782 Beli
950 741 1080 794 patris
1113 741 1178 781 sui
1199 752 1317 781 mor-

284 815 348 855 tui
366 814 462 855 fecit
480 812 735 864 imaginem,
753 824 883 865 quam
908 815 1025 852 tanta
1046 811 1318 853 veneratione

285 885 525 935 honoravit,
545 887 592 924 ut
611 883 738 924 etiam
752 883 834 924 reis
850 883 900 923 ad
918 883 1054 935 ipsam
1070 882 1168 922 conf
1170 895 1191 922 u
1200 882 1319 932 gien-

285 956 398 997 tibus
418 957 630 1009 parceret;
652 956 823 1006 propter
843 953 954 1006 quod
974 953 1171 993 homines
1187 952 1319 1005 impe-

286 1027 355 1068 riti
375 1029 557 1067 statuam
589 1025 677 1065 Beli
708 1028 756 1065 111
776 1024 908 1064 Deum
928 1024 1063 1064 colere
1082 1025 1314 1075 coeperunt,

286 1100 327 1138 01
363 1100 522 1137 statuas
558 1094 853 1146 multiplicare.
905 1093 1096 1142 Quorum
1142 1093 1317 1144 quidam

284 1168 388 1208 illud
407 1167 569 1207 idolum
608 1164 815 1206 vocabant
851 1163 944 1213 Bel;
982 1163 1159 1215 quidam
1194 1163 1313 1213 Baal;

284 1238 456 1291 quidam
478 1235 659 1286 Baalim3
682 1234 854 1287 quidam
874 1232 1122 1274 Beelzebub.

338 1313 404 1352 16.
429 1307 590 1350 Deinde
609 1306 912 1349 interveniente
943 1308 1147 1357 tempore,
1169 1304 1212 1344 id
1240 1306 1316 1355 est,

285 1393 405 1422 mora
418 1379 653 1433 temporis:
684 1377 991 1420 convalescente
1028 1377 1183 1428 iniqua
1213 1384 1316 1416 con-

286 1452 524 1502 suetudine,
548 1462 644 1504 quae
663 1449 803 1502 potius
822 1447 1074 1500 extirpanda
1087 1448 1163 1496 est,
1187 1457 1316 1498 quam

284 1523 480 1573 tenenda,
505 1521 606 1575 quia
630 1520 887 1561 diuturnitas
914 1517 1116 1570 temporis
1143 1529 1229 1557 non
1250 1517 1317 1557 di-

284 1594 440 1635 minuit
470 1594 700 1646 peccatum‚
725 1591 795 1631 sed
815 1590 955 1643 potius
975 1590 1107 1640 auget
1129 1602 1138 1628 :
1162 1588 1231 1629 1110
1250 1598 1317 1629 er-

283 1675 368 1716 ror,
389 1663 543 1704 scilicet
556 1662 716 1704 colendi
736 1661 860 1711 idola,
885 1664 1088 1712 tanquam
1119 1659 1187 1700 leoe
1203 1690 1214 1709 ,
1235 1658 1314 1698 sub

283 1738 494 1790 praecepto
524 1734 694 1784 scilicet,
718 1732 955 1775 custoditus
989 1734 1063 1773 est.
1087 1735 1100 1756 ²
1130 1745 1149 1768 «
1179 1729 1316 1780 Leges

283 1807 539 1861 populorum
564 1816 688 1847 vanae
714 1806 824 1844 sunt.
842 1818 861 1841 ))
888 1801 992 1842 Item
1012 1805 1025 1827 ³
1047 1816 1056 1841 :
1083 1816 1103 1839 (‹
1121 1800 1219 1849 Vae,
1242 1799 1316 1852 qui

285 1878 472 1920 condunt
495 1877 612 1929 leges
649 1876 832 1928 iniquas.
871 1888 890 1912 »
933 1874 989 1916 Et
1028 1877 1316 1926 tyrannorum

283 1950 476 2002 imperio,
505 1948 548 1989 id
568 1949 652 1997 est,
679 1945 889 1986 malorum
919 1943 1178 1997 principum,
1207 1943 1315 1984 cole-

285 2021 385 2063 bant
405 2019 623 2072 fiqnzenca.
645 2016 763 2058 Unde
785 2015 1019 2056 Antiochus
1039 2013 1315 2066 compellebat

282 2091 450 2132 Judaeos
484 2090 537 2131 ad
566 2089 727 2130 cultum
761 2086 955 2139 gentium
967 2100 977 2135 ;
1015 2088 1056 2125 et
1085 2083 1311 2125 Nabucho—

283 2162 465 2203 donosor
497 2159 674 2212 cogebat
703 2160 885 2198 statuam
911 2168 1034 2196 suam
1055 2155 1245 2195 adorare.

337 2236 403 2273 17.
426 2232 481 2274 Et
501 2231 591 2281 hos,
613 2240 716 2283 quos
736 2230 784 2271 tn
800 2228 944 2280 palam
966 2227 1153 2268 homines
1185 2226 1313 2267 hono-

282 2313 378 2345 rare
398 2313 484 2345 non
500 2304 720 2355 poterant,
744 2299 783 2340 id
804 2300 885 2348 est,
908 2297 953 2337 in
985 2295 1209 2350 praesentia
1241 2307 1313 2335 eo-

281 2386 380 2416 rum
393 2388 402 2424 ;
417 2376 589 2426 propter
607 2372 694 2421 1100,
718 2369 874 2410 50111001
894 2367 1008 2421 quocl
1028 2368 1144 2419 longye
1165 2369 1311 2417 essent,

281 2457 300 2488 e
341 2445 595 2498 lonqinquo,
633 2442 788 2482 scilicet
831 2440 945 2490 loco,
990 2441 1132 2492 fiqura
1172 2449 1314 2480 eorum

281 2517 429 2566 allata,
452 2516 607 2556 scilicet
627 2515 672 2553 in
691 2513 877 2565 pictura,
900 2510 1134 2552 evidentem
1154 2510 1314 2561 11111191·-

280 2599 389 2636 nem,
411 2587 568 2627 scilicet
585 2584 792 2637 sculptam
806 2582 1043 2631 imaginem
1060 2581 1166 2632 dice,
1186 2582 1311 2631 regns,

282 2669 406 2711 quem
437 2658 641 2698 honorare
675 2653 890 2700 volebant,
912 2653 1118 2703 fecerunt,
1159 2650 1314 2691 scilicet

281 2729 515 2769 tribuentes
551 2725 745 2766 divinum
797 2723 1004 2763 honorem
1049 2720 1311 2761 hominibus

284 2798 455 2841 Cicero*
476 2813 485 2838 ε
510 2795 740 2848 «Suscepit
777 2795 920 2834 autern
962 2792 1050 2833 vita
1087 2792 1313 2831 hominum

283 2868 624 2920 consuetudoque
648 2865 886 2907 communis
899 2896 911 2914 ,
934 2866 982 2904 ut
999 2862 1214 2903 beneficiis
1233 2874 1313 2902 ex-

284 2942 478 2983 cellentes
508 2939 623 2980 viros
661 2937 706 2977 in
732 2935 885 2977 coelum
905 2934 1115 2974 tollerent.
1137 2947 1156 2971 ›>
1190 2933 1238 2975 Ut
1257 2933 1312 2974 ἱζ-

283 3013 386 3062 lum,
408 3011 562 3051 scilicet
581 3019 748 3060 regem,
774 3006 850 3059 qui
878 3005 1035 3053 aberat,
1066 3003 1108 3044 id
1140 3006 1216 3050 est,
1239 3003 1313 3043 ab·

284 3095 380 3125 sens
399 3085 501 3132 erat,
519 3084 661 3120 tamen
672 3079 836 3126 vivens,
853 3080 1056 3127 tanquam
1068 3077 1314 3126 prcesenlem

283 3154 463 3196 colerent
493 3162 574 3192 sua
603 3147 905 3191 sollicitudine.
930 3145 1075 3185 Glossa
1098 3155 1108 3183 z
1139 3159 1157 3182 «
1181 3144 1314 3197 Prop-

282 3228 346 3266 ter
370 3224 593 3264 hominurn
626 3219 845 3259 stultitiam
876 3219 916 3257 et
949 3214 1216 3268 pravitatem,
1240 3215 1314 3266 qui

283 3297 497 3348 agrestem
514 3292 646 3334 vitam
666 3289 756 3329 sine
788 3288 875 3328 ullo
908 3288 1069 3326 rectore
1096 3284 1311 3336 vivebant,

325 3402 336 3423 ¹
358 3402 448 3441 Luc„
468 3406 525 3437 XI,
549 3399 598 3430 15.
625 3414 666 3420 -
690 3396 700 3413 ²
722 3394 827 3428 Hier..
848 3402 883 3428 x.
906 3394 934 3422 3.
959 3408 999 3416 -—
1026 3389 1039 3411 ³
1061 3390 1139 3429 lm„
1159 3398 1200 3430 x,
1226 3392 1254 3421 1,
1274 3406 1314 3415 ..-

285 3449 298 3471 ¹⁹
318 3449 400 3488 Cic„
422 3447 460 3478 rJe
479 3447 557 3480 Nat.
582 3445 694 3482 Demu,
713 3441 769 3473 lib.
788 3443 811 3472 1.
825 3457 867 3464 --
886 3441 899 3461 ’ὁ
919 3439 1024 3473 Hier„
1046 3446 1079 3476 x,
1100 3438 1186 3467 l1.—
1207 3442 1217 3453 ⁵>
1235 3438 1312 3471 lna„

896 160 1170 202 EXPOSITIO
1201 159 1252 200 IN
1284 158 1482 201 LIBRUM
1511 161 1819 203 SAPIENTIAE.

1392 248 1534 300 ipsum
1556 262 1706 301 regem
1725 251 2118 302 totamquegentem
2140 252 2421 292 summislau-

1391 318 1515 359 dibus
1534 320 1790 369 extulerunt,
1817 319 1875 359 ita
1893 322 1942 359 ut
1961 321 2085 360 etiam
2105 321 2204 362 deos
2230 321 2418 374 appella-

1391 391 1499 438 rent,
1521 389 1590 429 vel
1610 401 1685 441 pro
1706 389 1865 439 insigni
1886 389 2064 440 virtute,
2088 391 2156 431 vel
2189 403 2266 444 pro
2292 392 2421 432 bene-

1391 459 1518 509 ficiis,
1542 459 1609 499 vel
1642 472 1717 511 pro
1753 459 2004 500 adulatione.
2028 475 2046 498 ))
2077 463 2180 512 Hos,
2200 472 2318 514 quos,
2341 464 2418 503 010.

1391 528 1547 569 Littera
1569 530 1625 569 510
1652 533 1712 570 051
1743 531 2021 571 construenda
2048 545 2057 571 ε
2081 531 2283 571 Homines
2313 532 2419 572 fece-

1391 602 1493 639 runt
1510 601 1744 642 evidentem
1768 601 2026 653 imaginem,
2053 614 2182 654 quam
2213 603 2423 643 honorare

1391 670 1602 721 volebant,
1638 672 1762 712 allata
1793 672 1842 712 de
1880 672 2116 725 longinquo
2157 672 2298 724 figura
2333 672 2423 713 1110-

1392 753 1503 782 rum.
1528 742 1581 784 Et
1599 742 1689 791 1103,
1712 753 1814 795 quos
1835 744 1884 784 in
1902 742 2070 794 palam,
2092 743 2135 784 id
2153 746 2214 783 est
2235 755 2421 796 praesen-

1392 812 1562 862 naliter,
1585 813 1791 855 honorare
1811 824 1895 855 non
1918 817 2129 865 poterant,
2147 817 2317 866 propter
2330 813 2420 864 1100,

1391 884 1539 936 supple
1560 884 1671 936 quod
1693 884 1811 937 lonqe
1837 887 1985 934 essent,
2007 884 2207 936 fecerunt,
2229 884 2420 937 inquam,

1391 959 1438 996 ut
1457 954 1578 996 illum
1597 957 1674 1007 qut
1693 955 1852 1005 aberat,
1872 958 1949 995 etc.

1446 1029 1510 1065 18.
1534 1026 1738 1067 Proveoez't
1753 1029 1893 1066 autem
1913 1024 1971 1066 ad
1989 1025 2154 1075 horum,
2172 1024 2325 1065 scilicet
2338 1025 2424 1066 ido·

1390 1096 1548 1145 lorum,
1570 1096 1783 1137 culturam
1811 1100 1866 1145 et,
1904 1096 1946 1135 id
1984 1098 2047 1135 est
2084 1096 2226 1146 etiam,
2251 1096 2324 1137 hos
2347 1097 2424 1149 qui

1391 1165 1661 1219 igynorabant,
1684 1166 1727 1207 id
1744 1168 1805 1206 est
1823 1166 2071 1217 ignorantes
2097 1168 2137 1206 et
2156 1166 2305 1216 rudes,
2328 1167 2422 1210 0τὶ-

1391 1235 1504 1284 nzz‘a,
1528 1234 1571 1274 id
1606 1236 1669 1274 est
1702 1234 1912 1284 maxima,
1952 1233 2139 1285 artificis
2171 1233 2425 1286 (tumentia,-

1392 1305 1577 1355 artificis,
1601 1305 1801 1357 inquam,
1824 1304 2048 1356 diligenter
2077 1306 2120 1344 et
2150 1304 2313 1345 curiose
2333 1305 2421 1346 ido-

1391 1375 1481 1415 lum
1500 1375 1757 1424 fabricantis,
1781 1377 1821 1415 et
1842 1374 1945 1414 illud
1978 1373 2235 1425 decorantis,
2269 1386 2423 1415 secun-

1392 1444 1495 1485 dum
1526 1443 1631 1484 illud
1669 1444 1898 1486 Hieremia?
1919 1448 1932 1469 ⁵
1956 1458 1965 1485 :
1998 1458 2017 1482 α
2035 1443 2226 1495 Argento
2249 1446 2290 1484 et
2318 1455 2423 1485 auro

1391 1514 1605 1555 decoravit
1624 1514 1777 1555 illud.»
1804 1514 1908 1554 Item
1932 1514 1944 1536 ⁶
1965 1528 1975 1555 z
2005 1529 2023 1552 (1
2045 1512 2159 1554 Fecit
2187 1513 2424 1566 imaginem

1392 1585 1489 1634 viri,
1512 1585 1633 1638 quasi
1653 1586 1893 1639 speciosum
1920 1585 2140 1626 hominem
2161 1585 2424 1627 habitantem

1391 1655 1436 1695 in
1456 1655 1595 1695 domo.
1617 1670 1636 1693 1)

1446 1729 1606 1771 19.1lle
1627 1730 1740 1771 enim
1763 1729 1839 1781 (a),
1874 1728 2047 1781 artifex,
2083 1729 2226 1772 volens
2259 1729 2423 1782 placere

1391 1801 1459 1843 ult
1479 1802 1553 1853 qut
1572 1811 1614 1842 se
1638 1802 1897 1853 assumpsit,
1917 1800 1960 1841 id
1979 1804 2041 1842 est
2061 1801 2285 1852 conduxit,
2309 1801 2421 1842 50111-

1391 1874 1454 1912 001
1471 1872 1522 1912 ad
1540 1872 1778 1912 faciendum
1800 1871 1961 1912 idolum
1983 1886 1992 1912 ε
2016 1870 2108 1912 haec
2128 1875 2190 1912 est
2216 1871 2328 1912 mala
2342 1871 2424 1925 pla-

1391 1943 1540 1993 centia,
1564 1943 1614 1983 de
1635 1942 1779 1995 quain
1797 1943 1965 1985 Psalmo
1988 1947 2001 1969 ⁷
2027 1957 2035 1984 :
2062 1959 2082 1982 (1
2102 1942 2213 1984 Deus
2243 1943 2422 1996 dissipa-

1391 2013 1452 2054 vit
1480 2025 1574 2053 ossa
1606 2025 1782 2062 eorum,
1821 2013 1894 2065 qui
1926 2013 2175 2053 hominibus
2201 2014 2380 2066 placent.
2399 2028 2418 2053 n

1391 2082 1526 2124 Item⁸
1552 2097 1560 2123 ;
1587 2098 1605 2121 (1
1636 2082 1681 2124 Si
1718 2083 1964 2123 hominibus
1998 2083 2230 2136 placerem,
2271 2083 2424 2125 Christi

1391 2166 1542 2195 servus
1581 2165 1665 2193 non
1695 2165 1844 2194 essem.
1879 2168 1898 2191 ›)
1924 2153 2170 2196 Elaboravit
2206 2158 2296 2197 arte
2326 2165 2421 2205 sua,

1390 2229 1438 2266 ut
1453 2224 1786 2266 similitudinem
1801 2255 1812 2275 ,
1836 2224 1878 2265 id
1908 2228 1969 2265 est
1989 2225 2246 2276 imaginem,
2269 2225 2317 2266 tn
2336 2235 2421 2266 me-

1389 2295 1475 2337 llus
1496 2296 1717 2348 fiquraret,
1735 2295 1777 2335 id
1797 2298 1873 2345 est,
1896 2295 2061 2335 meliori
2082 2295 2207 2335 modo
2228 2307 2312 2347 quo
2333 2306 2424 2347 pos-

1389 2369 1451 2406 set
1468 2367 1481 2387 9
1507 2380 1515 2405 z
1545 2381 1563 2404 (1
1580 2365 1715 2406 Faber
1733 2366 1936 2406 serrarius
1964 2365 2067 2406 lima
2091 2367 2287 2418 operatus
2302 2367 2378 2405 est.
2398 2379 2417 2402 n

1390 2437 1562 2477 Baruoh
1598 2437 1625 2461 ¹0
1655 2449 1665 2476 ι
1704 2452 1723 2474 «
1752 2436 1868 2477 Sicut
1902 2436 2062 2488 virgini
2096 2435 2256 2476 amanti
2295 2447 2423 2476 orna-

1390 2510 1557 2557 menta,
1592 2506 1651 2547 ita
1689 2508 1856 2559 accepto
1889 2518 1994 2547 auro
2033 2505 2223 2545 fabricati
2261 2507 2417 2546 sunt.»

1444 2580 1511 2617 ΞΟ.
1531 2577 1764 2619 Multitudo
1803 2580 1944 2619 autem
1989 2577 2234 2628 hominum,
2268 2576 2423 2617 scilicet

1391 2648 1621 2688 stultorum
1644 2649 1671 2673 ¹¹
1692 2662 1700 2688 :
1729 2663 1748 2686 «
1771 2647 2009 2689 Stultorum
2029 2648 2224 2688 infinitus
2244 2651 2308 2689 est
2338 2661 2424 2689 nu-

1391 2731 1554 2770 merus3
1578 2734 1596 2756 ))
1629 2719 1839 2769 abducta,
1863 2719 2018 2759 scilicet
2058 2731 2082 2758 a
2114 2718 2314 2769 veritate,
2348 2729 2426 2771 per

1389 2791 1570 2842 speciem
1604 2791 1767 2842 operis,
1789 2789 1828 2829 id
1861 2791 1947 2840 est,
1982 2788 2343 2842 pulchritudinem
2364 2790 2389 2811 ¹²
2413 2804 2422 2830 :

1397 2875 1416 2900 (1
1437 2860 1582 2901 Fallax
1605 2860 1764 2912 gratia,
1792 2862 1832 2900 et
1852 2872 1962 2900 vana
1995 2862 2057 2900 est
2089 2859 2380 2912 pulchritudo;
2399 2874 2419 2899 1)

1391 2933 1421 2956 ¹³
1444 2946 1462 2970 (1
1484 2931 1651 2984 Species
1673 2930 1834 2983 decepit
1850 2934 1913 2980 te;
1937 2944 1955 2968 n
1984 2941 2077 2972 eum
2097 2931 2174 2983 qui
2194 2934 2291 2972 ante
2323 2934 2423 2972 tem-

1389 3013 1484 3054 pus,
1508 3001 1655 3054 supple
1676 3000 1904 3052 modicum,
1928 3005 2136 3053 tanquam
2155 3001 2276 3043 homo
2294 3001 2421 3043 hono-

1390 3076 1511 3115 ratus
1529 3073 1693 3124 fuerat,
1733 3073 1888 3113 scilicet
1924 3073 2086 3113 honore
2124 3073 2250 3113 duliae
2264 3087 2274 3123 ;
2310 3083 2423 3114 nunc

1391 3144 1525 3185 Deum
1560 3145 1909 3195 (estimaverunt,
1943 3144 2199 3185 honorantes
2226 3157 2326 3185 eum
2344 3145 2423 3185 ho-

1390 3227 1493 3256 nore
1513 3215 1662 3255 latriae.

1390 3299 1486 3331 κων,
1507 3293 1557 3323 13.
1578 3309 1618 3314 -
1640 3292 1653 3313 ⁷
1676 3291 1767 3322 Psal.
1795 3299 1854 3330 Lu,
1880 3293 1910 3322 6.
1929 3309 1968 3314 -
1985 3291 1998 3313 ⁸
2020 3291 2111 3332 Gal„
2133 3294 2228 3333 1,10.
2248 3309 2288 3317 —
2308 3294 2320 3313 ⁹
2342 3293 2421 3333 isa„

1390 3346 1483 3377 XMV,
1515 3340 1566 3369 12.
1590 3355 1630 3361 -
1655 3338 1666 3356 ⁰
1692 3340 1829 3376 Barac„
1854 3346 1908 3375 vi,
1930 3341 1961 3370 8.
1988 3355 2024 3361 ——
2053 3340 2074 3361 ¹¹
2102 3339 2225 3380 Eccle.,
2254 3346 2282 3380 1,
2311 3341 2360 3371 15.
2380 3356 2421 3363 —

1394 3386 1418 3406 ¹2
1435 3386 1548 3423 Prov„
1569 3392 1668 3424 xxxi,
1686 3387 1790 3418 30.—
1810 3385 1835 3408 ¹³
1853 3386 1956 3426 Dan„
1974 3394 2053 3426 xm,
2073 3388 2124 3420 56.

1435 3439 1476 3480 (a)
1501 3440 1583 3470 Caet.
1605 3439 1684 3471 edit.
1706 3441 1830 3471 aulem.
