2634 3853
352 289 430 330 388

350 378 401 419 de
422 377 591 430 justo¹z
622 390 640 413 «
660 373 809 425 Figam
834 371 955 412 illum
988 369 1195 422 paxillum
1219 369 1263 408 in
1284 368 1374 409 loco

350 449 479 490 fideli.
505 462 523 484 ›)
549 447 648 487 llaec
680 443 849 497 quidem
881 441 983 481 fixio
1014 443 1075 480 est
1099 453 1174 493 per
1200 439 1378 480 charita-

350 524 435 561 tem
468 523 482 543 ²
512 534 519 558 :
556 534 573 555 «
614 517 713 564 Quis
750 525 826 554 nos
866 512 1075 565 separabit
1113 524 1137 551 a
1175 511 1378 551 charitate

351 590 527 630 Christi?
556 586 791 627 tribulatio?
823 596 878 623 an
897 583 1126 634 augustia?
1147 594 1201 622 an
1220 583 1377 622 sames?

349 674 402 701 an
422 659 619 700 nuditas?
649 669 702 696 an
729 654 1000 708 periculum?
1031 666 1084 693 an
1114 652 1376 706 persecutio?

349 743 403 771 an
426 729 621 781 gladius?
637 725 769 766 »Vere
788 725 923 777 igitur
945 724 1196 765 obedientiae
1218 724 1379 763 fructus

349 805 409 842 est
424 799 598 840 victoria
614 797 852 838 tentationis
869 796 1090 836 exterioris
1108 798 1149 836 et
1168 794 1378 835 interioris

349 885 422 925 per
442 872 643 912 virtutem
665 869 823 909 stabilis
843 868 1123 908 fundamenti.

400 948 466 985 49.
485 944 571 996 Qut·
591 946 733 984 crinem
752 940 893 991 auda,
908 944 945 982 et.
957 950 1041 981 non
1057 938 1179 990 facit,
1202 939 1279 977 etc.
1302 936 1381 977 Hic

348 1019 441 1069 post
464 1013 872 1055 commendationem
893 1022 992 1052 vere
1012 1007 1261 1058 obedientiS,
1284 1006 1380 1047 sub-

342 1087 490 1140 jungit
511 1085 773 1138 vituperium
800 1082 1085 1134 negligentis,
1116 1078 1380 1132 praemittens

346 1158 610 1209 negligentis
638 1156 817 1204 vitium⁷
854 1153 1013 1193 addens
1046 1151 1310 1204 periculum,
1339 1151 1380 1189 et

346 1229 612 1282 negligentis
623 1225 922 1280 praecipitium.
938 1222 1164 1264 Praemittit
1184 1232 1288 1273 ergo
1310 1232 1381 1260 ne-

347 1299 549 1352 gligentis
579 1298 756 1347 vitium,
790 1307 888 1336 cum
919 1293 1091 1334 subdit:
1128 1292 1208 1338 Qut·
1239 1293 1380 1332 autem

345 1371 492 1427 audit,
516 1373 555 1412 et
581 1379 666 1411 non
693 1367 801 1419 facit
818 1398 828 1417 ,
853 1365 958 1406 sicut
979 1363 1154 1404 Balaam
1171 1365 1210 1404 ³:
1231 1361 1382 1402 «Dixit

345 1443 513 1484 auditor
533 1451 781 1482 sermonum
803 1436 889 1487 Dei,
911 1435 984 1489 qui
1005 1434 1123 1475 novit
1143 1432 1379 1474 doctrinam

345 1513 565 1554 Altissimi.
597 1526 615 1549 ›)
657 1510 734 1551 Hic
768 1505 1112 1561 reprehensibilis
1145 1506 1229 1554 est3
1266 1503 1381 1556 quod

345 1585 527 1626 ostendit
545 1595 619 1636 per
640 1581 792 1629 simile,
816 1591 914 1619 cum
935 1576 1075 1618 subdit
1095 1590 1103 1615 :
1131 1575 1295 1617 Similis
1322 1577 1381 1615 est

345 1656 510 1699 homini
529 1653 772 1704 (eclz'ficantz'
798 1650 969 1692 domum
996 1658 1119 1689 suam
1138 1656 1272 1698 supra
1293 1648 1377 1687 ter-

346 1740 440 1769 ram
462 1728 554 1769 sine
576 1724 867 1777 fundamento.
891 1720 1065 1761 Terram
1085 1721 1208 1758 vocat
1236 1717 1379 1757 locum

342 1800 671 1846 inconstantem,
695 1798 735 1836 et
759 1793 877 1835 facile
896 1790 1120 1840 mobilem,
1144 1788 1379 1829 secundum

342 1871 445 1912 illud
466 1870 502 1911 '⁴1
534 1885 552 1908 (ι
576 1868 669 1910 Non
698 1867 758 1907 sic
782 1864 923 1917 impii,
954 1874 1043 1903 non
1069 1861 1154 1912 sic;
1184 1859 1255 1900 sed
1282 1862 1376 1900 tan-

342 1956 470 1996 quam
504 1941 669 1996 pulvis,
701 1950 831 1992 quem
859 1934 1025 1989 projicit
1049 1935 1204 1975 ventus
1231 1943 1255 1971 a
1273 1930 1378 1971 facie

342 2018 482 2055 terrae.
516 2028 533 2051 n
574 2013 716 2054 Isaias
736 2010 749 2031 5
771 2021 785 2050 .·
821 2023 841 2047 α
873 2005 1161 2048 Confractione
1192 2002 1378 2042 confrin-

345 2088 471 2137 getur
507 2087 639 2131 terra,
679 2079 930 2122 contritione
965 2076 1206 2117 conteretur
1239 2075 1375 2122 terra,

343 2155 627 2196 commotione
672 2148 1011 2193 commovebitur
1054 2149 1193 2194 terra,
1237 2143 1375 2194 agita-

342 2228 454 2267 tione
477 2225 711 2278 agitabitur
736 2226 850 2262 terra
871 2219 979 2259 sicut
1007 2217 1168 2267 ebrius,
1198 2217 1239 2255 et
1259 2215 1377 2255 aufe-

341 2301 461 2338 retur
491 2296 611 2350 quasi
647 2291 970 2334 tabernaculum
1007 2287 1137 2328 unius
1167 2286 1317 2326 noctis.
1351 2299 1371 2323 »

341 2369 415 2410 Job
431 2369 465 2408 ⁶:
488 2368 684 2417 «Quanto
702 2362 843 2415 magis
857 2361 903 2402 hi
923 2359 998 2413 qui
1017 2357 1210 2398 habitant
1229 2357 1376 2397 domos

340 2440 488 2490 luteas,
514 2439 588 2492 qui
607 2440 827 2478 terrenum
846 2432 1006 2473 habent
1028 2429 1374 2478 fundamentum,

347 2512 660 2552 consumuntur
676 2509 728 2559 (α)
750 2505 869 2547 velut
888 2517 912 2544 a
932 2502 1073 2543 tinea?
1087 2514 1105 2539 ›>
1128 2499 1180 2540 Et
1199 2498 1280 2540 hoc
1296 2502 1372 2551 est,

340 2583 441 2636 quia
468 2594 555 2622 non
586 2582 684 2621 sunt
708 2578 753 2618 in
780 2575 983 2617 charitate
1009 2571 1204 2621 radicati,
1233 2571 1305 2611 sed
1333 2571 1377 2611 in

340 2660 509 2695 terrena
531 2650 771 2704 cupiditate.
794 2651 807 2673 ⁷
838 2661 857 2684 α
875 2643 1137 2686 Adulterinae
1156 2641 1377 2695 plantatIO-

340 2737 415 2765 nes
436 2724 484 2777 (b)
510 2735 595 2763 non
615 2721 776 2762 dabunt
796 2717 956 2759 radices
976 2715 1095 2756 altas.
1119 2730 1137 2751 »

395 2793 604 2847 Adiungit
617 2790 873 2843 negligentis
888 2786 1125 2840 periculum
1138 2786 1182 2826 in
1197 2785 1376 2827 illisione

341 2866 591 2914 fluminum,
619 2875 717 2904 cum
744 2859 968 2913 adiungit:
998 2860 1051 2899 In
1080 2869 1208 2911 quam
1233 2858 1375 2899 illisus

343 2942 403 2980 est
423 2937 601 2989 fluvius,
619 2935 660 2976 id
675 2937 752 2984 est⁷
768 2932 942 2974 tentatio
961 2929 1199 2983 impellens,
1218 2941 1271 2970 ex
1290 2940 1376 2981 qua

341 3008 535 3048 imminet
551 3005 789 3059 periculum
806 3003 959 3044 ruinae.
976 3003 989 3025 ⁸
1007 3016 1025 3039 «
1046 3000 1116 3041 Dic
1138 3001 1190 3041 ad
1210 3011 1282 3041 eos
1301 2998 1377 3052 qui

341 3079 499 3119 liniunt
513 3077 714 3129 parietem
729 3075 886 3127 absque
902 3074 1251 3125 temperamento,
1263 3070 1376 3123 quod

342 3161 516 3192 casurus
541 3150 607 3188 sit.
642 3148 731 3189 Erit
759 3147 873 3187 enim
908 3145 1043 3185 imber
1075 3143 1308 3193 inundans,
1337 3144 1378 3183 et

341 3223 449 3264 dabo
469 3220 629 3273 lapides
648 3217 925 3271 praegrandes
945 3216 1124 3267 desuper
1144 3215 1373 3264 irruentes,

341 3297 382 3334 et
395 3294 573 3333 ventum
592 3290 786 3343 procellae
807 3289 1098 3341 dissipantem.
1115 3286 1206 3327 »De
1223 3286 1376 3326 talibus

340 3366 483 3408 Isaias
499 3364 512 3385 ⁹
528 3378 535 3403 :
552 3378 571 3401 α
590 3362 826 3414 Flagellum
847 3360 1059 3401 inundans
1079 3371 1178 3400 cum
1195 3359 1372 3399 transie-

383 3450 394 3470 1
419 3450 498 3484 Jsa„
529 3453 623 3486 XXII,
647 3446 699 3476 23.
722 3461 763 3468 —-
792 3445 803 3462 ²
829 3444 934 3482 Rom„
962 3450 1048 3482 vm,
1079 3443 1131 3473 35.
1158 3459 1197 3464 —
1225 3441 1238 3463 ⁸
1258 3442 1374 3480 Num„

343 3504 439 3537 xxw,
459 3497 489 3527 4.
509 3511 551 3517 —-
570 3493 584 3514 ⁶
602 3491 697 3525 Psal.
718 3499 748 3533 1,
773 3493 803 3523 4.
822 3507 862 3513 —
883 3490 896 3511 ⁸⁵
917 3490 996 3527 Isa.‚
1017 3496 1112 3527 xxiv,
1134 3491 1183 3521 19.
1203 3506 1244 3512 —
1266 3491 1277 3508 ⁶
1301 3489 1376 3527 Job,

343 3552 390 3584 w,
410 3546 461 3575 19.
483 3558 522 3565 —
543 3541 553 3560 ⁷
577 3541 734 3581 Sap.,1v‚
760 3539 792 3570 3.
815 3555 855 3561 -
881 3537 895 3559 ⁸
920 3535 1051 3575 Ezech„
1073 3544 1157 3577 xm,
1185 3539 1240 3576 11,
1263 3538 1314 3568 12.
1334 3553 1375 3559 —-

340 3594 354 3615 ⁹
371 3594 451 3630 ssa„
472 3596 597 3628 xxviii,
619 3591 670 3630 18,
698 3589 748 3621 19.
773 3605 809 3611 -
833 3587 860 3611 10
882 3585 959 3626 lus„
983 3592 1063 3625 viii,
1086 3585 1135 3616 13.
1156 3602 1197 3608 —
1214 3585 1238 3606 11
1261 3584 1378 3626 Zacli„

1077 279 1359 322 EVANGELII
1391 278 1577 321 SANCTI
1608 278 1759 320 LUCAE

1450 368 1527 417 rit,
1562 368 1678 408 eritis
1718 367 1756 408 ei
1787 367 1832 406 in
1866 366 2235 407 conculcationem.
2278 364 2478 414 Quando-

1451 451 1632 491 cumque
1658 436 1970 491 pcrtransierit‚
2000 436 2116 477 tollet
2143 449 2234 478 vos.
2262 451 2281 473 ))
2308 436 2339 476 Ii
2365 436 2479 477 enim

1452 513 1572 559 sunt,
1595 510 1645 550 de
1665 509 1820 562 quibus
1847 507 1999 548 dicitur
2018 508 2047 531 ¹0
2071 521 2079 547 :
2108 522 2126 545 «
2147 506 2197 546 Hi
2216 508 2375 548 radices
2395 519 2479 547 non

1451 582 1623 632 habent,
1655 582 1753 633 quia
1781 581 1828 632 (c)
1859 580 1911 620 ad
1942 582 2112 631 tempus
2144 579 2334 628 credunt,
2368 583 2408 620 et
2436 580 2479 619 in

1452 654 1640 704 tempore
1659 650 1903 692 tentationis
1921 650 2136 690 recedunt.
2157 663 2176 686 »

1508 722 1743 775 SubJ'ungit
1765 725 1977 776 postremo
2004 721 2262 773 negligentis
2288 722 2479 775 praecipi-

1452 793 1576 844 tium,
1596 806 1693 834 cum
1714 794 1796 834 ait:
1821 794 1876 835 Ec
1897 793 2100 835 continuo
2119 791 2287 842 cecidit,
2309 796 2347 834 et
2364 793 2483 843 facta

1453 868 1514 907 est
1533 867 1664 907 ruina
1684 865 1833 908 domus
1854 865 1972 906 illius
1993 865 2195 917 maqnafl
2215 878 2233 902 «
2254 862 2342 904 Erit
2360 864 2485 904 ruina

1454 936 1566 989 equi,
1584 939 1624 976 et
1644 936 1767 985 muli,
1785 939 1826 976 et
1846 935 2010 985 cameli,
2033 937 2074 975 et
2091 934 2212 984 asini,
2233 936 2274 974 et
2293 934 2485 974 omnium

1450 1008 1767 1059 jumentorum,
1802 1021 1821 1044 ))
1851 1007 1893 1046 id
1922 1009 2005 1056 est,
2035 1005 2229 1046 omnium
2260 1004 2484 1045 hominum

1454 1078 1705 1118 animalium
1720 1109 1729 1126 ‚
1753 1080 1793 1118 et
1812 1077 2152 1129 negligentium,
2176 1079 2216 1116 et
2236 1076 2480 1128 impiorum.

1454 1150 1483 1173 ¹2
1503 1148 1639 1189 «Dicit
1655 1149 1863 1189 Dominus
1880 1163 1888 1188 :
1907 1148 2187 1199 Congregans
2210 1147 2427 1188 hominem
2446 1150 2486 1187 et

1454 1232 1607 1272 pecus,
1638 1232 1909 1272 congregans
1937 1219 2126 1261 volatilia
2157 1218 2251 1260 coeli
2283 1221 2324 1258 et
2352 1218 2487 1271 pisces

1455 1292 1610 1332 maris:
1633 1294 1673 1332 et
1692 1291 1830 1331 ruinae
1849 1291 2079 1344 impiorum
2100 1292 2245 1331 erunt:
2271 1291 2312 1330 et
2331 1289 2489 1342 disper-

1454 1363 1552 1403 dam
1578 1363 1772 1404 homines
1800 1376 1824 1403 a
1847 1363 1951 1403 facie
1972 1365 2114 1403 terrae.
2145 1376 2164 1400 ))
2199 1359 2284 1402 Nec
2305 1360 2485 1410 mirum,

1455 1435 1555 1486 quia
1574 1435 1627 1475 l³:
1654 1433 1767 1475 «Via
1786 1434 2017 1486 impiorum
2037 1433 2270 1483 tenebrosa,
2295 1431 2488 1472 nesciunt

1454 1505 1528 1545 ubi
1555 1507 1770 1546 corruant.
1801 1520 1819 1543 »
1846 1505 1910 1546 Ex
1932 1505 2120 1558 periculo
2148 1504 2285 1556 igitur
2313 1507 2353 1544 et
2371 1503 2484 1545 vitu—

1453 1576 1671 1629 peratione
1692 1576 2033 1628 negligentium,
2056 1578 2097 1616 et
2124 1574 2487 1616 commendatione

1454 1647 1757 1696 obedientium⁷
1776 1647 2034 1687 sufficienter
2056 1646 2249 1686 innuitur
2269 1645 2488 1696 diligentia

1455 1718 1737 1769 agendorum,
1757 1719 1798 1757 et
1817 1717 1862 1757 in
1880 1717 1962 1758 hoc
1979 1716 2233 1757 documenta
2253 1715 2397 1757 divina
2417 1714 2489 1755 ha-

1454 1787 1554 1829 bent
1570 1788 1818 1829 terminum.

1787 1947 2003 1992 CAPUT
2042 1947 2152 1993 VII.

1482 2077 1500 2113 1
1512 2073 1630 2116 .Gum
1643 2076 1782 2116 autem
1793 2073 2160 2126 implessetomm'a
2168 2073 2294 2116 verba
2301 2084 2396 2125 sua,
2408 2075 2484 2114 etc.

1453 2144 1682 2197 Postquam
1712 2149 1961 2197 prosecutus
1999 2148 2061 2185 est
2099 2145 2300 2186 doctrinae
2338 2144 2490 2186 Christi

1452 2216 1673 2257 veritatem
1689 2248 1699 2266 ‚
1735 2215 1804 2256 hic
1827 2216 1879 2256 ad
1915 2216 2050 2269 ipsius
2077 2217 2488 2257 commendationem

1453 2288 1690 2328 manifestat
1710 2287 1893 2328 doctoris
1913 2288 2217 2328 sublimitatem
2230 2319 2243 2338 ,
2265 2300 2395 2340 quam
2416 2299 2488 2328 os-

1452 2359 1587 2399 tendit
1612 2370 1703 2399 esse
1726 2358 1989 2410 praecipuam
2008 2360 2179 2411 propter
2199 2358 2279 2398 tria
2301 2372 2309 2398 :
2332 2358 2487 2399 scilicet

1453 2434 1624 2485 propter
1652 2430 1944 2471 excellentiam
1976 2429 2194 2482 potestatis
2204 2444 2214 2478 3
2248 2433 2288 2470 et
2319 2431 2490 2482 propter

1452 2502 1710 2544 evidentiam
1727 2501 1930 2552 veritatis,
1948 2501 2006 2540 ibi
2029 2500 2092 2552 (v.
2112 2501 2173 2553 17)
2190 2514 2198 2541 :
2220 2502 2274 2543 Ετ
2294 2501 2404 2542 eoez'z't
2423 2501 2489 2542 hic

1452 2585 1601 2625 sermo,
1617 2578 1695 2615 etc.
1704 2589 1714 2624 ;
1728 2576 1767 2614 et
1779 2576 1950 2626 propter
1965 2573 2226 2613 affluentiam
2241 2572 2421 2625 pietatis,
2433 2571 2491 2612 ibi

1456 2647 1523 2701 (v.
1548 2647 1649 2700 36):
1682 2645 1872 2699 Roqabat
1903 2647 2047 2687 autem
2078 2643 2202 2686 illum
2227 2642 2406 2696 quidam
2437 2642 2488 2684 de

1454 2719 1702 2769 Pltarz'soez's,
1716 2719 1794 2758 etc.
1811 2715 2066 2758 Excellentia
2077 2714 2314 2760 ostenditur
2332 2714 2378 2754 in
2389 2726 2489 2767 ope-

1453 2791 1586 2831 rando
1608 2802 1768 2841 magna
1788 2788 2015 2837 miracula;
2038 2787 2252 2828 evidentia
2275 2786 2486 2834 veritatis,

1452 2862 1496 2902 in
1528 2861 1804 2915 approbando
1834 2871 1937 2901 vera
1971 2857 2234 2907 testimonia;
2270 2855 2489 2897 affluentia

1452 2932 1635 2985 pietatis,
1651 2933 1696 2972 in
1710 2930 1986 2973 condonando
2001 2931 2182 2983 peccata.
2201 2927 2417 2977 Quantum
2435 2927 2488 2967 ad

1453 3003 1643 3055 primum
1662 3035 1672 3054 ,
1710 3001 2039 3053 intelligendum
2075 2999 2184 3052 quod
2214 2998 2353 3051 prima
2389 3009 2488 3050 pars

1453 3074 1581 3114 habet
1610 3073 1715 3114 duas
1734 3074 1874 3126 partes
1896 3071 2130 3112 secundum
2151 3070 2236 3110 duo
2259 3069 2487 3118 miracula,

1454 3158 1639 3199 quorum
1654 3145 1842 3198 primum
1865 3145 1927 3183 est
1945 3141 2106 3182 curatio
2128 3140 2248 3193 pueri
2268 3140 2487 3190 morituri;

1454 3216 1689 3257 secundum
1725 3218 1786 3255 est
1814 3212 2075 3254 resuscitatio
2103 3211 2374 3252 adolescentis
2395 3213 2489 3263 ,iam

1454 3287 1627 3338 mortui,
1649 3298 1746 3339 quae
1760 3280 1824 3325 vibi
1843 3282 2093 3324 describitur
2116 3282 2177 3334 (v.
2199 3281 2268 3334 11)
2290 3296 2298 3322 :
2321 3283 2362 3323 E
2364 3284 2380 3324 ί
2397 3282 2486 3333 fac-

1456 3361 1544 3401 tum
1565 3361 1652 3409 est,
1681 3356 1880 3408 deinceps
1908 3354 1998 3396 ibat
2022 3354 2166 3405 Jesus,
2196 3356 2274 3395 etc.
2298 3353 2346 3394 In
2371 3364 2488 3395 sana-

1453 3479 1517 3510 ΧΠ,
1550 3471 1601 3502 15.
1630 3486 1666 3492 —-
1687 3469 1712 3490 ¹²
1740 3466 1898 3508 Soplzon„
1927 3474 1951 3507 1,
1982 3468 2013 3507 2,
2047 3468 2078 3498 3.
2100 3484 2140 3492 —-
2160 3466 2187 3489 ¹³
2216 3467 2332 3507 Prov„
2358 3475 2405 3506 w,
2438 3467 2486 3498 19.

1498 3534 1543 3577 (α)
1569 3520 1678 3576 4ναῖς.
1709 3534 1966 3565 consumentur.
1987 3550 2027 3555 ——
2058 3532 2099 3573 (b)
2129 3533 2212 3564 Item
2234 3531 2344 3573 sparia
2373 3530 2487 3563 vitula-

1452 3583 1560 3615 mina.
1574 3599 1609 3605 —-
1634 3582 1674 3622 (c)
1695 3582 1777 3614 Item
1797 3581 1866 3622 qui.
