2587 3845
1133 185 1447 228 PROOEMIUM.

225 292 300 334 per
321 278 557 328 Chaldae053
581 278 653 318 sed
674 280 715 318 et
734 279 913 318 mortem
934 275 1112 329 piissimi
1132 276 1249 327 regis

222 352 364 402 ι105100,
386 351 533 392 unde¹
567 362 577 390 ε
614 367 633 390 <‹
664 350 894 391 Universus
913 349 1023 390 Juda
1051 350 1092 388 et
1124 347 1250 388 Jeru-

222 423 351 464 salem
378 423 583 463 luxerunt
602 422 779 471 Josiam;
803 420 1008 462 serenitas
1035 419 1219 458 maxime
1238 450 1247 467 ‚

222 496 344 546 quus
357 505 503 534 omnes
513 498 702 533 cantores
715 495 839 544 atque
854 490 1098 531 cantatrices
1113 502 1249 542 usque

220 563 264 603 in
274 567 525 616 praesentem
534 564 644 604 diem
655 563 972 603 lamentationes
983 561 1206 613 replicant:
1224 576 1242 598 n

219 634 373 674 seilicet
384 636 552 687 propter
566 635 620 687 (a)
637 634 808 683 Josiam,
822 631 977 685 quemJ
981 632 1112 672 osiam
1125 633 1250 672 inter-

218 705 314 745 fecit
334 704 497 746 Pharao
518 705 684 746 Nechao
703 705 747 744 in
775 715 923 756 campo
955 703 1177 755 Mageddo,
1198 704 1249 745 de

219 787 303 828 quo
317 776 498 817 habetur
514 776 557 816 in
577 775 685 816 libro
705 776 863 828 Requm
888 777 930 827 ²‚·
947 775 998 815 de
1017 787 1102 827 000
1123 775 1248 815 etiam

219 844 436 887 Zacharias
466 846 678 898 loquitur,
709 847 850 887 dicens
876 845 890 867 ³
919 860 927 886 :
957 861 976 883 «
997 845 1044 885 In
1078 846 1144 886 die
1178 846 1249 886 illa

218 929 405 969 magnus
436 918 516 958 erit
552 917 745 970 planctus
776 917 822 957 in
852 917 1109 967 Jerusalem,
1140 918 1248 958 sicut

217 988 410 1041 planctus
423 988 538 1029 Adad
545 1000 735 1029 remmon
748 988 789 1027 in
799 1000 947 1040 campo
959 987 1023 1028 Ma
1029 988 1211 1040 geddon.
1223 1003 1240 1026 »

217 1058 490 1100 Lamentatur
526 1061 652 1100 etiam
682 1059 952 1112 spiritualiter
983 1059 1138 1100 damna
1170 1059 1247 1100 Ec-

219 1129 374 1182 clesiae,
407 1134 448 1171 et
479 1131 702 1183 cuiuslibet
732 1130 888 1170 animae
920 1130 1176 1182 singularis,
1207 1133 1247 1170 et

219 1201 433 1242 miseriam
453 1202 820 1254 peregrinationis,
837 1202 942 1242 sicut
961 1203 1075 1254 patet
1094 1202 1137 1241 in
1157 1213 1248 1254 per-

218 1272 430 1324 sequendo
455 1272 814 1322 lamentationem,
838 1275 879 1312 et
898 1272 1087 1312 inserens
1106 1272 1156 1312 de
1176 1272 1246 1311 in·-

213 1341 341 1393 J'uriis
362 1344 402 1382 et
421 1345 558 1382 morte
579 1342 820 1382 Salvatoris.
843 1342 894 1382 Et
920 1342 1072 1382 dicitur
1105 1354 1246 1393 graece

216 1424 323 1464 opus
341 1413 444 1453 illud
479 1414 648 1464 Threni,
680 1414 876 1454 hebraice
907 1413 1057 1455 Cinoth
1086 1426 1099 1454 .·
1133 1414 1246 1466 quod

215 1483 327 1524 idem
347 1487 410 1525 est
427 1497 475 1525 ac
495 1486 756 1527 Lamencatz'o
773 1485 901 1525 latine
925 1501 932 1526 :
957 1485 1068 1525 unde
1089 1484 1246 1526 throne-

217 1555 299 1605 τῖε,
320 1554 362 1595 id
393 1557 455 1595 est
474 1555 692 1604 luctuose,
722 1558 769 1596 ut
795 1555 894 1596 dicit
925 1555 1089 1607 Papias.
1128 1554 1245 1603 Quod

215 1627 357 1666 autem
379 1626 524 1667 dicunt
542 1627 731 1679 quidam,
747 1626 860 1679 quod
883 1626 1034 1667 Threm'
1047 1625 1246 1666 dicuntur

215 1696 335 1748 quasi
347 1696 471 1747 terni,
486 1709 570 1737 non
586 1700 646 1737 est
669 1697 971 1749 interpretatiO,
987 1708 1064 1736 000
1081 1698 1245 1748 etymo-

216 1766 330 1818 logia
349 1767 538 1820 proprie;
569 1767 641 1807 sed
670 1767 714 1807 in
741 1767 822 1807 hoc
842 1767 1042 1807 alluditur
1064 1767 1241 1817 nomini,

217 1837 318 1889 quia
347 1838 478 1878 ternis
506 1839 699 1879 versibus
728 1838 1036 1878 subnectuntur
1061 1837 1244 1889 singulae

216 1905 365 1948 litterae
382 1908 608 1960 alphabeti.
624 1908 674 1950 Et
693 1909 774 1949 1100
788 1909 982 1962 mystice;
1000 1909 1246 1962 0010111011-

216 1977 318 2019 citer
338 1979 540 2020 debemus
560 1981 786 2032 plangere,
809 1979 960 2030 corde,
983 1992 1079 2031 ore,
1103 1992 1242 2033 opere.

268 2048 463 2102 Amplius
481 2051 526 2091 in
546 2051 674 2091 verbo
694 2051 923 2104 plangendi
943 2051 1069 2091 etiam
1095 2052 1246 2092 modus

215 2120 464 2172 intelligitur
495 2122 746 2174 procedendi
770 2137 778 2163 ε
801 2123 974 2163 metrice
1002 2122 1114 2163 enim
1147 2123 1245 2163 dicit

215 2193 529 2244 conquerendo,
566 2194 678 2246 quod
709 2194 905 2234 convenit
934 2194 1241 2236 lamentationi,

215 2260 445 2314 Quoniam,
495 2264 601 2304 sicut
647 2264 745 2305 dicit
790 2265 1075 2318 Hieronymus
1121 2277 1246 2318 Super

215 2333 391 2384 Isaiam,
414 2347 540 2387 super
566 2335 669 2375 illud
691 2336 871 2376 verbum
893 2337 905 2357 ⁶
929 2349 939 2377 t
962 2338 1084 2378 Sume
1103 2338 1243 2379 citha-

215 2413 336 2452 ram,
359 2408 454 2455 etc.,
483 2420 502 2443 a
527 2407 682 2445 natura
715 2407 889 2446 musicae
919 2411 1006 2456 est,
1038 2411 1085 2447 ut
1117 2420 1245 2460 quem

216 2472 380 2514 invenit
398 2475 560 2515 tristem
576 2508 585 2525 ,
608 2476 753 2516 reddat
783 2478 1030 2527 tristiorem3
1057 2480 1097 2517 et
1116 2490 1245 2530 quem

217 2540 380 2592 laetum,
399 2544 763 2586 reddatlaetiorem
781 2561 790 2586 ;
810 2561 828 2584 n
851 2547 962 2587 unde
980 2547 1132 2588 modus
1146 2560 1245 2588 mu—

217 2612 349 2664 sicus,
370 2615 438 2655 vel
465 2616 686 2667 metricus,
707 2618 908 2669 congruit
938 2618 1242 2659 lamentationi.

269 2682 385 2724 Circa
402 2686 515 2737 quod
534 2685 858 2738 intelligendum
874 2719 886 2739 ,
910 2688 1022 2740 quod
1043 2688 1150 2728 liber
1169 2689 1245 2729 iste

214 2753 366 2806 triplici
384 2755 615 2797 adornatur
636 2758 824 2809 musica,
855 2762 896 2799 et
927 2758 1138 2800 rhetorica
1170 2772 1242 2800 ve-

213 2827 379 2866 nustate
399 2839 409 2866 ·,
430 2827 582 2879 primo,
607 2828 651 2868 in
670 2829 912 2882 eloquentia
927 2862 938 2881 ,
969 2830 1070 2883 quia
1091 2830 1245 2870 scribi-

213 2898 282 2936 tur
302 2898 472 2939 metrice
485 2913 495 2949 ;
520 2900 592 2940 sed
628 2900 895 2952 differenter,
918 2901 1018 2953 quia
1034 2933 1044 2950 ,
1079 2904 1126 2942 ut
1146 2902 1246 2942 dicit

215 2965 432 3020 Rabanus,
462 2970 545 3011 duo
569 2971 705 3022 prima
736 2972 958 3024 alphabeta
989 2976 1123 3013 metro
1155 2985 1246 3025 sap-

214 3038 337 3091 phico
358 3041 514 3094 scripta
533 3046 631 3083 sunt
653 3057 661 3083 :
685 3045 727 3083 et
747 3043 900 3084 dicitur
934 3046 1117 3083 metrum
1148 3056 1242 3096 sap-

215 3109 388 3160 phicum
404 3124 429 3152 a
447 3113 623 3153 muliere
644 3113 831 3166 Sappho,
853 3126 948 3166 quae
967 3114 1109 3166 ipsum
1131 3114 1246 3154 inve-

217 3180 281 3220 nit
298 3184 364 3222 :et
376 3186 438 3223 est
449 3187 760 3236 pentametrum
776 3188 971 3226 constans
988 3198 1041 3226 ex
1055 3186 1243 3227 trochaeo

261 3273 272 3294 ¹
295 3274 320 3305 ΙΙ
342 3276 434 3314 Par.¹
452 3285 556 3318 xxw,
580 3280 637 3319 21,
661 3281 712 3310 25.
736 3296 775 3303 —-
798 3281 873 3312 ²1V
895 3281 985 3321 Rea,
1007 3288 1113 3317 xxm,
1133 3282 1184 3312 29.
1204 3298 1244 3305 —-

218 3319 232 3340 ³
250 3320 362 3362 Zaclz„
383 3331 450 3364 xii,
481 3329 530 3357 Η.
550 3343 589 3350 -
615 3327 628 3348 ⁸
645 3328 724 3365 Isa.,
750 3335 859 3368 xxm,
887 3331 936 3360 16.
957 3346 998 3351 -
1023 3330 1036 3350 s
1067 3329 1197 3369 Tse-en„
1219 3338 1243 3369 1,

220 3368 314 3397 12---
332 3369 344 3389 Ε
365 3370 446 3408 Cic„
464 3372 502 3402 de
516 3374 596 3412 inv„
611 3374 668 3406 lib.
687 3375 710 3414 l,
730 3375 764 3406 10
783 3376 907 3408 fine.—
927 3377 937 3395 ⁷
964 3375 1095 3412 Thr-en„
1121 3383 1143 3415 ¹,
1168 3378 1240 3408 9-—

217 3412 232 3434 Β
250 3413 334 3465 lbid.
359 3434 396 3440 -
420 3418 432 3435 ⁹
452 3419 573 3459 Hyinn.
597 3421 710 3454 Natio.
739 3423 820 3454 Dom
836 3448 847 3463 ‚
876 3423 911 3455 in
938 3423 1042 3455 Laud.
1065 3441 1103 3446 —
1131 3424 1158 3445 ¹⁰
1182 3424 1242 3455 Vel

218 3463 331 3500 ponus
348 3463 484 3504 strophe
492 3475 502 3506 3
522 3475 601 3498 nam
623 3470 810 3510 secundus,
831 3470 883 3503 Ad
906 3480 1006 3512 usque
1031 3472 1129 3502 ἰωή-αῖ
1148 3470 1239 3503 limi-

2276 188 2349 230 ΜΛ

1324 277 1365 316 et
1384 274 1582 328 spondaeo
1596 306 1608 325 ,
1631 277 1672 315 et
1689 275 1876 327 dactylo,
1898 277 1938 315 et
1957 275 2124 315 duobus
2141 276 2350 317 trochaeis.

1322 348 1369 386 In
1387 346 1466 386 hoc
1486 345 1623 397 igitur
1645 346 1769 386 metri
1790 357 1948 397 genere
1978 347 2064 386 tres
2084 345 2185 385 tales
2205 358 2352 386 versus

1321 417 1663 469 praemittuntur,
1687 418 1728 457 et
1748 416 2056 456 concluduntur
2076 415 2120 455 in
2149 419 2354 457 commate

1321 500 1468 527 versus
1490 487 1668 537 heroici3
1692 487 1811 528 verbi
1833 487 1971 538 gratia
2005 499 2013 525 :
2043 486 2123 528 Iste
2143 486 2355 537 confessor

1324 558 1497 600 Domini
1517 563 1726 609 sacratus,
1749 561 1825 599 etc.
1849 558 2031 598 Metram
2051 557 2268 597 heroicum
2290 557 2356 597 di-

1321 629 1444 679 citur,
1467 641 1550 681 000
1572 629 1867 670 describuntur
1882 629 1988 669 facta
2008 628 2187 668 heroum
2210 642 2218 667 :
2242 627 2355 680 quod

1320 699 1429 739 solos
1457 700 1642 740 continet
1665 712 1812 740 versus
1844 700 2126 740 hexametros.
2162 698 2353 738 Tertium

1320 781 1422 810 vero
1444 769 1718 822 alphabetum
1735 802 1746 820 ,
1770 771 1884 822 quod
1914 771 2036 810 tertio
2058 769 2255 810 subditur
2284 781 2352 809 ca-

1319 840 1477 893 pitulo,
1501 841 1741 881 trimetrum
1777 843 1865 892 est,
1889 841 2001 894 quod
2021 841 2255 881 secundum
2275 839 2355 881 La-

1320 911 1431 952 tinos
1451 914 1513 952 est
1533 914 1727 952 constans
1749 911 1943 952 versibus
1962 911 2092 951 trium
2113 911 2283 964 pedum,
2306 914 2355 952 ut

1319 982 1418 1024 dicit
1440 982 1590 1035 Papias
1611 996 1619 1023 :
1644 982 1720 1035 001
1741 984 1883 1022 tamen
1903 982 2001 1022 alibi
2023 982 2121 1023 dicit
2149 996 2157 1022 :
2196 997 2215 1020 α
2242 982 2355 1031 Quos

1318 1066 1395 1094 nos
1415 1053 1602 1093 senarios
1623 1065 1648 1093 a
1668 1065 1849 1093 numero
1871 1053 2032 1106 pedum
2047 1065 2264 1099 vocamus,
2278 1053 2354 1093 hos

1320 1124 1452 1165 Graeci
1479 1125 1706 1166 Trimetros
1727 1124 1893 1174 dicunt,
1931 1124 2044 1176 quod
2076 1123 2269 1176 geminos
2296 1124 2355 1164 fa-

1319 1196 1485 1236 ciunt.»
1508 1194 1658 1236 Verius
1685 1194 1808 1234 credo
1830 1206 1918 1235 esse
1936 1194 1980 1234 in
1997 1194 2075 1235 hac
2090 1198 2221 1247 parte,
2242 1195 2354 1247 quod

1318 1267 1352 1306 si
1385 1279 1459 1306 sex
1496 1266 1622 1320 pedes
1663 1266 1903 1315 continent,
1934 1277 2021 1305 non
2054 1267 2196 1304 tamen
2229 1263 2354 1304 modo

1318 1349 1467 1377 versus
1490 1336 1674 1386 heroici,
1698 1336 1797 1388 quia
1826 1335 2014 1375 materiae
2044 1347 2131 1375 non
2159 1334 2356 1376 convenit

1319 1419 1468 1447 versus
1488 1406 1698 1446 heroicus.
1718 1406 1923 1454 Quartum
1949 1418 2051 1446 vero
2081 1405 2352 1457 alphabetum

1319 1477 1426 1518 sicut
1446 1477 1634 1530 primum
1665 1480 1706 1517 et
1737 1477 1971 1518 secundum
2005 1476 2279 1526 describitur,
2307 1479 2354 1516 ut

1319 1547 1417 1588 dicit
1436 1548 1549 1588 idem
1570 1547 1782 1589 [10110005.
1813 1548 2007 1601 Amplius
2033 1547 2218 1588 secundo
2238 1547 2356 1587 ador-

1319 1621 1444 1659 natur
1476 1619 1757 1659 commatibus
1790 1619 2006 1659 rhetoricis
2035 1619 2078 1658 in
2109 1618 2352 1668 sententiis,

1319 1692 1366 1729 ut
1395 1689 1513 1729 docet
1549 1689 1691 1730 Glossa
1729 1689 1950 1730 :Continet
1973 1689 2020 1742 (b)
2060 1690 2173 1729 enim
2205 1688 2358 1729 multas

1320 1760 1656 1812 compositiones,
1671 1772 1768 1812 00εο
1783 1763 1882 1800 sunt
1893 1760 2102 1800 orationes
2114 1759 2355 1800 auditorum

1320 1830 1654 1870 misericordiam
1688 1833 1903 1883 captantes
1936 1830 2022 1871 fere
2059 1842 2133 1883 per
2167 1833 2304 1871 totum
2343 1844 2352 1870 :

1319 1901 1427 1942 sicut
1440 1901 1497 1941 ibi
1512 1902 1722 1954 praecipue
1742 1904 1854 1954 patet
1873 1902 1917 1942 in
1937 1902 2073 1954 primo
2087 1902 2221 1954 capite
2241 1906 2253 1926 5
2269 1916 2306 1942 :<‹
2322 1901 2352 1943 O

1320 1984 1553 2013 vosomnes
1564 1972 1830 2025 quitransitis
1845 1985 1918 2025 per
1931 1973 2042 2013 viam
2054 1987 2063 2022 ;
2076 1986 2093 2009 n
2108 1972 2353 2015 etlocissive

1320 2043 1456 2084 modis
1480 2043 1528 2094 (c)
1551 2043 1885 2096 compassionem
1916 2044 2139 2094 excitandi,
2167 2047 2214 2084 01
2236 2045 2354 2085 docet

1321 2113 1483 2154 Tullius
1504 2113 1533 2154 ⁶.
1558 2113 1747 2154 Continet
1776 2115 1902 2155 etiam
1928 2114 2069 2167 plures
2094 2115 2350 2167 indignatio-

1320 2198 1408 2226 nes·
1432 2185 1502 2226 Est
1521 2189 1662 2226 autem
1683 2185 1919 2237 indignatio
1934 2217 1943 2234 ,
1968 2186 2102 2226 oratio
2122 2199 2197 2238 per
2222 2199 2351 2239 quam

1320 2257 1556 2307 conficitur,
1578 2260 1624 2297 01
1643 2256 1687 2296 in
1707 2256 1891 2309 aliquem
1908 2257 2126 2297 hominem
2143 2269 2350 2309 magnum

1320 2328 1465 2368 odium
1485 2359 1494 2378 ,
1519 2328 1655 2368 autin
1677 2340 1766 2368 rem
1790 2328 1935 2379 gravis
1968 2327 2142 2368 offensio
2171 2329 2351 2369 concite-

1320 2401 1390 2438 tur
1414 2413 1424 2439 :
1446 2398 1686 2450 cujusmodi
1716 2398 1980 2438 orationibus
2008 2399 2250 2450 frequenter
2270 2399 2354 2439 uti-

1321 2470 1405 2518 tur,
1428 2468 1536 2508 sicut
1551 2469 1666 2520 patet
1684 2467 1741 2506 ibi
1759 2467 1772 2488 ⁷
1798 2481 1806 2507 :
1836 2482 1855 2504 (ι
1874 2466 1990 2515 Vide,
2014 2467 2207 2517 Domine,
2229 2470 2354 2509 afflie-

1320 2538 1478 2578 tionem
1500 2550 1639 2578 meam
1657 2570 1667 2587 ,
1696 2537 1899 2590 quoniam
1927 2540 2090 2578 erectus
2121 2541 2183 2578 est
2217 2539 2354 2579 inimi-

1321 2621 1410 2650 cus.
1432 2623 1451 2646 »
1480 2609 1550 2649 Eae
1572 2611 1715 2649 autem
1737 2611 1835 2648 sunt
1861 2607 1956 2647 duae
1979 2609 2135 2660 species
2155 2609 2354 2650 orationis

1320 2681 1559 2731 rhetoricae,
1582 2681 1689 2720 sicut
1706 2683 1818 2733 patet
1838 2679 1880 2719 in
1902 2679 2038 2720 Tullio
2056 2679 2084 2720 ⁸.
2106 2679 2223 2721 Sicut
2241 2681 2354 2722 enim

1321 2752 1536 2794 dialectica
1562 2751 1688 2792 1101101
1717 2754 1850 2791 artem
1878 2750 2070 2791 locorum
2099 2763 2275 2792 suorum
2303 2752 2355 2792 ad

1321 2824 1541 2865 veritatem
1561 2823 1911 2876 persuadendam,
1933 2822 1990 2862 sic
2007 2823 2214 2863 rhetorica
2230 2823 2356 2863 habet

1320 2895 1432 2936 locos
1453 2907 1551 2936 suos
1571 2894 1624 2934 ad
1653 2894 1919 2934 affectionem
1940 2894 2204 2934 excitandam
2218 2925 2228 2943 ,
2250 2894 2356 2934 51001

1321 2978 1446 3019 super
1467 2969 1647 3015 textum,
1672 2965 1716 3005 111
1737 2964 1897 3015 Glossa,
1919 2964 2001 3004 illis
2021 2965 2077 3005 ibi
2098 2965 2352 3017 assignatur.

1319 3037 1514 3090 Amplius
1533 3036 1656 3077 tertio
1676 3035 1904 3076 adornatur
1923 3035 2004 3076 1100
2025 3047 2194 3076 carmen
2215 3036 2354 3088 alpha-

1319 3108 1404 3149 beti
1421 3108 1570 3148 litteris
1590 3106 1808 3154 ordinatis,
1822 3118 1920 3159 0001
1938 3106 2121 3158 singulis
2135 3106 2350 3146 sententiis

1319 3181 1641 3232 praeponuntur,
1658 3178 1765 3218 sicut
1782 3178 1826 3217 in
1840 3177 1912 3218 1110
1929 3178 2090 3218 0001100
2106 3176 2345 3218 Ecclesiae⁹z

1320 3251 1355 3289 A
1384 3250 1486 3292 solis
1515 3253 1630 3292 orcus
1661 3248 1857 3299 cardine,
1885 3248 2050 3301 primus
2070 3259 2218 3289 versus
2244 3247 2270 3268 ¹⁰
2290 3246 2350 3286 in-

1320 3334 1405 3372 tem,
1436 3332 1555 3372 incipit
1585 3339 1719 3372 000000
1750 3330 1791 3361 ab
1824 3334 1875 3370 Α;
1910 3331 1969 3362 sed
2008 3329 2156 3362 secunda
2188 3328 2347 3369 strophe,

1317 3389 1440 3421 nempe
1459 3390 1466 3411 :
1490 3381 1606 3411 Beatus
1624 3381 1737 3409 auctor
1755 3378 1883 3414 ειεςαῖί,
1908 3378 2023 3417 incipit
2045 3387 2063 3408 a
2084 3379 2119 3416 B,
2143 3378 2177 3406 ut
2199 3379 2299 3415 patet.

1361 3429 1403 3468 (a)
1428 3428 1509 3459 Cael.
1530 3426 1609 3457 edit.
1632 3435 1747 3467 000-
1770 3425 1816 3467 (ὸ)
1838 3427 1920 3458 Item
1940 3426 2126 3457 continent.
2148 3441 2183 3447 —-
2210 3424 2247 3464 (c)
2273 3424 2349 3465 Leq.

1316 3474 1382 3506 loci
1399 3475 1470 3506 sive
1486 3473 1592 3506 modi.
