2587 3845
2247 209 2309 242 vn

193 288 304 330 tibus
329 288 579 329 illustratam
595 318 605 336 ,
625 286 815 338 nihilque
834 284 962 337 stylo,
996 284 1069 324 aut
1087 281 1276 322 doctrina
1303 281 1493 333 ejusdem
1517 281 1730 334 Seraphiei
1752 282 1939 323 Doctoris
1963 284 2188 336 indignum
2210 300 2308 330 con-

192 365 410 405 tinentem.
432 364 592 405 Praeter
611 362 934 414 Hieronymum,
956 358 1245 410 Augustinum
1266 359 1308 398 et
1326 356 1598 408 Gregorium,
1619 370 1730 410 saepe
1748 359 1792 398 in
1814 371 1862 399 ea
1881 359 2078 401 laudatur
2096 361 2306 413 Rabanus,

193 452 271 480 1160
285 423 666 492 praetermittuntur
686 437 944 487 Bernardus,
969 439 1010 476 et
1028 435 1157 486 Hugo
1184 434 1234 474 de
1251 434 1401 474 Sancto
1421 433 1599 474 Victore.
1623 434 1736 475 Inter
1757 435 1975 476 historicos
1998 437 2178 478 citantur
2197 438 2312 480 1056-

193 516 304 568 phus
321 517 363 555 et
381 515 647 567 Hegesippus
666 528 674 554 :
705 513 816 552 inter
835 514 1025 553 rhetores
1044 513 1187 551 autem
1203 510 1379 560 Tunius,
1395 522 1442 550 ac
1460 511 1569 551 inter
1592 513 1892 562 grammaticos
1910 512 2083 566 Papias:
2101 526 2197 566 quae
2220 516 2316 567 qui-

195 591 290 632 dem
313 591 531 631 citationes
547 601 693 630 omnes
715 588 974 629 conveniunt
993 587 1091 628 divo
1113 586 1438 635 Bonaventurae‚
1463 586 1536 638 qui
1554 590 1758 640 tanquam
1778 590 1914 629 scriba
1935 590 2080 630 doctus
2104 593 2320 632 consuevit

195 667 246 707 de
272 666 469 707 thesauro
489 677 564 714 suo
584 677 696 705 nova
725 668 765 705 et
796 667 939 705 vetera
970 664 1170 716 proferre.
1202 662 1320 710 Quod
1346 664 1502 714 spectat
1520 662 1687 705 initium
1715 680 1724 705 z
1753 666 1926 718 Tempus
1941 666 2186 719 plcmyendz’,
2207 668 2320 720 apud

197 742 474 792 Pechamum3
495 741 727 794 respondeo
743 772 752 788 ‚
771 740 879 780 nihil
900 739 997 780 inde
1016 738 1153 780 evinci
1173 740 1319 778 contra
1338 740 1587 789 praesentem
1609 740 1967 782 Commentarium
1987 742 2296 785 Bonaventurae
2308 775 2318 791 ,

196 818 309 871 quia,
329 820 376 859 ut
394 818 612 858 scitissime
632 818 776 857 monet
795 815 1025 866 Echardus,
1059 831 1076 853 (‹
1095 815 1287 867 quisquis
1306 816 1469 855 veteres
1488 815 1673 867 postillas
1693 816 1898 868 discutiet,
1918 819 2073 870 plures,
2094 819 2190 859 licet
2210 819 2321 859 inter

193 898 241 934 'se
259 894 590 944 diversissimas,
611 893 759 934 eodem
780 893 1010 945 Scriptura}
1031 891 1240 932 versiculo
1260 891 1441 943 incipere
1461 891 1642 944 reperiet
1656 892 1683 931 1.
1706 907 1724 929 n

250 970 380 1011 Porro
416 983 469 1011 ex
505 970 637 1022 hujus
679 968 953 1021 expositionis
996 968 1176 1020 Prologo
1214 968 1415 1008 discimus
1443 969 1582 1021 primo
1616 968 1835 1010 Doctorem
1872 974 2066 1012 nostrum
2105 972 2326 1024 multiplex

198 1047 366 1088 novisse
384 1047 532 1097 metri,
553 1059 601 1087 ac
621 1045 942 1087 versificationis
962 1057 1100 1097 genus
1115 1077 1124 1095 ,
1144 1045 1332 1098 adeoque
1353 1046 1512 1086 mirum
1532 1047 1784 1099 neutiquam
1805 1060 1907 1098 esse,
1932 1048 1966 1088 si
1983 1050 2128 1090 metris
2145 1050 2211 1090 sui
2225 1053 2327 1092 tem-

197 1116 312 1176 poris
329 1124 408 1164 fuit
425 1123 667 1164 delectatus.
691 1122 899 1163 Discimus
921 1122 1104 1163 secundo
1126 1122 1346 1163 hebraicos
1365 1123 1496 1163 libros
1511 1124 1728 1177 interpreti
1750 1128 1893 1165 nostro
1907 1138 1992 1166 non
2010 1126 2139 1167 fuisse
2154 1140 2328 1180 prorsus

200 1199 389 1251 ignotos,
428 1212 524 1240 cum
556 1200 602 1239 in
636 1199 816 1251 Prologo
848 1199 1016 1239 laudato
1051 1199 1294 1239 1110111161112
1320 1211 1329 1238 :
1360 1199 1512 1239 «Liber
1542 1200 1641 1251 iste,
1664 1212 1738 1241 seu
1758 1204 1961 1242 tractatus
1990 1203 2187 1244 scribitur
2217 1204 2329 1257 apud

201 1274 415 1322 Hebraeos,
433 1289 453 1312 ›)
472 1277 549 1315 etc.
566 1275 772 1315 Discimus
786 1275 909 1315 tertio
928 1274 1147 1315 Doctorem
1167 1277 1360 1315 nostrum
1380 1275 1425 1315 in
1440 1276 1587 1316 eodem
1605 1276 1787 1328 Prologo
1803 1278 1958 1330 optime
1975 1279 2205 1332 dispexisse
2222 1281 2331 1321 inter

199 1351 418 1402 habentia,
441 1346 481 1392 et
499 1363 584 1391 non
603 1351 802 1391 habentia
822 1350 1116 1391 auctoritatem
1145 1352 1390 1391 canonicam
1409 1367 1417 1400 ;
1441 1353 1597 1392 etenim
1623 1354 1734 1393 circa
1763 1354 1875 1394 istud
1907 1355 2085 1396 Threnis
2105 1358 2331 1409 praefixum

200 1430 505 1479 argumentum
528 1442 536 1467 ε
560 1428 619 1468 Ec
637 1428 799 1478 factum
820 1432 897 1477 esc,
917 1431 1143 1479 postquam
1164 1428 1209 1467 ῖη
1229 1429 1525 1480 captivitatem
1546 1430 1743 1472 redactus
1763 1434 1821 1472 esc
1840 1431 1990 1481 Israel,
2021 1434 2116 1480 cto„
2137 1432 2332 1472 animad-

200 1505 326 1546 vertit
344 1504 457 1557 quod
483 1519 501 1542 (t
520 1504 618 1544 huic
641 1504 764 1556 Operi
786 1504 878 1544 baec
897 1504 1035 1544 littera
1055 1504 1099 1544 in
1121 1504 1376 1556 quibusdem
1397 1505 1517 1545 libris
1538 1507 1771 1559 anteposita
1799 1508 2029 1558 invenitur,
2052 1519 2148 1560 quae
2164 1520 2250 1548 non
2273 1512 2334 1548 est

201 1583 342 1620 tamen
355 1580 406 1621 de
420 1580 595 1622 veritate
614 1582 804 1621 textus.»
826 1580 917 1621 Non
939 1592 1027 1621 esse
1047 1581 1097 1620 de
1119 1580 1298 1621 veritate
1321 1584 1462 1621 textus
1482 1582 1579 1623 inde
1600 1584 1812 1635 arguitur,
1835 1584 1935 1636 quia
1951 1585 2066 1624 deest
2083 1585 2126 1624 in
2146 1584 2330 1635 hebraeo,

202 1669 316 1710 syro,
342 1657 530 1698 chaldaeo
549 1660 590 1698 et
608 1657 800 1707 arabit-03
836 1670 923 1698 non
942 1658 1099 1697 habere
1130 1660 1273 1698 autem
1307 1659 1552 1699 canonicam
1581 1660 1875 1701 auctoritatem
1905 1661 1975 1700 alii
2002 1673 2174 1713 quoque
2193 1661 2336 1713 plures

200 1739 294 1788 post
314 1735 657 1778 Bonaventuram
678 1736 926 1788 interpretes
947 1738 1116 1776 censent
1138 1750 1146 1775 ε
1170 1738 1267 1776 ante
1286 1748 1388 1776 vero
1408 1735 1752 1777 Bonaventuram
1771 1737 1915 1790 piures
1941 1750 1994 1777 ex
2024 1737 2336 1789 antiquioribus

199 1812 499 1865 interpretibus
526 1812 641 1852 1111115
660 1812 787 1863 tituli,
811 1813 901 1853 sive
926 1812 1183 1864 argumenti,
1219 1812 1446 1864 nequidem
1476 1813 1804 1854 meminerunt3.
1823 1813 1940 1854 Unde
1958 1826 2057 1855 vere
2072 1814 2177 1854 dixit
2195 1816 2336 1854 noster

199 1888 408 1941 interpres
423 1919 432 1937 ,
454 1889 566 1941 quod
592 1903 610 1925 «
630 1890 796 1928 tantum
817 1888 861 1928 in
881 1888 1137 1940 quibusdam
1156 1888 1276 1928 libris
1295 1889 1388 1929 haec
1407 1889 1544 1931 littera
1564 1890 1796 1942 anteposita
1825 1890 2058 1931 invenitur.
2078 1905 2096 1927 n
2121 1889 2166 1930 ld
2194 1890 2337 1942 ipsum

201 1966 422 2006 confirmat
440 1977 651 2017 exponens
673 1967 798 2017 caput
817 1964 1024 2017 primum,
1047 1965 1122 2005 ubi
1143 1965 1200 2005 ait
1214 1965 1227 1986 '⁶
1255 1977 1294 2004 :(‹
1312 1964 1428 2014 Quod
1444 1967 1714 2017 praemittitur
1733 1967 1777 2007 in
1795 1968 2045 2020 quibusdam
2069 1968 2190 2007 libris
2213 1982 2222 2007 z
2245 1982 2264 2004 n
2283 1968 2338 2009 Εῑ

200 2041 362 2091 factum
381 2044 442 2083 est
457 2071 468 2090 ‚
488 2043 710 2092 postquam
729 2041 924 2082 redactus
945 2044 1004 2082 est
1025 2042 1179 2091 Israel,
1202 2044 1299 2092 ete„
1321 2053 1406 2082 non
1428 2044 1490 2081 est
1506 2042 1549 2081 in
1570 2042 1764 2093 glossatis
1788 2044 1910 2084 libris
1926 2076 1936 2095 ,
1967 2056 2042 2085 nec
2065 2046 2128 2084 est
2149 2044 2199 2084 de
2218 2047 2338 2085 textu

202 2116 249 2156 in
268 2117 475 2170 antiquis,
499 2120 546 2157 ut
565 2120 723 2158 tactum
743 2120 818 2158 est.
841 2132 860 2155 1)
889 2117 997 2158 Sane
1018 2117 1167 2159 Doctor
1182 2120 1323 2158 noster
1348 2118 1393 2158 in
1407 2118 1486 2158 hac
1500 2119 1789 2160 concinnanda
1807 2120 2152 2173 interpretatione
2169 2120 2337 2161 videtur

202 2204 290 2246 prae
310 2193 441 2234 0011115
461 2193 658 2235 habuisse
677 2197 876 2247 antiquos
896 2200 934 2237 et
953 2205 1081 2237 novos
1099 2195 1241 2238 libros.
1265 2194 1381 2235 Unde
1396 2227 1406 2246 ,
1427 2195 1479 2235 ad
1501 2208 1590 2249 cap.
1625 2209 1678 2247 11,
1702 2197 1832 2250 Coph,
1866 2201 1937 2247 19,
1967 2198 2065 2238 (11011
2089 2211 2098 2237 :
2127 2197 2338 2249 «Antiqui

202 2269 301 2310 libri
319 2269 502 2310 habent:
526 2272 574 2312 in
592 2271 703 2321 fame
718 2285 732 2316 ‚·
750 2272 847 2312 libri
867 2273 968 2313 novi
988 2272 1169 2312 habent:
1194 2273 1270 2324 qui
1294 2272 1403 2322 fame
1433 2276 1627 2323 pereunt.
1659 2287 1677 2309 n
1716 2273 1954 2313 Adhaesisse
1977 2285 2146 2325 quoque
2171 2272 2339 2313 videtur

204 2345 403 2387 hebraico
421 2348 577 2397 textui3
600 2360 702 2388 nam
731 2348 783 2389 ad
802 2361 892 2401 cap.
922 2361 989 2400 111,
1013 2349 1144 2399 Heth,
1166 2352 1238 2399 ⁶23,
1261 2348 1400 2400 inquit
1422 2363 1430 2388 :
1460 2364 1478 2386 «
1497 2349 1607 2391 Novi
1636 2349 1839 2393 diluculo.
1862 2350 1962 2390 Haec
1989 2350 2131 2390 littera
2156 2350 2201 2389 in
2226 2350 2339 2390 anti-

207 2422 300 2474 quis
315 2423 510 2474 habetur,
533 2426 573 2464 et
593 2427 810 2476 exponunt
832 2424 963 2475 Novi,
984 2425 1027 2466 id
1047 2428 1133 2475 est,
1165 2426 1350 2478 Coqnovz'
1363 2439 1379 2478 ,·
1406 2439 1504 2467 cum
1532 2439 1619 2468 non
1652 2429 1705 2468 sit
1723 2429 1793 2469 hic
1819 2429 2023 2479 verbum,
2056 2428 2127 2469 sed
2149 2439 2307 2469 nomen
2325 2442 2335 2467 ι

207 2499 319 2540 unde
337 2500 381 2539 in
400 2500 582 2541 hebraeis
602 2502 663 2541 est
685 2499 869 2549 Novelli3
890 2502 994 2553 quia
1007 2503 1136 2553 Juxta
1155 2503 1347 2544 ordinem
1376 2503 1587 2556 alphabeti
1611 2507 1720 2544 stare
1737 2517 1822 2546 non
1839 2508 1974 2558 potest
1994 2507 2042 2545 ut
2062 2505 2114 2545 sit
2133 2505 2244 2547 Novi
2262 2516 2338 2556 pro

212 2573 435 2626 00911ουί3.
457 2589 476 2612 »

249 2710 270 2756 ἓ
303 2711 364 2748 III.
392 2731 439 2738 —
472 2713 651 2749 Exposmo
682 2723 719 2748 m
751 2723 855 2749 CAPUT
888 2723 1020 2750 sexu-n
1051 2715 1241 2751 Evncsrn
1270 2717 1450 2752 MATTHAE1.
1485 2718 1529 2752 Et
1559 2717 1774 2763 conjunctim
1804 2717 1825 2763 ἓ
1849 2718 1907 2753 IV.
1934 2737 1979 2743 —
2009 2718 2046 2752 ΙΝ
2075 2718 2301 2754 ΕνΑΝῦι-ῑιιυΜ

896 2779 932 2814 S.
960 2780 1061 2814 anffi
1091 2778 1314 2826 (Prodrom.,
1343 2781 1410 2816 col.
1439 2781 1646 2827 636-641.).

263 2875 454 2917 Editores
469 2876 689 2918 novissimi
708 2880 936 2931 utramque
957 2879 1068 2919 hanc
1089 2881 1394 2933 expositionem
1414 2881 1466 2921 ad
1486 2882 1645 2922 incerta
1667 2880 1710 2921 S.
1737 2881 2046 2922 Bonaventurae
2068 2882 2220 2935 scripta
2236 2884 2336 2935 reji-

212 2951 366 2992 cientes
381 2952 565 2993 subdunt
583 2957 830 3006 sequentem
845 2967 1067 2997 censuram
1084 2970 1092 2996 z
1123 2972 1141 2995 «
1163 2956 1270 2997 Sunt
1286 2958 1411 3010 plura
1430 2970 1528 3011 quae
1545 2957 1732 2998 maxime
1750 2969 1828 2998 nos
1843 2959 2030 3006 movent,
2045 2959 2094 2998 ut
2106 2959 2338 3009 utrumque

211 3026 292 3067 hoc
307 3028 559 3080 opusculum
579 3029 638 3071 ad
656 3033 935 3084 supposititia
961 3033 1196 3085 ableqemus
1215 3046 1228 3072 .·
1249 3036 1348 3074 sunt
1367 3047 1389 3075 e
1411 3034 1594 3085 diverso,
1627 3045 1723 3086 quae
1752 3045 2011 3086 magnopere
2030 3033 2213 3074 alliciant
2235 3045 2334 3083 nOS,

213 3105 262 3143 ut
280 3103 388 3144 inter
405 3104 598 3156 legitima
622 3104 932 3149 Bonaventurae
952 3120 1080 3160 opera
1096 3121 1406 3151 recenseamus.
1428 3111 1488 3150 Ac
1510 3123 1586 3151 nos
1606 3122 1702 3151 cum
1725 3110 1872 3163 primis
1893 3122 2025 3161 grave
2045 3110 2198 3162 premit
2217 3111 2337 3150 testi—

214 3179 406 3220 monium
425 3179 643 3223 Ptolomaei
657 3182 870 3234 Lucensis,
888 3185 1126 3237 cujusmodi
1143 3186 1275 3227 verba
1294 3188 1393 3226 sunt
1410 3201 1419 3227 :
1448 3202 1467 3225 (‹
1492 3186 1598 3227 Huic
1613 3185 1946 3238 (Bonaventurae)
1972 3185 2167 3226 Urbanus
2184 3185 2237 3226 lV
2253 3185 2335 3225 duo

255 3321 382 3358 1Tom.
413 3328 446 3369 1,
470 3328 632 3369 Scriptor.
656 3330 728 3362 ord.
756 3331 913 3370 Proeclz'c...
930 3341 1009 3372 pag.
1031 3333 1109 3372 444,
1130 3333 1195 3364 col.
1218 3335 1247 3364 1.
1268 3349 1308 3357 —
1328 3334 1339 3351 ²
1359 3334 1438 3374 Pag.
1459 3335 1530 3374 142,
1550 3333 1613 3365 001.
1640 3336 1669 3366 1.
1691 3350 1732 3356 -——
1750 3334 1762 3352 ³
1785 3333 1861 3365 Vid.
1884 3334 1922 3364 P.
1949 3333 2096 3373 Calmet,
2115 3342 2189 3373 sup.
2211 3333 2337 3364 dictum

219 3371 481 3405 Prooemium.-
496 3375 506 3393 ⁴
529 3376 620 3407 idem
639 3386 774 3418 quoque
796 3378 966 3409 Calmetus
984 3379 1139 3419 agnoscit
1160 3388 1232 3411 11011
1254 3389 1326 3411 6556
1349 3380 1507 3420 verbum,
1526 3380 1585 3411 sed
1606 3380 1824 3420 adjectivum.
1848 3381 1935 3411 Loco
1956 3382 2069 3411 tamen
2087 3379 2221 3417 novelli,
2243 3382 2337 3420 putat

215 3415 394 3457 legendum
412 3429 512 3459 novoe,
533 3423 772 3455 concordando
793 3434 870 3455 011111
888 3425 1095 3465 praecedenti
1114 3427 1339 3457 miserationes
1359 3436 1370 3457 :
1392 3429 1424 3457 et
1442 3427 1602 3457 Rubanus
1619 3426 1708 3457 favet
1728 3429 1845 3457 nostro
1867 3428 2128 3457 Bonaventurae.
