2587 3845
160 126 233 162 140

155 210 318 260 clerici;
355 223 527 263 pecora,
568 213 607 253 i·l
646 217 723 261 est,
760 213 868 254 laici.
894 212 1012 253 Unde
1038 212 1181 252 Glossa

154 281 245 321 ibi:
274 298 292 319 (ι
322 282 456 335 Super
488 288 648 325 montes
682 286 804 324 fletus
843 283 1100 331 assumitur,
1141 287 1182 322 et

153 352 397 393 lamentatio
445 367 572 406 super
609 368 806 408 sponsam
852 354 1028 403 deserti,
1079 354 1180 394 dum

155 427 325 476 peccant
362 425 570 477 prinprcs
608 426 827 475 Ecclesiae,
851 428 891 465 ct
910 425 1016 464 nihil
1050 425 1093 464 in
1132 438 1180 465 ca

153 493 368 535 invenitur
388 496 631 537 substanti-„12
671 497 756 547 Dei,
789 508 865 536 nec
897 496 1063 536 auditur
1095 508 1180 536 vox

154 564 304 605 Christi
336 565 561 606 Ecclesiam
595 567 900 618 possidentis.»
947 566 995 607 Et
1026 566 1177 607 adhoc

153 636 378 688 respicIens
414 636 524 676 idem
558 637 789 678 Hieremias
821 638 927 678 dixit
953 641 964 662 ¹
1003 652 1011 677 ε
1043 637 1180 687 «Quis

152 705 265 746 dabit
283 706 406 758 capiti
426 718 520 747 meo
541 719 695 760 aquam
709 740 719 758 ,
751 712 791 749 et
811 709 942 749 oculis
962 709 1066 749 meis
1087 710 1178 749 fon-

152 779 236 816 tem
267 776 573 829 lacrymarum,
605 782 646 820 et
680 780 853 832 plorabo
883 780 950 821 die
983 792 1030 820 ac
1058 783 1179 821 nocte

152 847 390 888 interfectos
408 850 507 890 filiae
539 851 683 903 populi
705 851 816 892 mei?
830 867 848 889 »
866 851 1033 892 Planxit
1050 851 1179 892 David

153 918 398 970 hujusmodi
428 921 642 973 planctum
680 934 806 975 super
841 922 942 963 Saul
976 925 1016 963 et
1052 934 1179 975 super

153 989 333 1030 Jonatha
351 991 365 1012 ²
387 1003 432 1031 :a
461 991 706 1043 Considera,
751 993 890 1042 Israel,
927 1005 1003 1045 pro
1027 993 1078 1032 iis
1105 993 1179 1045 qui

154 1061 310 1101 mortui
330 1065 428 1102 sunt
447 1075 574 1115 supra
585 1064 749 1104 excelsa
771 1064 980 1104 vulnerati
1002 1078 1011 1105 :
1034 1064 1179 1117 inclyti

153 1133 278 1172 Israel
310 1145 437 1185 super
466 1138 629 1175 montes
661 1138 755 1176 tuos
786 1135 991 1176 interfecti
1019 1138 1172 1176 sunt.»

151 1202 301 1256 Inclyti
322 1203 634 1246 interficiuntur
654 1218 782 1259 super
809 1210 986 1256 montes,
1009 1207 1178 1259 quando

150 1274 248 1314 honi
269 1277 437 1315 mutant
456 1287 618 1326 mores,
650 1278 856 1330 assumpti
888 1277 939 1318 ad
968 1278 1179 1319 ecclesias-

150 1344 253 1384 ticas
272 1345 528 1387 altitudines,
549 1346 620 1387 Isti
649 1347 835 1400 planctui
855 1348 1091 1389 contrarius
1117 1351 1178 1389 est

151 1416 296 1465 saltuS‚
337 1418 607 1469 congaudere
639 1418 835 1459 Ecclesiae
875 1419 925 1459 de
962 1419 1118 1459 sanctis
1138 1423 1179 1460 et

151 1486 362 1539 prosperis
389 1488 663 1529 successibus.
699 1489 763 1530 Ad
795 1501 920 1542 quem
944 1490 1097 1530 saltum
1118 1490 1178 1530 in-

150 1557 288 1598 vitans
306 1557 432 1598 Isaias
452 1559 550 1599 dicit
570 1563 583 1585 3
607 1574 616 1600 :
643 1575 662 1598 «
678 1560 862 1602 Laudate
878 1593 888 1611 ,
923 1561 1036 1612 coeli,
1070 1574 1175 1614 quo-

149 1628 264 1668 niam
307 1629 402 1669 fecit
448 1629 651 1671 Dominus
699 1646 707 1672 :
745 1632 947 1684 jubilate,
987 1634 1177 1674 extrema

148 1701 293 1749 terrae3
327 1702 535 1749 resonate,
567 1704 758 1753 montes,
781 1702 1068 1744 laudationem
1090 1704 1174 1744 sal-

148 1772 230 1820 tus,
253 1772 293 1810 et
310 1782 436 1810 omne
468 1770 636 1822 lignum
672 1774 778 1825 ejus.
807 1787 826 1811 2)
865 1773 1004 1814 Saltus
1023 1773 1177 1815 dicitur

147 1840 262 1881 locus
281 1853 546 1893 nemorosus,
570 1854 618 1883 eo
644 1844 757 1896 quod
777 1844 927 1897 inipso
947 1847 1119 1887 arbores
1132 1847 1177 1888 in

149 1911 281 1951 altum
304 1912 477 1953 exiliant
496 1914 566 1966 (α).
589 1913 676 1954 Hoc
702 1915 814 1955 idem
835 1916 1074 1967 figuratum
1096 1920 1172 1969 est,

149 1982 223 2022 ubi
241 1981 393 2023 dicitur
408 1986 421 2008 ⁶
442 1998 451 2024 z
480 1999 499 2021 α
519 1984 712 2026 Invenies
725 1986 831 2026 duos
845 1987 959 2027 viros
968 1988 1095 2040 juxta
1109 2000 1173 2029 se-

147 2053 376 2105 pulchrum
405 2053 582 2105 Rachel,
614 2055 659 2095 in
691 2056 850 2097 finibus
876 2057 1112 2110 Benjamin,
1132 2059 1176 2099 in

147 2124 321 2165 meridie
347 2125 542 2167 salientes
564 2139 742 2179 magnas
761 2128 903 2169 foveas
933 2132 967 2179 ⁵;
997 2129 1136 2170 dicent
1162 2145 1171 2171 ε

145 2194 247 2247 quia
283 2195 358 2236 tibi
396 2196 580 2238 inventae
616 2201 716 2238 sunt
752 2199 896 2240 asinae.
921 2202 1049 2242 »Duo
1069 2202 1173 2252 viri,

144 2268 243 2306 sunt
268 2266 341 2318 qui
371 2267 595 2309 Ecclesiam
631 2282 684 2310 ex
723 2270 928 2311 charitate
963 2271 1171 2324 diligunt;

143 2336 297 2378 Rachel
324 2337 625 2392 interpretatur
651 2341 756 2382 ovis.
789 2342 926 2385 Juxta
952 2343 1088 2395 igitur
1116 2355 1176 2386 se-

140 2408 361 2459 pulchrum
382 2414 624 2463 expectant,
646 2424 794 2454 omnes
814 2415 886 2467 qui
907 2416 1176 2458 considerant

144 2480 378 2530 profectum
416 2484 457 2521 et
494 2482 700 2524 defectum
743 2485 987 2526 animarum
1021 2487 1174 2528 Christi

144 2550 355 2601 sanguine
375 2552 706 2605 redemptarum.
730 2556 783 2596 In
803 2557 983 2599 meridie
1000 2589 1010 2608 ,
1033 2559 1073 2598 id
1095 2561 1172 2608 est,

143 2619 188 2658 in
208 2620 415 2672 spirituali
435 2625 710 2675 prosperitate
722 2640 731 2675 ;
755 2637 932 2679 maynas
952 2629 1096 2679 foveas
1110 2640 1176 2671 sa-

145 2690 272 2739 llzmt,
295 2691 367 2742 qui
387 2691 578 2733 laetitiam
611 2707 836 2748 magnam,
862 2710 991 2751 quam
1020 2699 1175 2741 habent

146 2761 190 2801 in
211 2761 358 2812 corde,
391 2765 577 2805 exterius
605 2768 846 2819 ostendunt,
869 2771 972 2820 (μιῑα
992 2771 1174 2814 invenlae

146 2835 249 2874 sunt
260 2834 410 2884 asime,
430 2834 471 2875 id
491 2839 575 2885 est,
599 2837 752 2879 animae
783 2840 935 2881 Christi
966 2843 1174 2895 sanguine

145 2901 390 2955 redemptae.
428 2905 493 2946 Ad
525 2907 639 2948 hunc
665 2909 820 2950 saltum
856 2912 1007 2954 invitat
1046 2914 1173 2955 Isaias

146 2972 290 3013 dicens
320 2974 363 3014 ⁶:
394 2990 413 3014 α
446 2976 630 3019 Gaudete
653 2992 751 3021 cum
779 2994 828 3022 ea
855 2984 1038 3035 gaudio,
1075 2986 1174 3026 uni-

147 3043 259 3083 versi
278 3044 350 3097 qui
370 3045 528 3098 lugetis
547 3062 594 3090 su
600 3063 674 3102 per
699 3065 807 3094 eam.
828 3068 848 3092 ›)

197 3114 477 3170 Ampliusque
493 3121 614 3161 tertio
632 3122 679 3163 fit
696 3123 788 3164 haec
807 3125 998 3177 variatio,
1020 3139 1174 3169 secun-

145 3183 249 3224 dum
277 3186 554 3228 variationem
578 3192 765 3232 statuum
794 3192 987 3235 Ecclesiae
1016 3196 1176 3248 princi-

191 3268 431 3310 ¹Jerem.,1x,
461 3274 491 3304 1.
516 3290 550 3296 -
573 3273 584 3291 ²
609 3274 633 3305 11
657 3275 747 3315 Req„
769 3285 798 3317 1,
821 3278 871 3309 19.
889 3295 930 3301 -
948 3278 959 3297 ³
980 3280 1059 3319 isa„
1080 3288 1174 3321 XLIV,

145 3315 198 3346 23.
222 3332 256 3337 —
286 3316 296 3334 ⁴
326 3317 337 3347 1
364 3317 457 3360 neq„
483 3327 525 3357 x,
549 3322 581 3351 2.
610 3338 649 3344 —
672 3322 685 3343 ⁵
710 3324 929 3365 Septuaginta
952 3335 960 3357 τ
981 3327 1174 3367 ἁλλομένους

145 3364 281 3412 μεγάλα,
317 3365 351 3396 id
385 3369 455 3406 est,
483 3367 639 3400 salientes
670 3371 863 3410 granditer,
894 3372 987 3413 juxta
1019 3375 1173 3407 eamdem

144 3411 284 3451 interpr.
304 3413 353 3445 De
378 3414 504 3455 quibus
526 3416 562 3449 in
594 3417 736 3459 Vulgata
753 3419 836 3452 nihil
856 3420 976 3454 simile.
999 3438 1038 3446 -
1061 3423 1074 3444 θ
1093 3424 1174 3464 Isa.,

462 122 825 166 EXPOSITIONIS
856 125 909 165 lN
940 122 1387 164 LAMRNTATIONES
1415 109 1655 165 JEREMIAE
1687 124 1981 167 PROPHETAE

1259 212 1436 264 palium,
1465 213 1547 253 viae
1569 213 1739 262 scilicet,
1763 216 1801 253 et
1821 215 1966 265 patriae
1989 229 1997 255 :
2022 215 2225 267 quoniam
2245 216 2290 257 in

1261 280 1327 320 via
1350 281 1605 332 generaliter
1627 284 1689 320 est
1720 283 1853 320 status
1884 282 2140 334 plangendi,
2172 287 2213 324 et
2245 284 2288 324 in

1258 352 1392 403 patria
1410 352 1636 404 gaudendi.
1666 352 1778 392 Unde
1800 351 1944 392 Glossa
1968 367 1975 393 ε
2006 368 2024 391 α
2045 354 2178 406 Super
2209 355 2289 395 hoc

1261 421 1545 473 plangendum
1575 426 1637 463 cst
1664 435 1799 472 nunc,
1833 425 1879 461 ut
1910 423 1955 462 in
1989 423 2131 464 futuro
2162 425 2288 465 salte-

1258 505 1367 532 mus.
1407 508 1426 530 »
1463 493 1542 535 Pro
1572 494 1650 533 isto
1683 494 1853 546 planctu
1891 493 1958 533 vel
1988 493 2287 536 lamentatione

1256 562 1408 604 dicitur
1425 565 1438 586 ⁷
1462 579 1469 604 ε
1500 580 1519 602 «
1541 564 1749 616 Expandit
1770 564 1927 603 librum
1946 575 2086 603 coram
2108 576 2189 615 me,
2214 566 2288 617 qui

1256 636 1346 673 erat
1365 635 1543 687 scriptus
1564 635 1676 675 intus
1697 638 1737 675 et
1766 635 1886 685 foris,
1922 637 1963 674 et
1984 635 2150 687 scriptae
2172 638 2291 675 erant

1256 703 1300 743 in
1329 716 1378 744 eo
1408 704 1754 755 lamentationes,
1790 706 1831 744 et
1858 716 2052 755 carmen,
2075 707 2115 744 et
2147 716 2211 745 vae
2234 716 2243 745 ε
2265 719 2285 742 »

1255 773 1576 817 lamentationes
1592 777 1807 827 justorum
1825 807 1834 826 ,
1859 786 2027 817 carmen
2053 776 2286 827 bonorum,

1254 855 1318 886 voe
1337 845 1651 886 damnatorum.
1674 850 1687 871 ⁸
1714 861 1733 884 «
1760 845 1933 887 Vocabit
1961 846 2163 886 Dominus
2183 846 2291 887 Deus

1254 915 1521 956 exercituum
1538 916 1583 955 in
1596 916 1660 957 die
1676 916 1746 956 illa
1759 917 1811 957 ad
1826 917 1986 968 ssetum,
2005 919 2045 956 et
2059 916 2288 969 planctum,

1255 989 1296 1026 et
1327 987 1379 1027 ad
1411 987 1629 1027 calvitium
1659 989 1700 1027 et
1731 988 1783 1027 ad
1814 988 2037 1039 cingulum
2067 988 2175 1028 sacci
2208 999 2218 1028 ε
2251 990 2292 1028 et

1254 1069 1347 1097 ecce
1369 1057 1590 1108 gaudium,
1614 1059 1654 1097 et
1675 1057 1820 1097 laetitia
1838 1057 2025 1097 occidere
2048 1057 2227 1108 vitulos,
2250 1060 2292 1098 et

1248 1128 1450 1180 jugulare
1470 1127 1638 1178 arietes,
1662 1128 1880 1168 comedere
1900 1140 2062 1178 carnes,
2088 1131 2126 1169 et
2146 1129 2290 1169 bibere

1254 1200 1420 1240 vinum.
1448 1214 1467 1237 ›)
1505 1199 1580 1240 Hic
1608 1199 1801 1252 planctus
1825 1212 2048 1252 nunquam
2078 1202 2140 1240 est
2171 1200 2288 1241 dese-

1253 1270 1410 1311 rendus
1424 1302 1434 1321 ,
1457 1271 1528 1311 sed
1548 1282 1715 1323 semper
1735 1270 1884 1311 Christi
1907 1271 2173 1312 mortificatio
2205 1272 2286 1312 cir-

1253 1342 1545 1392 cumferenda,
1593 1342 1637 1382 in
1679 1343 1801 1394 cujus
1845 1343 1989 1394 figura
2031 1342 2185 1383 dicitur
2219 1343 2232 1363 ⁹
2275 1357 2284 1383 ε

1259 1428 1278 1453 (ι
1310 1411 1581 1454 Levaverunt
1614 1412 1770 1461 David,
1801 1414 1842 1453 et
1874 1412 2058 1465 populus
2092 1414 2166 1466 qui
2197 1416 2289 1454 erat

1253 1497 1352 1526 cum
1372 1497 1435 1536 eo,
1460 1497 1584 1526 voces
1610 1497 1732 1535 suas,
1763 1487 1804 1525 et
1838 1485 2120 1537 planxerunt,
2156 1487 2289 1527 donec

1253 1557 1478 1597 deficerent
1505 1557 1549 1596 in
1581 1556 1641 1597 eis
1671 1556 1888 1610 lacrymae.
1921 1571 1941 1594 ))
1975 1557 2179 1608 Deficient
2219 1557 2283 1599 la-

1251 1638 1430 1680 crymoe,
1460 1640 1557 1668 cum
1594 1627 1846 1678 «absterget
1880 1627 1989 1667 Deus
2019 1639 2191 1668 omnem
2218 1628 2280 1669 la-

1251 1711 1443 1752 crymam
1463 1699 1516 1739 ab
1536 1698 1670 1739 oculis
1689 1701 1946 1749 sanctorum,
1962 1713 1981 1736 n
2004 1701 2051 1740 ut
2068 1699 2220 1740 dicitur
2241 1701 2284 1742 ¹⁰.

1252 1769 1374 1810 Hunc
1392 1771 1610 1823 planctum
1626 1769 1821 1822 sequitur
1840 1769 1911 1810 ille
1931 1782 2116 1822 magnus
2135 1771 2284 1822 saltus,

1251 1841 1302 1882 de
1321 1854 1406 1894 quo
1430 1846 1457 1867 1¹
1485 1856 1493 1882 ε
1513 1857 1531 1880 «
1554 1842 1676 1894 Aqua
1695 1854 1825 1894 quam
1847 1854 1928 1893 ego
1950 1842 2058 1882 dabo
2077 1842 2129 1892 ei,
2151 1843 2223 1883 fiet
2241 1843 2285 1884 in

1251 1925 1300 1953 eo
1320 1913 1412 1952 fons
1431 1924 1554 1965 aquae
1574 1913 1760 1953 salientis
1784 1912 1829 1953 in
1858 1913 1990 1954 vitam
2020 1916 2239 1954 aeternam.
2261 1929 2280 1952 n

1251 1984 1312 2024 Ibi
1332 1984 1446 2024 enim
1466 1984 1727 2036 implebitur,
1748 1984 1862 2036 quod
1882 1984 2036 2025 dicitur
2055 1985 2083 2006 ¹²
2105 1998 2113 2024 ε
2131 2000 2150 2023 «
2167 1985 2287 2026 Tunc

1250 2056 1496 2108 aperientur
1514 2055 1625 2096 oculi
1648 2067 1856 2095 caecorum
1872 2086 1885 2105 ,
1917 2058 1957 2096 et
1989 2068 2114 2097 aures
2135 2057 2286 2098 surdo-

1251 2139 1348 2167 rum
1368 2126 1571 2179 patebunt
1593 2139 1601 2167 ε
1621 2128 1722 2166 tunc
1742 2126 1862 2166 saliet
1882 2126 1990 2167 sicut
2008 2139 2160 2169 cervus
2174 2127 2287 2168 clau-

1253 2203 1351 2244 dus.
1374 2218 1393 2240 ))

1304 2275 1413 2316 Deus
1450 2275 1583 2327 igitur
1623 2275 1665 2314 in
1700 2274 1917 2328 Scriptura
1969 2287 2085 2316 sacra
2120 2277 2286 2317 utrum·

1249 2359 1332 2400 que
1358 2347 1538 2388 istorum
1570 2347 1824 2398 affectuum,
1847 2347 2064 2399 planctum
2099 2348 2280 2400 scilicet,

1249 2421 1290 2458 et
1310 2417 1480 2468 saltum,
1502 2418 1546 2457 in
1566 2417 1689 2457 nobis
1703 2417 1849 2458 volens
1866 2417 2079 2468 alternari,
2099 2418 2284 2459 condidit

1248 2489 1409 2530 cantica
1426 2489 1587 2529 laetitiae
1608 2489 1659 2528 ad
1680 2488 1903 2530 fovendam
1925 2488 2191 2529 devotionem
2208 2521 2220 2539 ,
2243 2492 2283 2530 et

1249 2561 1437 2601 carmina
1468 2560 1679 2600 moestitiae
1703 2560 1756 2600 ad
1785 2559 2055 2599 excitandum
2087 2559 2131 2600 in
2161 2560 2282 2601 nobis

1248 2631 1510 2671 salutiferum
1522 2630 1723 2670 dolorem.
1742 2629 1855 2669 Inter
1869 2630 2029 2670 cantica
2042 2630 2195 2672 laetitiae
2208 2644 2281 2671 ar-

1248 2715 1340 2743 cem
1355 2704 1468 2742 tenet
1489 2700 1710 2742 Canticum
1731 2699 2028 2751 Canticorum;
2049 2700 2159 2741 inter
2187 2713 2278 2742 car-

1248 2775 1364 2814 mina
1384 2772 1598 2814 moestitiae
1617 2774 1818 2812 tractatus
1843 2771 2116 2821 Threnorum,
2134 2774 2182 2812 ut
2201 2771 2282 2813 dici

1248 2845 1379 2899 possit
1397 2844 1666 2887 Lamentatio
1683 2843 2078 2893 Lamentationum,
2102 2855 2199 2895 quae
2219 2847 2281 2885 est

1247 2917 1397 2958 ultima
1433 2928 1529 2969 pars
1563 2915 1753 2957 Jeremice
1792 2926 1806 2955 .·
1838 2913 2034 2966 quamvis
2067 2914 2198 2966 aliqui
2228 2913 2281 2953 li-

1247 2990 1374 3029 brum
1388 2987 1631 3029 distinctum
1652 2986 1786 3038 ipsam
1805 2984 2029 3038 appellent,
2049 2984 2157 3024 sicut
2176 2984 2281 3025 Can-

1248 3062 1334 3103 tica
1354 3059 1641 3101 canticoram.
1662 3056 1865 3098 Jeremias
1884 3055 1953 3096 hic
1973 3054 2145 3108 quidem
2155 3056 2281 3107 juxta

1246 3132 1433 3172 litteram
1461 3129 1650 3182 deplorat
1675 3126 1954 3182 temporalem
1981 3125 2278 3168 adversitatem

1248 3202 1492 3256 Synagogae
1512 3201 1661 3241 factam
1679 3231 1690 3250 ,
1713 3199 1802 3240 sive
1823 3209 1898 3251 per
1917 3196 2128 3238 Romanos
2142 3229 2153 3249 ,
2188 3197 2280 3239 sive

1250 3337 1348 3369 wa,
1377 3330 1427 3361 10.
1453 3323 1494 3350 -'-
1520 3326 1530 3347 7
1562 3324 1693 3365 Ezech„
1716 3332 1764 3363 11,
1788 3325 1820 3355 9.
1841 3340 1880 3346 —
1904 3323 1914 3341 ⁸
1937 3323 2015 3364 ssa„
2041 3330 2133 3361 xxn,
2166 3326 2216 3355 12.
2238 3340 2280 3350 -

1248 3378 1259 3396 ⁹
1283 3378 1291 3408 l
1315 3377 1405 3417 Κεφ,
1430 3382 1521 3414 xxx,
1544 3374 1593 3405 14.
1618 3389 1658 3395 -
1683 3373 1708 3394 ¹⁰
1725 3372 1839 3412 Apoc„
1863 3378 1936 3411 xxi,
1952 3372 1982 3402 4.
2004 3388 2039 3393 -
2061 3372 2084 3392 ¹¹
2102 3372 2209 3411 Joan.,
2229 3379 2278 3412 1v,

1250 3426 1298 3458 14.
1318 3442 1360 3449 —
1381 3424 1406 3446 ¹²
1425 3424 1505 3462 Isa„
1526 3428 1631 3460 xxxv,
1650 3422 1681 3460 5,
1702 3419 1834 3459 6.—(a)
1849 3419 1923 3459 Leq.
1945 3418 2098 3451 exiliunt.
