2587 3845
1139 159 1308 202 CAPUT
1336 160 1388 203 VI
1395 191 1404 201 .
2283 171 2332 209 47

214 254 360 307 parata
394 251 610 293 invenitur
646 252 796 305 prior3
829 266 849 290 »
887 250 987 303 quia
1027 248 1238 289 illuminat

215 322 466 375 spiritualia,
484 322 596 374 quod
615 324 752 375 maJus
772 324 833 362 est
846 332 973 374 quam
996 319 1237 359 illuminare

215 392 462 446 corporalia.
483 393 628 434 Omnes
640 395 715 446 qui
725 393 917 445 proeestis
934 390 1120 443 populis,
1141 392 1237 436 etc„

215 465 258 505 id
295 467 357 505 est
376 495 390 515 ¹,
429 477 506 505 vos
541 466 693 513 etiam,
731 465 916 504 minores
954 461 1164 514 principes
1201 463 1240 501 et

215 535 393 588 praelati.

269 606 336 646 24.
370 606 486 658 Quid
517 611 577 649 est
607 611 768 656 autem,
790 607 886 655 etc„
910 604 986 644 Hic
1016 603 1167 643 ultimo
1198 615 1242 643 se

218 677 425 729 promittit
445 678 592 718 docere
621 676 869 729 sapientiam
895 690 903 716 :
932 677 973 715 et
992 675 1128 727 primo
1148 677 1240 714 tan-

220 747 284 798 git
303 748 503 788 doetrinae
525 747 924 795 manifestationem
949 745 1153 795 secundo,
1173 744 1245 784 do-

218 817 338 857 cendi
359 818 602 858 fidelitatem
626 832 634 858 :
659 818 712 859 Et
727 828 885 869 ponam
905 819 954 858 in
974 816 1125 866 lucem,
1145 818 1241 864 etc.;

218 887 363 936 tertio,
386 888 582 929 audiendi
612 887 834 928 utilitatem
859 902 867 927 :
900 885 1137 928 Multitudo
1165 896 1242 926 au-

220 961 316 1008 tem,
330 961 425 1008 etc.;
441 961 604 1011 quarto,
624 958 848 1011 subiungit
862 970 983 998 suam
1005 956 1054 996 ad
1073 955 1246 996 audien-

219 1027 322 1068 dum
347 1028 684 1069 exhortationem
705 1042 713 1068 :
734 1029 842 1081 Erqo
862 1028 1056 1080 accipite,
1082 1029 1159 1066 etc.

277 1099 390 1145 Quid
417 1104 557 1141 autem
585 1105 645 1142 est
671 1100 888 1152 sapientia
913 1114 922 1149 3
955 1098 1075 1151 quasi
1102 1097 1211 1137 dicat
1236 1108 1246 1136 :

223 1168 469 1210 Invitamini
487 1182 562 1210 vos
579 1170 630 1210 ad
649 1170 897 1223 sapientiam
912 1184 921 1219 ;
939 1173 978 1209 et
998 1172 1043 1209 ut
1064 1167 1249 1220 acquies-

222 1239 341 1290 catis,
363 1241 570 1291 reseram,
599 1244 676 1280 etc.
701 1240 774 1280 Vel
795 1240 853 1279 sic
876 1238 1210 1279 continuandum
1234 1251 1242 1276 :

222 1307 451 1361 Hucusque
471 1311 616 1350 monui
638 1310 689 1350 ad
709 1309 981 1361 sapientiam3
999 1313 1154 1357 autem,
1172 1318 1249 1358 pro

222 1378 313 1429 sed,
335 1368 487 1420 amodo
513 1380 695 1431 referam
714 1379 823 1432 quid
843 1384 905 1422 est
923 1379 1151 1430 sapientia,
1169 1381 1246 1417 etc.

223 1448 327 1490 Ecce
347 1462 508 1502 magna
525 1450 749 1503 promissio
765 1452 773 1472 ¹
791 1462 801 1490 :
824 1465 843 1489 <‹
864 1449 1118 1490 Abscondita
1133 1448 1248 1488 enim

223 1522 286 1560 est
305 1520 356 1560 ab
378 1520 511 1560 oculis
530 1521 726 1561 omnium
746 1520 1000 1561 viventium.
1026 1534 1044 1556 ι)
1069 1519 1250 1559 Verum-

224 1594 367 1631 tamen
394 1590 651 1632 revelatione
676 1590 859 1643 Spiritus
879 1590 1009 1630 sancti
1042 1589 1156 1629 nosci
1176 1600 1252 1641 po-

224 1664 328 1712 test,
349 1661 458 1714 quid
477 1666 565 1713 es-t,
587 1662 762 1715 inquam
776 1693 787 1712 ,
811 1662 1026 1714 sapientia
1051 1661 1248 1710 increata,

225 1733 267 1774 id
286 1738 368 1785 est,
389 1734 550 1787 qualis:
568 1734 619 1774 de
637 1735 724 1787 ipsa
737 1734 852 1774 euim
873 1746 956 1774 non
978 1735 1112 1785 potest
1132 1731 1251 1779 sciri,

227 1803 382 1844 scilicet
409 1804 642 1845 secundum
672 1805 897 1845 essentiam
926 1803 1029 1856 quid
1063 1802 1143 1852 sit,
1178 1813 1255 1841 nec

229 1873 335 1924 dici;
369 1874 439 1915 sed
477 1874 638 1928 qualis,
671 1874 873 1927 quoniam
910 1874 1035 1923 bona,
1073 1875 1251 1922 aeterna,

229 1943 516 1997 omnipotens,
549 1949 627 1986 etc.
662 1946 718 1987 De
749 1944 954 1998 sapientia
981 1956 1083 1985 vero
1115 1945 1255 1983 creata

230 2015 327 2055 sciri
356 2018 512 2068 potest,
541 2019 581 2056 et
615 2017 695 2057 dici
723 2016 824 2069 quid
844 2016 911 2056 sit.
936 2014 1054 2056 Unde
1077 2015 1254 2066 Augus-

229 2086 344 2126 tinus
366 2099 375 2125 :
405 2085 655 2139 «Sapientia
679 2090 740 2127 est
773 2086 959 2139 cognitio
980 2097 1124 2126 rerum
1147 2083 1254 2124 divi-

229 2168 401 2198 narum.
428 2171 448 2194 2>
489 2157 544 2199 Et
578 2157 794 2210 qualiter,
827 2160 863 2199 ei
901 2154 1258 2210 quemadmodum

229 2227 346 2278 facta
369 2228 454 2278 sit,
477 2227 519 2268 id
539 2231 623 2279 est,
649 2229 829 2282 qualiter
865 2229 1011 2280 genita
1033 2228 1083 2268 de
1106 2226 1226 2267 Patre
1245 2257 1255 2276 ,

232 2298 387 2339 scilicet
414 2301 576 2339 aeterna
607 2299 810 2352 sapientia
827 2330 837 2347 ‚
862 2311 959 2352 quae
993 2301 1054 2339 est
1083 2297 1155 2338 Dei
1187 2296 1255 2337 Fi-

232 2369 315 2410 lius
335 2374 349 2395 ³
370 2382 380 2410 :
408 2385 427 2409 (ι
447 2370 660 2411 Christum
696 2370 766 2410 Dei
795 2371 995 2411 virtutem
1019 2372 1059 2410 et
1091 2369 1260 2421 sapien-

233 2440 351 2481 tiam.
380 2455 399 2478 n
442 2440 517 2483 Vel
544 2440 898 2493 quemadmodum
935 2442 1081 2491 facta,
1120 2440 1162 2478 isl
1199 2442 1261 2479 est

236 2515 398 2561 creata,
421 2512 456 2550 si
488 2513 728 2563 exponatur
761 2511 811 2550 de
840 2514 980 2551 creata
998 2511 1011 2532 ³
1034 2522 1044 2550 ε
1077 2525 1096 2548 «
1117 2509 1260 2550 Primo

236 2581 431 2622 omnium
449 2584 587 2639 creata
606 2584 669 2621 est
688 2581 904 2634 sapientia.
927 2595 945 2618 υ
973 2581 1077 2621 Item
1095 2584 1109 2605 ¹⁹
1127 2595 1135 2620 :
1158 2595 1177 2618 «
1197 2580 1261 2620 Ab

236 2650 356 2692 initio
384 2654 426 2692 et
454 2655 550 2693 ante
580 2652 733 2692 saecula
753 2654 892 2691 creata
919 2664 1076 2702 su1n‚›>
1104 2650 1147 2691 id
1175 2653 1260 2701 est,

236 2720 438 2774 disposita
457 2721 605 2762 creari.
627 2721 681 2764 Et
702 2732 788 2763 non
820 2720 1075 2763 abscondam
1101 2734 1127 2760 α
1146 2720 1263 2763 vobis

238 2796 548 2834 sacramentum
578 2792 668 2840 Dei,
700 2792 741 2832 id
770 2795 832 2832 est
856 2823 866 2841 ‚
890 2804 1010 2832 sacra
1039 2795 1080 2832 et
1107 2794 1265 2832 secreta

239 2874 367 2915 opera
394 2863 609 2916 sapientiae
629 2862 716 2903 Dei.
737 2862 887 2903 Contra
910 2862 922 2883 ⁵
946 2877 954 2903 :
983 2879 1002 2902 (ι
1021 2862 1265 2903 Sacramen-

239 2934 334 2973 tum
353 2933 472 2985 regis
501 2933 758 2974 abscondere
791 2933 955 2974 bonum
975 2937 1051 2974 est.
1072 2948 1092 2971 ›)
1117 2932 1263 2974 Dicen—

241 3003 345 3044 dum
367 3036 378 3054 ‚
414 3004 528 3057 quod
563 3004 841 3044 tentatoribus
880 3004 1003 3044 debet
1041 3004 1263 3055 abscondi,

242 3075 501 3116 amatoribus
532 3075 653 3116 debet
678 3074 873 3116 revelari.
911 3074 1056 3115 Unde⁶
1089 3088 1097 3114 :
1135 3088 1154 3111 <‹
1182 3072 1266 3115 Vos

243 3150 386 3187 autem
404 3147 492 3187 dixi
523 3147 701 3198 amicos,
724 3146 824 3199 quia
854 3146 1020 3196 omnia,
1043 3157 1266 3198 quaecum-

245 3228 327 3268 que
358 3217 502 3259 audivi
519 3230 544 3258 a
563 3220 680 3270 patre
712 3229 832 3266 meo,
852 3220 952 3258 nota
980 3216 1058 3257 feci
1086 3216 1219 3258 vobis.
1241 3229 1261 3254 ›>

288 3299 296 3316 ¹
316 3298 387 3339 Job,
407 3307 530 3339 xxviii,
550 3300 601 3331 21.
618 3317 654 3322 -
678 3299 714 3330 ²1
737 3298 826 3339 Cor„
848 3306 872 3338 1,
892 3300 943 3330 24.
957 3316 998 3323 —-
1015 3299 1028 3320 ³
1049 3298 1166 3338 Ecca„
1187 3306 1212 3338 1,
1235 3299 1266 3330 4.

245 3361 285 3367 —
303 3345 315 3363 ⁴
331 3345 450 3385 Eccli„
469 3354 566 3387 xxw,
592 3349 642 3378 14.
661 3364 703 3370 —
721 3347 734 3368 ⁵
755 3346 843 3384 Toa,
866 3353 930 3386 ΧΠ,
953 3347 1023 3377 7.-
1049 3346 1061 3364 ‘³
1078 3347 1188 3382 Joan„
1210 3353 1266 3385 xv,

247 3393 296 3422 15.
317 3408 357 3414 —
376 3392 389 3413 ⁷
412 3394 546 3432 Matth„
566 3401 619 3434 XI,
640 3395 690 3425 25.
716 3411 752 3416 -
775 3392 789 3414 ⁸
809 3393 910 3432 Dan„
929 3395 1034 3433 1,17.
1058 3410 1092 3415 -
1118 3393 1129 3410 ⁹
1149 3391 1267 3433 Eccli„

245 3446 340 3479 xxiv,
357 3440 407 3470 31.
424 3456 464 3463 -
485 3441 508 3459 ¹⁰
523 3440 643 3479 Eccli„
663 3448 796 3480 xxxvii,
816 3443 867 3472 20.
886 3457 921 3462 —
945 3441 972 3462 ¹²
990 3441 1104 3480 Proo„
1124 3446 1197 3479 xiv,
1215 3441 1265 3470 36.

1314 249 1418 290 Item
1439 281 1451 299 ,
1492 248 1785 289 abscondenda
1819 249 2011 302 superbis
2047 253 2332 305 sapientibus,

1313 321 1383 361 sed
1406 320 1632 360 revelanda
1662 319 1850 372 parvulis
1872 319 2120 361 humilibus,
2150 321 2267 363 Unde
2284 328 2298 349 ⁷
2322 339 2330 363 ε

1320 406 1338 428 α
1358 389 1619 430 Abscondisti
1643 390 1735 430 haec
1751 402 1775 429 a
1796 390 2053 442 sapientibus
2067 395 2107 431 et
2126 394 2339 444 prudenti-

1313 461 1415 511 bus,
1439 463 1479 500 et
1503 461 1698 500 revelasti
1727 473 1776 501 ea
1802 461 1992 513 parvulis
2007 493 2019 511 ,
2044 476 2063 499 1>
2086 462 2127 502 id
2149 466 2233 514 est,
2257 464 2337 504 hu-

1314 531 1498 570 milibus.
1528 530 1652 581 item,
1675 543 1762 571 non
1791 531 1976 582 gulosis,
2001 531 2073 572 sed
2090 532 2337 573 abstinenti-

1314 601 1417 650 hus,
1441 603 1489 640 ut
1523 603 1634 652 patet
1657 600 1685 640 ⁸.
1710 601 1798 642 Sed
1823 600 1874 642 ab
1903 602 2032 643 initio
2061 603 2307 645 nativitatis
2326 636 2338 654 ,

1315 671 1358 711 id
1377 675 1464 720 est,
1487 670 1688 710 humanae
1713 702 1725 720 ,
1748 670 1815 711 vel
1846 672 1980 723 ipsius
2008 673 2246 725 sapientiae,
2269 676 2338 716 in-

1316 741 1528 794 vesctqabo
1553 773 1562 792 ,
1598 742 1855 782 ostendendo
1889 742 2025 794 ipsam
2050 756 2075 783 a
2103 744 2186 785 Deo
2219 744 2342 786 Patre

1317 812 1556 865 procedere.
1580 813 1634 855 Et
1650 823 1807 865 ponam
1825 813 1874 853 in
1906 813 2060 862 lucem,
2085 815 2239 856 scilicet
2260 828 2343 857 ma-

1319 883 1616 934 nifestationi5‚
1638 885 1863 926 scientiam
1893 884 2038 935 illius,
2061 884 2169 926 clare
2189 887 2341 927 docen-

1319 953 1371 993 do
1391 954 1435 994 ⁹:
1464 969 1482 991 ε(
1512 953 1591 1002 Qui
1621 954 1832 995 elucidant
1863 966 1952 1002 me,
1974 954 2109 994 vitam
2141 959 2343 998 aeternam

1319 1025 1551 1065 habebunt.
1590 1039 1608 1061 ι)
1643 1026 1697 1067 Et
1727 1036 1813 1067 non
1842 1024 2063 1077 praeteribo
2100 1028 2343 1079 veritatem,

1321 1095 1422 1136 falsa
1450 1097 1718 1137 admiscendo
1748 1097 1775 1119 ¹⁰
1810 1111 1818 1137 :
1858 1112 1876 1134 α
1905 1097 2013 1136 Ante
2045 1099 2189 1138 omnia
2220 1111 2347 1152 opera

1324 1167 1503 1207 verbum
1531 1179 1662 1208 verax
1692 1168 1899 1220 praecedat
1919 1172 1972 1209 te.
2009 1181 2027 1204 ι)
2050 1169 2344 1220 Augustinus:

1324 1252 1343 1275 α
1366 1237 1580 1278 Bonorum
1596 1239 1873 1290 ingeniorum
1887 1241 2066 1294 insignis
2086 1241 2248 1282 indoles
2268 1246 2344 1292 est,

1323 1308 1367 1347 in
1388 1309 1528 1348 verbis
1547 1322 1698 1349 verum
1720 1323 1877 1361 amare,
1900 1326 1986 1353 non
2007 1314 2151 1354 verba.
2177 1328 2196 1350 ι)

1377 1382 1442 1419 25.
1464 1379 1604 1431 Neque
1627 1391 1719 1421 cum
1742 1381 1915 1423 invidia
1936 1383 2184 1433 tabescente,
2202 1383 2242 1423 id
2262 1387 2346 1433 est,

1323 1449 1534 1490 tabescere
1561 1451 1736 1491 faciente
1756 1453 1780 1474 ¹¹
1811 1465 1821 1492 :
1848 1469 1867 1491 «
1888 1453 2071 1494 Putredo
2103 1455 2260 1495 ossium
2290 1455 2349 1494 in—

1326 1520 1465 1569 vidia;
1491 1535 1508 1557 n
1538 1520 1638 1560 item
1671 1521 1713 1560 in
1734 1521 1901 1563 Psalmo
1923 1525 1952 1548 ¹²
1979 1538 1987 1564 :
2017 1539 2035 1562 «
2060 1523 2256 1565 Peccator
2285 1525 2346 1565 vi-

1327 1590 1459 1640 debit,
1481 1594 1521 1631 et
1542 1591 1770 1641 irascetur3
1793 1593 1984 1634 dentibus
2003 1594 2089 1634 suis
2114 1595 2286 1645 fremet,
2311 1599 2352 1635 et

1327 1660 1509 1700 tabescet
1533 1675 1540 1700 :
1565 1675 1583 1697 ›>
1610 1661 1693 1702 iter
1713 1662 1837 1703 liabeo
1853 1694 1865 1712 ,
1887 1664 1985 1715 quia
2004 1665 2187 1716 pessima
2207 1668 2268 1704 est
2290 1677 2352 1704 so-

1328 1732 1414 1777 cia,
1448 1732 1622 1772 devorat
1651 1733 1764 1772 enim
1795 1733 2012 1774 hominem
2040 1735 2147 1775 sicut
2176 1737 2261 1776 sera
2290 1736 2348 1776 ¹³:

1335 1818 1353 1840 α
1373 1802 1479 1843 Fera
1498 1803 1676 1855 pessima
1707 1804 1886 1844 comedit
1917 1817 2015 1844 eum
2039 1820 2046 1845 :
2072 1805 2203 1846 bestia
2223 1806 2353 1847 devo-

1328 1873 1438 1913 ravit
1466 1872 1632 1925 Joseph.
1665 1887 1684 1909 »
1711 1872 1820 1913 Talis
1845 1878 1934 1914 erat
1966 1874 2128 1928 Moyses
2147 1908 2156 1926 ‚
2186 1877 2227 1917 id
2259 1880 2350 1927 est,

1328 1955 1415 1983 non
1446 1943 1642 1992 invidus;
1671 1943 1832 1983 dicebat
1852 1945 1966 1985 enim
1990 1945 2019 1970 ²⁸
2047 1960 2054 1985 :
2085 1946 2220 1995 «Quis
2248 1948 2354 1988 mihi

1330 2016 1512 2066 tribuat,
1535 2019 1583 2056 ut
1604 2017 1744 2056 omnis
1764 2016 1945 2069 populus
1963 2018 2184 2070 prophetet
2202 2050 2212 2068 ,
2232 2022 2272 2059 et
2287 2019 2357 2060 det

1332 2087 1391 2127 eis
1411 2087 1606 2139 spiritum
1638 2088 1796 2128 suum?
1817 2103 1835 2125 n
1868 2088 2075 2134 Quoniam
2094 2088 2196 2131 talis
2215 2089 2353 2137 homo,

1332 2157 1489 2198 scilicet
1517 2158 1706 2207 invidus,
1728 2170 1814 2201 non
1840 2161 1920 2201 erit
1947 2161 2162 2212 particeps
2182 2162 2355 2214 sapien-

1333 2231 1428 2278 ztoe3
1467 2229 1579 2269 uude
1613 2242 1740 2282 supra
1768 2234 1827 2270 ¹⁵:
1862 2246 1880 2268 (ι
1903 2230 1950 2270 ln
1982 2232 2233 2272 malevolam
2265 2232 2355 2272 ani-

1334 2312 1463 2350 mam,
1488 2315 1506 2337 »
1532 2304 1609 2341 etc.
1633 2302 1662 2327 ¹⁶
1689 2316 1708 2339 α
1728 2301 1897 2341 Homini
1918 2301 2061 2352 livido,
2083 2318 2102 2340 »
2129 2303 2171 2343 id
2193 2306 2278 2351 est,
2300 2304 2360 2343 in-

1333 2371 1446 2422 vido,
1477 2387 1496 2410 «
1516 2372 1564 2411 al
1588 2372 1686 2424 quid
1709 2384 1862 2411 aurum
1886 2373 1906 2411 ‘3
1926 2386 1945 2409 ›)
1966 2372 2008 2412 id
2030 2376 2106 2423 est,
2139 2374 2356 2426 sapientia,

1335 2454 1432 2492 quae
1460 2454 1616 2481 aurum
1648 2442 1880 2493 appellatur
1914 2447 2086 2495 propter
2115 2456 2234 2483 suam
2263 2456 2356 2496 pre-

1335 2512 1561 2551 tiositatem
1584 2515 1613 2537 ¹⁷
1637 2526 1645 2550 :
1676 2527 1694 2549 c(
1715 2510 1939 2552 Pretiosior
1969 2517 2031 2553 est
2060 2513 2173 2553 enim
2200 2514 2361 2554 cunctis

1336 2583 1502 2635 opibus.
1523 2597 1542 2619 ›>

1390 2655 1455 2693 ⁶26.
1483 2652 1714 2695 Multitudo
1745 2658 1912 2704 aulem,
1937 2656 2032 2704 etc.;
2055 2655 2173 2707 quasi
2198 2669 2206 2696 z
2227 2654 2278 2695 Et
2297 2654 2363 2695 de-

1338 2724 1444 2764 betis
1477 2724 1622 2764 audire
1644 2739 1654 2774 ;
1685 2730 1844 2775 autem,
1868 2737 1944 2777 pro
1971 2727 2075 2777 quia
2096 2739 2110 2770 ‚·
2135 2725 2363 2768 multitudo

1338 2795 1598 2846 sapientium
1620 2826 1631 2845 ,
1672 2794 1815 2835 Glossa
1848 2810 1857 2836 ε
1894 2811 1914 2833 α
1945 2800 2077 2836 coetus
2116 2797 2362 2849 praedicato-

1339 2877 1460 2915 rum,
1491 2879 1510 2902 »
1534 2865 1705 2907 sanitas
1736 2871 1796 2908 est
1826 2866 1938 2908 orbis
1972 2871 2208 2918 terrarum,
2230 2868 2272 2908 id
2304 2870 2365 2908 est

1340 2947 1464 2974 causa
1484 2934 1674 2974 sanitatis
1695 2938 1724 2960 ¹⁸
1746 2949 1783 2976 z«
1804 2935 1883 2976 Ubi
1902 2949 1989 2977 non
2008 2940 2069 2977 est
2088 2938 2363 2989 gubernator,

1340 3005 1521 3058 populus
1552 3009 1752 3056 corruet3
1791 3006 1904 3047 salus
1941 3011 2083 3048 aulem
2120 3008 2196 3048 ubi
2233 3008 2366 3049 multa

1341 3074 1531 3116 concilia.
1553 3090 1571 3112 n
1600 3074 1679 3124 Qui
1699 3088 1802 3127 ergo
1822 3077 1966 3118 obviat
1985 3079 2237 3131 sapientium
2261 3078 2367 3118 mul-

1340 3144 1589 3198 tiplicationi
1609 3145 1676 3185 vel
1697 3146 1984 3199 multitudini,
2012 3149 2155 3191 obviat
2173 3149 2286 3190 orbis
2306 3162 2365 3189 sa-

1340 3215 1443 3256 luti:
1473 3217 1514 3255 et
1534 3215 1626 3255 ideo
1646 3215 1740 3256 talis
1759 3216 1880 3258 debet
1912 3231 2002 3259 esse
2026 3219 2121 3260 odio
2152 3220 2229 3260 toti
2256 3219 2362 3260 orbi.

1341 3363 1381 3369 —
1403 3346 1428 3368 ¹²
1442 3345 1531 3377 Psal.
1552 3353 1621 3386 cxi,
1646 3348 1691 3379 10.
1715 3364 1749 3369 —
1767 3346 1791 3367 ¹³
1809 3346 1902 3387 Gen„
1932 3356 2064 3388 xxxvii,
2081 3351 2131 3380 33.
2148 3367 2185 3374 -
2207 3348 2232 3370 ¹⁴
2251 3348 2364 3390 Num„

1342 3401 1397 3433 xi,
1429 3395 1480 3425 29.
1512 3410 1553 3416 -
1587 3394 1614 3415 ¹⁵
1647 3394 1738 3433 Sap.²
1770 3402 1801 3433 1,
1831 3395 1860 3426 1ο.
1891 3412 1930 3418 -
1961 3396 1988 3417 ¹⁶
2014 3395 2134 3436 EJclz'„
2160 3404 2230 3436 xiv,
2263 3398 2292 3427 3.
2325 3414 2365 3421 —

1343 3441 1365 3459 ¹⁷
1382 3441 1492 3479 Prov„
1514 3448 1565 3480 ιιι,
1588 3441 1638 3471 ¹5.
1655 3457 1694 3463 -
1714 3439 1739 3462 ¹⁸
1755 3442 1864 3481 Pron,
1884 3449 1934 3481 xi,
1957 3444 2005 3473 14.
