<?xml version="1.0" encoding="UTF-8"?>
<!DOCTYPE html PUBLIC "-//W3C//DTD XHTML 1.0 Transitional//EN"
    "http://www.w3.org/TR/xhtml1/DTD/xhtml1-transitional.dtd">
<html xmlns="http://www.w3.org/1999/xhtml" xml:lang="en" lang="en">
 <head>
  <title>
</title>
<meta http-equiv="Content-Type" content="text/html;charset=utf-8" />
  <meta name='ocr-system' content='tesseract 3.04.00' />
  <meta name='ocr-capabilities' content='ocr_page ocr_carea ocr_par ocr_line ocrx_word'/>
</head>
<body>
  <div class='ocr_page' id='page_1' title='image "./operaomniasixtiv10bonauoft/operaomniasixtiv10bonauoft_0640.png"; bbox 0 0 2634 3853; ppageno 0'>
   <div class='ocr_carea' id='block_1_1' title="bbox 261 227 338 266">
    <p class='ocr_par' dir='ltr' id='par_1_1' title="bbox 261 227 338 266">
     <span class='ocr_line' id='line_1_1' title="bbox 261 227 338 266; baseline -0.013 0"><span class='ocrx_word' id='word_1_1' title='bbox 261 227 338 266; x_wconf 82' lang='lat'>618</span> 
     </span>
    </p>
   </div>
   <div class='ocr_carea' id='block_1_2' title="bbox 250 314 1285 3326">
    <p class='ocr_par' dir='ltr' id='par_1_2' title="bbox 250 314 1285 1987">
     <span class='ocr_line' id='line_1_2' title="bbox 260 314 1284 364; baseline -0.004 -10"><span class='ocrx_word' id='word_1_2' title='bbox 260 314 358 364; x_wconf 84' lang='lat' dir='ltr'>ciae,</span> <span class='ocrx_word' id='word_1_3' title='bbox 379 316 420 353; x_wconf 91' lang='lat' dir='ltr'>et</span> <span class='ocrx_word' id='word_1_4' title='bbox 447 314 654 363; x_wconf 85' lang='lat' dir='ltr'>carnales,</span> <span class='ocrx_word' id='word_1_5' title='bbox 678 314 723 353; x_wconf 92' lang='lat' dir='ltr'>in</span> <span class='ocrx_word' id='word_1_6' title='bbox 753 314 899 354; x_wconf 87' lang='lat' dir='ltr'>eodem</span> <span class='ocrx_word' id='word_1_7' title='bbox 926 324 969 353; x_wconf 88' lang='lat' dir='ltr'>se</span> <span class='ocrx_word' id='word_1_8' title='bbox 995 324 1080 352; x_wconf 90' lang='lat' dir='ltr'>non</span> <span class='ocrx_word' id='word_1_9' title='bbox 1111 322 1284 363; x_wconf 89' lang='lat' dir='ltr'>compa-</span> 
     </span>
     <span class='ocr_line' id='line_1_3' title="bbox 258 380 1281 434; baseline -0.005 -10"><span class='ocrx_word' id='word_1_10' title='bbox 258 385 438 424; x_wconf 90' lang='lat' dir='ltr'>tiuntur.</span> <span class='ocrx_word' id='word_1_11' title='bbox 466 397 484 420; x_wconf 78' lang='lat'>1&gt;</span> <span class='ocrx_word' id='word_1_12' title='bbox 512 383 710 424; x_wconf 73' lang='lat' dir='ltr'>Mentitur</span> <span class='ocrx_word' id='word_1_13' title='bbox 735 387 877 423; x_wconf 82' lang='lat' dir='ltr'>tamen</span> <span class='ocrx_word' id='word_1_14' title='bbox 902 383 1001 431; x_wconf 84' lang='lat' dir='ltr'>iste,</span> <span class='ocrx_word' id='word_1_15' title='bbox 1035 383 1135 434; x_wconf 86' lang='lat' dir='ltr'>quia</span> <span class='ocrx_word' id='word_1_16' title='bbox 1166 380 1281 429; x_wconf 87' lang='lat' dir='ltr'>talis,</span> 
     </span>
     <span class='ocr_line' id='line_1_4' title="bbox 259 452 1280 506; baseline -0.004 -12"><span class='ocrx_word' id='word_1_17' title='bbox 259 454 336 494; x_wconf 89' lang='lat' dir='ltr'>etsi</span> <span class='ocrx_word' id='word_1_18' title='bbox 356 454 409 493; x_wconf 90' lang='lat' dir='ltr'>sit</span> <span class='ocrx_word' id='word_1_19' title='bbox 427 453 772 506; x_wconf 68' lang='lat' dir='ltr'>concupiscentia}</span> <span class='ocrx_word' id='word_1_20' title='bbox 792 465 953 503; x_wconf 86' lang='lat' dir='ltr'>servus,</span> <span class='ocrx_word' id='word_1_21' title='bbox 976 455 1109 505; x_wconf 89' lang='lat' dir='ltr'>potest</span> <span class='ocrx_word' id='word_1_22' title='bbox 1126 452 1280 499; x_wconf 84' lang='lat' dir='ltr'>facere,</span> 
     </span>
     <span class='ocr_line' id='line_1_5' title="bbox 260 521 1284 576; baseline -0.003 -12"><span class='ocrx_word' id='word_1_23' title='bbox 260 535 344 576; x_wconf 87' lang='lat' dir='ltr'>quo</span> <span class='ocrx_word' id='word_1_24' title='bbox 363 524 468 564; x_wconf 86' lang='lat' dir='ltr'>sacto</span> <span class='ocrx_word' id='word_1_25' title='bbox 490 524 641 563; x_wconf 83' lang='lat' dir='ltr'>habeat</span> <span class='ocrx_word' id='word_1_26' title='bbox 659 523 856 574; x_wconf 81' lang='lat' dir='ltr'>gratiam,</span> <span class='ocrx_word' id='word_1_27' title='bbox 879 535 954 573; x_wconf 89' lang='lat' dir='ltr'>per</span> <span class='ocrx_word' id='word_1_28' title='bbox 983 534 1112 574; x_wconf 87' lang='lat' dir='ltr'>quam</span> <span class='ocrx_word' id='word_1_29' title='bbox 1132 521 1284 561; x_wconf 87' lang='lat' dir='ltr'>habeat</span> 
     </span>
     <span class='ocr_line' id='line_1_6' title="bbox 259 593 1281 645; baseline -0.002 -11"><span class='ocrx_word' id='word_1_30' title='bbox 259 594 455 635; x_wconf 90' lang='lat' dir='ltr'>domandi</span> <span class='ocrx_word' id='word_1_31' title='bbox 487 593 881 645; x_wconf 84' lang='lat' dir='ltr'>concupiscentiam.</span> <span class='ocrx_word' id='word_1_32' title='bbox 904 593 1020 633; x_wconf 90' lang='lat' dir='ltr'>Unde</span> <span class='ocrx_word' id='word_1_33' title='bbox 1048 593 1098 632; x_wconf 87' lang='lat' dir='ltr'>ad</span> <span class='ocrx_word' id='word_1_34' title='bbox 1131 593 1281 634; x_wconf 83' lang='lat' dir='ltr'>Roma-</span> 
     </span>
     <span class='ocr_line' id='line_1_7' title="bbox 258 662 1285 715; baseline -0.005 -9"><span class='ocrx_word' id='word_1_35' title='bbox 258 675 334 706; x_wconf 81' lang='lat' dir='ltr'>nos</span> <span class='ocrx_word' id='word_1_36' title='bbox 355 666 388 703; x_wconf 95' lang='lat'>¹:</span> <span class='ocrx_word' id='word_1_37' title='bbox 408 680 426 700; x_wconf 92' lang='lat'>«</span> <span class='ocrx_word' id='word_1_38' title='bbox 450 662 596 702; x_wconf 78' lang='lat' dir='ltr'><strong>Infelix</strong></span> <span class='ocrx_word' id='word_1_39' title='bbox 616 674 698 714; x_wconf 87' lang='lat' dir='ltr'>ego</span> <span class='ocrx_word' id='word_1_40' title='bbox 718 663 862 713; x_wconf 88' lang='lat' dir='ltr'>homo,</span> <span class='ocrx_word' id='word_1_41' title='bbox 890 664 986 715; x_wconf 89' lang='lat' dir='ltr'>quis</span> <span class='ocrx_word' id='word_1_42' title='bbox 1005 674 1072 702; x_wconf 91' lang='lat' dir='ltr'>me</span> <span class='ocrx_word' id='word_1_43' title='bbox 1092 662 1285 702; x_wconf 79' lang='lat' dir='ltr'>liberabit</span> 
     </span>
     <span class='ocr_line' id='line_1_8' title="bbox 258 733 1284 786; baseline -0.002 -11"><span class='ocrx_word' id='word_1_44' title='bbox 258 735 309 775; x_wconf 89' lang='lat' dir='ltr'>de</span> <span class='ocrx_word' id='word_1_45' title='bbox 342 745 514 786; x_wconf 80' lang='lat' dir='ltr'>corpore</span> <span class='ocrx_word' id='word_1_46' title='bbox 551 733 697 785; x_wconf 86' lang='lat' dir='ltr'>mortis</span> <span class='ocrx_word' id='word_1_47' title='bbox 727 733 888 785; x_wconf 74' lang='lat' dir='ltr'>huJus‘?</span> <span class='ocrx_word' id='word_1_48' title='bbox 919 749 938 771; x_wconf 84' lang='lat'>»</span> <span class='ocrx_word' id='word_1_49' title='bbox 974 734 1024 774; x_wconf 89' lang='lat' dir='ltr'>Et</span> <span class='ocrx_word' id='word_1_50' title='bbox 1060 733 1284 785; x_wconf 79' lang='lat' dir='ltr'>respondet</span> 
     </span>
     <span class='ocr_line' id='line_1_9' title="bbox 259 803 1283 856; baseline -0.002 -11"><span class='ocrx_word' id='word_1_51' title='bbox 259 805 457 845; x_wconf 88' lang='lat' dir='ltr'>continuo</span> <span class='ocrx_word' id='word_1_52' title='bbox 477 818 485 843; x_wconf 76' lang='grc' dir='ltr'>ε</span> <span class='ocrx_word' id='word_1_53' title='bbox 515 818 534 841; x_wconf 67' lang='grc' dir='ltr'>(ι</span> <span class='ocrx_word' id='word_1_54' title='bbox 555 803 694 843; x_wconf 79' lang='lat' dir='ltr'>Gratia</span> <span class='ocrx_word' id='word_1_55' title='bbox 714 803 783 843; x_wconf 87' lang='lat' dir='ltr'>Dei</span> <span class='ocrx_word' id='word_1_56' title='bbox 805 815 879 856; x_wconf 87' lang='lat' dir='ltr'>per</span> <span class='ocrx_word' id='word_1_57' title='bbox 902 804 1046 845; x_wconf 89' lang='lat' dir='ltr'>Jesum</span> <span class='ocrx_word' id='word_1_58' title='bbox 1068 803 1283 845; x_wconf 83' lang='lat' dir='ltr'>Christum</span> 
     </span>
     <span class='ocr_line' id='line_1_10' title="bbox 259 875 1284 928; baseline -0.002 -12"><span class='ocrx_word' id='word_1_59' title='bbox 259 875 484 916; x_wconf 89' lang='lat' dir='ltr'>Dominum</span> <span class='ocrx_word' id='word_1_60' title='bbox 505 877 718 925; x_wconf 83' lang='lat' dir='ltr'>nostrum,</span> <span class='ocrx_word' id='word_1_61' title='bbox 743 889 761 911; x_wconf 71' lang='lat' dir='ltr'>n</span> <span class='ocrx_word' id='word_1_62' title='bbox 788 876 887 928; x_wconf 89' lang='lat' dir='ltr'>quia</span> <span class='ocrx_word' id='word_1_63' title='bbox 906 877 920 897; x_wconf 73' lang='lat'><strong>²</strong></span> <span class='ocrx_word' id='word_1_64' title='bbox 947 891 965 913; x_wconf 70' lang='lat' dir='ltr'>a</span> <span class='ocrx_word' id='word_1_65' title='bbox 986 875 1093 916; x_wconf 91' lang='lat' dir='ltr'>Deus</span> <span class='ocrx_word' id='word_1_66' title='bbox 1123 878 1185 916; x_wconf 89' lang='lat' dir='ltr'>est</span> <span class='ocrx_word' id='word_1_67' title='bbox 1209 875 1284 927; x_wconf 86' lang='lat' dir='ltr'>qui</span> 
     </span>
     <span class='ocr_line' id='line_1_11' title="bbox 257 944 1284 998; baseline 0 -12"><span class='ocrx_word' id='word_1_68' title='bbox 257 948 455 998; x_wconf 80' lang='lat' dir='ltr'>operatur</span> <span class='ocrx_word' id='word_1_69' title='bbox 469 945 511 985; x_wconf 94' lang='lat' dir='ltr'>in</span> <span class='ocrx_word' id='word_1_70' title='bbox 527 945 645 985; x_wconf 89' lang='lat' dir='ltr'>vobis</span> <span class='ocrx_word' id='word_1_71' title='bbox 658 944 780 995; x_wconf 89' lang='lat' dir='ltr'>velle,</span> <span class='ocrx_word' id='word_1_72' title='bbox 800 948 840 985; x_wconf 90' lang='lat' dir='ltr'>et</span> <span class='ocrx_word' id='word_1_73' title='bbox 862 946 1062 998; x_wconf 84' lang='lat' dir='ltr'>perficere</span> <span class='ocrx_word' id='word_1_74' title='bbox 1075 958 1151 998; x_wconf 92' lang='lat' dir='ltr'>pro</span> <span class='ocrx_word' id='word_1_75' title='bbox 1172 946 1284 986; x_wconf 89' lang='lat' dir='ltr'>bona</span> 
     </span>
     <span class='ocr_line' id='line_1_12' title="bbox 256 1015 1283 1068; baseline 0 -12"><span class='ocrx_word' id='word_1_76' title='bbox 256 1016 485 1056; x_wconf 89' lang='lat' dir='ltr'>voluntate.</span> <span class='ocrx_word' id='word_1_77' title='bbox 508 1029 526 1052; x_wconf 67' lang='grc' dir='ltr'><strong>υ</strong></span> <span class='ocrx_word' id='word_1_78' title='bbox 554 1015 605 1055; x_wconf 92' lang='lat' dir='ltr'>Et</span> <span class='ocrx_word' id='word_1_79' title='bbox 623 1018 721 1055; x_wconf 86' lang='lat' dir='ltr'>nota</span> <span class='ocrx_word' id='word_1_80' title='bbox 747 1015 814 1055; x_wconf 78' lang='lat' dir='ltr'>hi(-</span> <span class='ocrx_word' id='word_1_81' title='bbox 845 1016 957 1068; x_wconf 86' lang='lat' dir='ltr'>quod</span> <span class='ocrx_word' id='word_1_82' title='bbox 977 1017 1072 1056; x_wconf 91' lang='lat' dir='ltr'>licet</span> <span class='ocrx_word' id='word_1_83' title='bbox 1097 1027 1207 1056; x_wconf 77' lang='lat' dir='ltr'>uxor</span> <span class='ocrx_word' id='word_1_84' title='bbox 1231 1016 1283 1055; x_wconf 86' lang='lat' dir='ltr'>li-</span> 
     </span>
     <span class='ocr_line' id='line_1_13' title="bbox 256 1086 1284 1138; baseline -0.001 -12"><span class='ocrx_word' id='word_1_85' title='bbox 256 1087 335 1126; x_wconf 88' lang='lat' dir='ltr'>cite</span> <span class='ocrx_word' id='word_1_86' title='bbox 370 1087 588 1136; x_wconf 76' lang='lat' dir='ltr'>habeatur,</span> <span class='ocrx_word' id='word_1_87' title='bbox 624 1088 766 1126; x_wconf 88' lang='lat' dir='ltr'>tamen</span> <span class='ocrx_word' id='word_1_88' title='bbox 796 1089 967 1138; x_wconf 89' lang='lat' dir='ltr'>propter</span> <span class='ocrx_word' id='word_1_89' title='bbox 998 1086 1208 1135; x_wconf 89' lang='lat' dir='ltr'>abusum,</span> <span class='ocrx_word' id='word_1_90' title='bbox 1244 1088 1284 1126; x_wconf 89' lang='lat' dir='ltr'>et</span> 
     </span>
     <span class='ocr_line' id='line_1_14' title="bbox 256 1155 1281 1209; baseline -0.001 -12"><span class='ocrx_word' id='word_1_91' title='bbox 256 1158 424 1209; x_wconf 89' lang='lat' dir='ltr'>propter</span> <span class='ocrx_word' id='word_1_92' title='bbox 437 1155 590 1196; x_wconf 89' lang='lat' dir='ltr'>vitium</span> <span class='ocrx_word' id='word_1_93' title='bbox 606 1157 895 1207; x_wconf 75' lang='lat' dir='ltr'>conjunctum,</span> <span class='ocrx_word' id='word_1_94' title='bbox 919 1167 994 1209; x_wconf 90' lang='lat' dir='ltr'>per</span> <span class='ocrx_word' id='word_1_95' title='bbox 1014 1167 1105 1196; x_wconf 89' lang='lat' dir='ltr'>rem</span> <span class='ocrx_word' id='word_1_96' title='bbox 1125 1156 1281 1196; x_wconf 90' lang='lat' dir='ltr'>bonam</span> 
     </span>
     <span class='ocr_line' id='line_1_15' title="bbox 255 1226 1284 1279; baseline 0 -13"><span class='ocrx_word' id='word_1_97' title='bbox 255 1226 506 1278; x_wconf 84' lang='lat' dir='ltr'>intelligitur</span> <span class='ocrx_word' id='word_1_98' title='bbox 525 1226 706 1276; x_wconf 84' lang='lat' dir='ltr'>malum;</span> <span class='ocrx_word' id='word_1_99' title='bbox 726 1230 897 1279; x_wconf 87' lang='lat' dir='ltr'>propter</span> <span class='ocrx_word' id='word_1_100' title='bbox 916 1227 1030 1279; x_wconf 88' lang='lat' dir='ltr'>quod</span> <span class='ocrx_word' id='word_1_101' title='bbox 1050 1229 1092 1267; x_wconf 88' lang='lat' dir='ltr'>et</span> <span class='ocrx_word' id='word_1_102' title='bbox 1109 1226 1284 1278; x_wconf 87' lang='lat' dir='ltr'>Aposto-</span> 
     </span>
     <span class='ocr_line' id='line_1_16' title="bbox 255 1296 1284 1350; baseline 0 -13"><span class='ocrx_word' id='word_1_103' title='bbox 255 1298 322 1338; x_wconf 89' lang='lat' dir='ltr'>lus</span> <span class='ocrx_word' id='word_1_104' title='bbox 352 1297 450 1338; x_wconf 90' lang='lat' dir='ltr'>dicit</span> <span class='ocrx_word' id='word_1_105' title='bbox 469 1297 508 1337; x_wconf 80' lang='lat'>³:</span> <span class='ocrx_word' id='word_1_106' title='bbox 537 1312 556 1335; x_wconf 73' lang='grc' dir='ltr'>α</span> <span class='ocrx_word' id='word_1_107' title='bbox 583 1296 811 1349; x_wconf 86' lang='lat' dir='ltr'>Reliquum</span> <span class='ocrx_word' id='word_1_108' title='bbox 836 1299 920 1348; x_wconf 89' lang='lat' dir='ltr'>est,</span> <span class='ocrx_word' id='word_1_109' title='bbox 951 1300 999 1337; x_wconf 92' lang='lat' dir='ltr'>ut</span> <span class='ocrx_word' id='word_1_110' title='bbox 1023 1298 1097 1350; x_wconf 88' lang='lat' dir='ltr'>qui</span> <span class='ocrx_word' id='word_1_111' title='bbox 1125 1297 1284 1338; x_wconf 89' lang='lat' dir='ltr'>habent</span> 
     </span>
     <span class='ocr_line' id='line_1_17' title="bbox 254 1367 1284 1421; baseline 0 -11"><span class='ocrx_word' id='word_1_112' title='bbox 254 1380 434 1418; x_wconf 78' lang='lat' dir='ltr'>uxoreS,</span> <span class='ocrx_word' id='word_1_113' title='bbox 465 1371 669 1421; x_wconf 83' lang='lat' dir='ltr'>tanquam</span> <span class='ocrx_word' id='word_1_114' title='bbox 701 1380 786 1409; x_wconf 88' lang='lat' dir='ltr'>non</span> <span class='ocrx_word' id='word_1_115' title='bbox 817 1368 1019 1409; x_wconf 90' lang='lat' dir='ltr'>habentes</span> <span class='ocrx_word' id='word_1_116' title='bbox 1050 1368 1150 1409; x_wconf 90' lang='lat' dir='ltr'>sint.</span> <span class='ocrx_word' id='word_1_117' title='bbox 1182 1382 1201 1405; x_wconf 88' lang='lat'>»</span> <span class='ocrx_word' id='word_1_118' title='bbox 1233 1367 1284 1409; x_wconf 86' lang='lat' dir='ltr'>Et</span> 
     </span>
     <span class='ocr_line' id='line_1_18' title="bbox 255 1438 1285 1492; baseline 0 -12"><span class='ocrx_word' id='word_1_119' title='bbox 255 1439 394 1480; x_wconf 87' lang='lat' dir='ltr'>Glossa</span> <span class='ocrx_word' id='word_1_120' title='bbox 413 1439 426 1461; x_wconf 66' lang='lat'><strong><em>⁶</em></strong></span> <span class='ocrx_word' id='word_1_121' title='bbox 444 1438 542 1479; x_wconf 88' lang='lat' dir='ltr'>dicit</span> <span class='ocrx_word' id='word_1_122' title='bbox 561 1438 673 1491; x_wconf 86' lang='lat' dir='ltr'>quod</span> <span class='ocrx_word' id='word_1_123' title='bbox 695 1438 817 1479; x_wconf 86' lang='lat' dir='ltr'>multi</span> <span class='ocrx_word' id='word_1_124' title='bbox 836 1451 923 1479; x_wconf 90' lang='lat' dir='ltr'>non</span> <span class='ocrx_word' id='word_1_125' title='bbox 939 1441 1109 1492; x_wconf 87' lang='lat' dir='ltr'>propter</span> <span class='ocrx_word' id='word_1_126' title='bbox 1129 1440 1285 1480; x_wconf 84' lang='lat' dir='ltr'>foecun-</span> 
     </span>
     <span class='ocr_line' id='line_1_19' title="bbox 254 1509 1283 1562; baseline 0.001 -12"><span class='ocrx_word' id='word_1_127' title='bbox 254 1510 424 1550; x_wconf 89' lang='lat' dir='ltr'>ditatem</span> <span class='ocrx_word' id='word_1_128' title='bbox 436 1541 447 1560; x_wconf 85' lang='lat'>,</span> <span class='ocrx_word' id='word_1_129' title='bbox 466 1509 538 1549; x_wconf 88' lang='lat' dir='ltr'>sed</span> <span class='ocrx_word' id='word_1_130' title='bbox 552 1511 722 1562; x_wconf 89' lang='lat' dir='ltr'>propter</span> <span class='ocrx_word' id='word_1_131' title='bbox 736 1509 940 1550; x_wconf 89' lang='lat' dir='ltr'>desideria</span> <span class='ocrx_word' id='word_1_132' title='bbox 953 1510 1106 1560; x_wconf 86' lang='lat' dir='ltr'>carnis,</span> <span class='ocrx_word' id='word_1_133' title='bbox 1124 1522 1283 1551; x_wconf 78' lang='lat' dir='ltr'>uxores</span> 
     </span>
     <span class='ocr_line' id='line_1_20' title="bbox 253 1580 1283 1634; baseline -0.001 -12"><span class='ocrx_word' id='word_1_134' title='bbox 253 1582 425 1622; x_wconf 90' lang='lat' dir='ltr'>ducunt.</span> <span class='ocrx_word' id='word_1_135' title='bbox 449 1580 544 1620; x_wconf 87' lang='lat' dir='ltr'>[deo</span> <span class='ocrx_word' id='word_1_136' title='bbox 560 1591 635 1632; x_wconf 91' lang='lat' dir='ltr'>per</span> <span class='ocrx_word' id='word_1_137' title='bbox 648 1591 737 1620; x_wconf 89' lang='lat' dir='ltr'>rem</span> <span class='ocrx_word' id='word_1_138' title='bbox 755 1580 879 1620; x_wconf 88' lang='lat' dir='ltr'>istam</span> <span class='ocrx_word' id='word_1_139' title='bbox 896 1581 1074 1621; x_wconf 88' lang='lat' dir='ltr'>carnalis</span> <span class='ocrx_word' id='word_1_140' title='bbox 1087 1581 1283 1634; x_wconf 87' lang='lat' dir='ltr'>voluptas</span> 
     </span>
     <span class='ocr_line' id='line_1_21' title="bbox 253 1651 1283 1704; baseline 0 -11"><span class='ocrx_word' id='word_1_141' title='bbox 253 1653 514 1704; x_wconf 85' lang='lat' dir='ltr'>designatur.</span> <span class='ocrx_word' id='word_1_142' title='bbox 527 1651 643 1692; x_wconf 88' lang='lat' dir='ltr'>Unde</span> <span class='ocrx_word' id='word_1_143' title='bbox 656 1664 741 1692; x_wconf 89' lang='lat' dir='ltr'>non</span> <span class='ocrx_word' id='word_1_144' title='bbox 762 1655 823 1692; x_wconf 89' lang='lat' dir='ltr'>est</span> <span class='ocrx_word' id='word_1_145' title='bbox 836 1652 1152 1703; x_wconf 80' lang='lat' dir='ltr'>inconveniens,</span> <span class='ocrx_word' id='word_1_146' title='bbox 1169 1653 1283 1704; x_wconf 86' lang='lat' dir='ltr'>quod</span> 
     </span>
     <span class='ocr_line' id='line_1_22' title="bbox 253 1721 1282 1775; baseline 0 -12"><span class='ocrx_word' id='word_1_147' title='bbox 253 1734 363 1763; x_wconf 83' lang='lat' dir='ltr'>uxor</span> <span class='ocrx_word' id='word_1_148' title='bbox 381 1722 542 1762; x_wconf 87' lang='lat' dir='ltr'>ratione</span> <span class='ocrx_word' id='word_1_149' title='bbox 563 1722 721 1762; x_wconf 78' lang='lat' dir='ltr'>vinculi</span> <span class='ocrx_word' id='word_1_150' title='bbox 747 1721 1060 1763; x_wconf 85' lang='lat' dir='ltr'>sacramentalis</span> <span class='ocrx_word' id='word_1_151' title='bbox 1089 1723 1282 1775; x_wconf 88' lang='lat' dir='ltr'>designet</span> 
     </span>
     <span class='ocr_line' id='line_1_23' title="bbox 254 1792 1280 1844; baseline 0.001 -11"><span class='ocrx_word' id='word_1_152' title='bbox 254 1793 480 1834; x_wconf 74' lang='lat' dir='ltr'>Ecclesiam</span> <span class='ocrx_word' id='word_1_153' title='bbox 507 1804 703 1844; x_wconf 85' lang='lat' dir='ltr'>sponsam</span> <span class='ocrx_word' id='word_1_154' title='bbox 729 1792 903 1843; x_wconf 84' lang='lat' dir='ltr'>Christi,</span> <span class='ocrx_word' id='word_1_155' title='bbox 935 1795 975 1833; x_wconf 90' lang='lat' dir='ltr'>et</span> <span class='ocrx_word' id='word_1_156' title='bbox 1002 1793 1165 1834; x_wconf 86' lang='lat' dir='ltr'>ratione</span> <span class='ocrx_word' id='word_1_157' title='bbox 1184 1793 1280 1834; x_wconf 89' lang='lat' dir='ltr'>libi-</span> 
     </span>
     <span class='ocr_line' id='line_1_24' title="bbox 252 1862 1280 1916; baseline 0.002 -13"><span class='ocrx_word' id='word_1_158' title='bbox 252 1864 357 1904; x_wconf 89' lang='lat' dir='ltr'>dinis</span> <span class='ocrx_word' id='word_1_159' title='bbox 377 1864 571 1915; x_wconf 87' lang='lat' dir='ltr'>designet</span> <span class='ocrx_word' id='word_1_160' title='bbox 598 1862 776 1903; x_wconf 90' lang='lat' dir='ltr'>carnalis</span> <span class='ocrx_word' id='word_1_161' title='bbox 802 1863 1182 1916; x_wconf 81' lang='lat' dir='ltr'>concupiscentiam</span> <span class='ocrx_word' id='word_1_162' title='bbox 1202 1877 1280 1907; x_wconf 89' lang='lat' dir='ltr'>vo-</span> 
     </span>
     <span class='ocr_line' id='line_1_25' title="bbox 250 1934 435 1987; baseline 0.005 -14"><span class='ocrx_word' id='word_1_163' title='bbox 250 1934 435 1987; x_wconf 87' lang='lat' dir='ltr'>luptatis.</span> 
     </span>
    </p>

    <p class='ocr_par' dir='ltr' id='par_1_3' title="bbox 251 2004 1284 3326">
     <span class='ocr_line' id='line_1_26' title="bbox 305 2004 1282 2055; baseline 0.002 -11"><span class='ocrx_word' id='word_1_164' title='bbox 305 2008 370 2045; x_wconf 70' lang='lat'>21.</span> <span class='ocrx_word' id='word_1_165' title='bbox 394 2005 452 2047; x_wconf 78' lang='lat' dir='ltr'>Et</span> <span class='ocrx_word' id='word_1_166' title='bbox 478 2014 668 2046; x_wconf 81' lang='lat' dir='ltr'>reversus</span> <span class='ocrx_word' id='word_1_167' title='bbox 692 2015 862 2055; x_wconf 80' lang='lat' dir='ltr'>servus,</span> <span class='ocrx_word' id='word_1_168' title='bbox 892 2008 969 2046; x_wconf 85' lang='lat' dir='ltr'>etc.</span> <span class='ocrx_word' id='word_1_169' title='bbox 1001 2004 1099 2046; x_wconf 85' lang='lat' dir='ltr'>Post</span> <span class='ocrx_word' id='word_1_170' title='bbox 1128 2005 1282 2047; x_wconf 86' lang='lat' dir='ltr'>invita-</span> 
     </span>
     <span class='ocr_line' id='line_1_27' title="bbox 251 2075 1281 2128; baseline 0 -12"><span class='ocrx_word' id='word_1_171' title='bbox 251 2076 409 2116; x_wconf 88' lang='lat' dir='ltr'>tionem</span> <span class='ocrx_word' id='word_1_172' title='bbox 430 2075 712 2128; x_wconf 87' lang='lat' dir='ltr'>plurimorum</span> <span class='ocrx_word' id='word_1_173' title='bbox 727 2108 737 2126; x_wconf 94' lang='lat'>,</span> <span class='ocrx_word' id='word_1_174' title='bbox 765 2079 807 2116; x_wconf 89' lang='lat' dir='ltr'>et</span> <span class='ocrx_word' id='word_1_175' title='bbox 833 2077 1148 2117; x_wconf 76' lang='lat' dir='ltr'>excusationem</span> <span class='ocrx_word' id='word_1_176' title='bbox 1168 2076 1281 2116; x_wconf 85' lang='lat' dir='ltr'>invi-</span> 
     </span>
     <span class='ocr_line' id='line_1_28' title="bbox 252 2146 1282 2199; baseline 0 -13"><span class='ocrx_word' id='word_1_177' title='bbox 252 2149 457 2197; x_wconf 90' lang='lat' dir='ltr'>tatorum,</span> <span class='ocrx_word' id='word_1_178' title='bbox 490 2146 679 2198; x_wconf 84' lang='lat' dir='ltr'>sequitur</span> <span class='ocrx_word' id='word_1_179' title='bbox 710 2147 779 2187; x_wconf 88' lang='lat' dir='ltr'>hic</span> <span class='ocrx_word' id='word_1_180' title='bbox 816 2147 937 2188; x_wconf 89' lang='lat' dir='ltr'>tertio</span> <span class='ocrx_word' id='word_1_181' title='bbox 969 2146 1153 2199; x_wconf 88' lang='lat' dir='ltr'>repulsio</span> <span class='ocrx_word' id='word_1_182' title='bbox 1183 2158 1282 2187; x_wconf 90' lang='lat' dir='ltr'>con-</span> 
     </span>
     <span class='ocr_line' id='line_1_29' title="bbox 252 2215 1282 2268; baseline 0 -12"><span class='ocrx_word' id='word_1_183' title='bbox 252 2219 524 2267; x_wconf 88' lang='lat' dir='ltr'>temptorum.</span> <span class='ocrx_word' id='word_1_184' title='bbox 550 2215 665 2256; x_wconf 86' lang='lat' dir='ltr'>Circa</span> <span class='ocrx_word' id='word_1_185' title='bbox 689 2228 818 2268; x_wconf 88' lang='lat' dir='ltr'>quam</span> <span class='ocrx_word' id='word_1_186' title='bbox 846 2217 927 2256; x_wconf 88' lang='lat' dir='ltr'>tria</span> <span class='ocrx_word' id='word_1_187' title='bbox 954 2217 1282 2256; x_wconf 89' lang='lat' dir='ltr'>introducuntur</span> 
     </span>
     <span class='ocr_line' id='line_1_30' title="bbox 252 2286 1278 2338; baseline -0.001 -12"><span class='ocrx_word' id='word_1_188' title='bbox 252 2286 304 2326; x_wconf 88' lang='lat' dir='ltr'>ab</span> <span class='ocrx_word' id='word_1_189' title='bbox 319 2286 436 2327; x_wconf 84' lang='lat' dir='ltr'>Evan</span> <span class='ocrx_word' id='word_1_190' title='bbox 442 2286 605 2338; x_wconf 81' lang='lat' dir='ltr'>gelista,</span> <span class='ocrx_word' id='word_1_191' title='bbox 623 2286 777 2326; x_wconf 85' lang='lat' dir='ltr'>scilicet</span> <span class='ocrx_word' id='word_1_192' title='bbox 790 2287 955 2328; x_wconf 89' lang='lat' dir='ltr'>vocatio</span> <span class='ocrx_word' id='word_1_193' title='bbox 972 2286 1278 2337; x_wconf 87' lang='lat' dir='ltr'>indigentium,</span> 
     </span>
     <span class='ocr_line' id='line_1_31' title="bbox 252 2356 1279 2409; baseline -0.001 -12"><span class='ocrx_word' id='word_1_194' title='bbox 252 2356 483 2409; x_wconf 88' lang='lat' dir='ltr'>compulsio</span> <span class='ocrx_word' id='word_1_195' title='bbox 513 2356 852 2408; x_wconf 84' lang='lat' dir='ltr'>negligentium,</span> <span class='ocrx_word' id='word_1_196' title='bbox 887 2359 928 2397; x_wconf 88' lang='lat' dir='ltr'>et</span> <span class='ocrx_word' id='word_1_197' title='bbox 961 2356 1148 2409; x_wconf 87' lang='lat' dir='ltr'>repulsio</span> <span class='ocrx_word' id='word_1_198' title='bbox 1181 2368 1279 2396; x_wconf 88' lang='lat' dir='ltr'>con—</span> 
     </span>
     <span class='ocr_line' id='line_1_32' title="bbox 252 2427 1281 2476; baseline -0.001 -9"><span class='ocrx_word' id='word_1_199' title='bbox 252 2427 549 2468; x_wconf 89' lang='lat' dir='ltr'>temnentium.</span> <span class='ocrx_word' id='word_1_200' title='bbox 575 2427 789 2476; x_wconf 84' lang='lat' dir='ltr'>Quantum</span> <span class='ocrx_word' id='word_1_201' title='bbox 810 2427 862 2468; x_wconf 90' lang='lat' dir='ltr'>ad</span> <span class='ocrx_word' id='word_1_202' title='bbox 885 2427 1149 2468; x_wconf 84' lang='lat' dir='ltr'>vocationem</span> <span class='ocrx_word' id='word_1_203' title='bbox 1171 2427 1281 2467; x_wconf 91' lang='lat' dir='ltr'>indi-</span> 
     </span>
     <span class='ocr_line' id='line_1_33' title="bbox 254 2497 1283 2551; baseline -0.001 -12"><span class='ocrx_word' id='word_1_204' title='bbox 254 2499 471 2551; x_wconf 86' lang='lat' dir='ltr'>gentium,</span> <span class='ocrx_word' id='word_1_205' title='bbox 503 2510 598 2550; x_wconf 86' lang='lat' dir='ltr'>quae</span> <span class='ocrx_word' id='word_1_206' title='bbox 626 2500 768 2538; x_wconf 88' lang='lat' dir='ltr'>ortum</span> <span class='ocrx_word' id='word_1_207' title='bbox 794 2497 943 2538; x_wconf 87' lang='lat' dir='ltr'>habuit</span> <span class='ocrx_word' id='word_1_208' title='bbox 969 2509 1021 2537; x_wconf 80' lang='lat' dir='ltr'>ex</span> <span class='ocrx_word' id='word_1_209' title='bbox 1039 2501 1283 2550; x_wconf 89' lang='lat' dir='ltr'>contemptu</span> 
     </span>
     <span class='ocr_line' id='line_1_34' title="bbox 253 2569 1283 2619; baseline 0 -9"><span class='ocrx_word' id='word_1_210' title='bbox 253 2571 450 2619; x_wconf 85' lang='lat' dir='ltr'>aliorum,</span> <span class='ocrx_word' id='word_1_211' title='bbox 467 2569 586 2610; x_wconf 86' lang='lat' dir='ltr'>dicit:</span> <span class='ocrx_word' id='word_1_212' title='bbox 611 2569 663 2611; x_wconf 76' lang='grc' dir='ltr'>Εῑ</span> <span class='ocrx_word' id='word_1_213' title='bbox 677 2579 870 2610; x_wconf 79' lang='lat' dir='ltr'>reversas</span> <span class='ocrx_word' id='word_1_214' title='bbox 884 2579 1042 2619; x_wconf 70' lang='lat' dir='ltr'>servm,</span> <span class='ocrx_word' id='word_1_215' title='bbox 1060 2569 1283 2610; x_wconf 69' lang='lat' dir='ltr'>nimiiavit</span> 
     </span>
     <span class='ocr_line' id='line_1_35' title="bbox 252 2639 1280 2689; baseline -0.002 -7"><span class='ocrx_word' id='word_1_216' title='bbox 252 2642 339 2682; x_wconf 81' lang='lat' dir='ltr'>hoec</span> <span class='ocrx_word' id='word_1_217' title='bbox 367 2641 538 2683; x_wconf 78' lang='lat' dir='ltr'>domino</span> <span class='ocrx_word' id='word_1_218' title='bbox 558 2650 654 2689; x_wconf 80' lang='lat' dir='ltr'>suo,</span> <span class='ocrx_word' id='word_1_219' title='bbox 678 2639 870 2680; x_wconf 88' lang='lat' dir='ltr'>videlicet</span> <span class='ocrx_word' id='word_1_220' title='bbox 891 2643 1137 2681; x_wconf 85' lang='lat' dir='ltr'>vocatorum</span> <span class='ocrx_word' id='word_1_221' title='bbox 1164 2641 1280 2681; x_wconf 88' lang='lat' dir='ltr'>duri-</span> 
     </span>
     <span class='ocr_line' id='line_1_36' title="bbox 252 2709 1282 2751; baseline 0 0"><span class='ocrx_word' id='word_1_222' title='bbox 252 2712 357 2751; x_wconf 82' lang='lat' dir='ltr'>tiam</span> <span class='ocrx_word' id='word_1_223' title='bbox 387 2714 427 2751; x_wconf 92' lang='lat' dir='ltr'>et</span> <span class='ocrx_word' id='word_1_224' title='bbox 472 2710 761 2750; x_wconf 74' lang='lat' dir='ltr'>rebellionem.</span> <span class='ocrx_word' id='word_1_225' title='bbox 797 2709 913 2750; x_wconf 85' lang='lat' dir='ltr'>Hanc</span> <span class='ocrx_word' id='word_1_226' title='bbox 949 2712 1092 2751; x_wconf 88' lang='lat' dir='ltr'>autem</span> <span class='ocrx_word' id='word_1_227' title='bbox 1134 2723 1282 2751; x_wconf 86' lang='lat' dir='ltr'>servus</span> 
     </span>
     <span class='ocr_line' id='line_1_37' title="bbox 252 2780 1282 2832; baseline 0 -11"><span class='ocrx_word' id='word_1_228' title='bbox 252 2781 443 2831; x_wconf 89' lang='lat' dir='ltr'>nuntiat,</span> <span class='ocrx_word' id='word_1_229' title='bbox 483 2780 652 2832; x_wconf 89' lang='lat' dir='ltr'>quando</span> <span class='ocrx_word' id='word_1_230' title='bbox 692 2780 795 2820; x_wconf 89' lang='lat' dir='ltr'>ordo</span> <span class='ocrx_word' id='word_1_231' title='bbox 835 2781 1158 2832; x_wconf 83' lang='lat' dir='ltr'>praedicatorum</span> <span class='ocrx_word' id='word_1_232' title='bbox 1195 2793 1282 2822; x_wconf 91' lang='lat' dir='ltr'>non</span> 
     </span>
     <span class='ocr_line' id='line_1_38' title="bbox 253 2850 1282 2903; baseline 0 -11"><span class='ocrx_word' id='word_1_233' title='bbox 253 2851 407 2903; x_wconf 81' lang='lat' dir='ltr'>quaerit</span> <span class='ocrx_word' id='word_1_234' title='bbox 426 2850 645 2903; x_wconf 90' lang='lat' dir='ltr'>proprium</span> <span class='ocrx_word' id='word_1_235' title='bbox 666 2850 937 2891; x_wconf 90' lang='lat' dir='ltr'>commodum</span> <span class='ocrx_word' id='word_1_236' title='bbox 951 2883 961 2901; x_wconf 80' lang='lat'>,</span> <span class='ocrx_word' id='word_1_237' title='bbox 985 2852 1055 2891; x_wconf 90' lang='lat' dir='ltr'>sed</span> <span class='ocrx_word' id='word_1_238' title='bbox 1075 2852 1282 2892; x_wconf 89' lang='lat' dir='ltr'>honorem</span> 
     </span>
     <span class='ocr_line' id='line_1_39' title="bbox 253 2920 1282 2974; baseline 0 -12"><span class='ocrx_word' id='word_1_239' title='bbox 253 2922 445 2963; x_wconf 88' lang='lat' dir='ltr'>divinum</span> <span class='ocrx_word' id='word_1_240' title='bbox 462 2935 471 2960; x_wconf 77' lang='grc' dir='ltr'>ε</span> <span class='ocrx_word' id='word_1_241' title='bbox 497 2923 543 2961; x_wconf 92' lang='lat' dir='ltr'>ut</span> <span class='ocrx_word' id='word_1_242' title='bbox 563 2921 671 2961; x_wconf 91' lang='lat' dir='ltr'>sicut</span> <span class='ocrx_word' id='word_1_243' title='bbox 691 2920 845 2961; x_wconf 89' lang='lat' dir='ltr'>missus</span> <span class='ocrx_word' id='word_1_244' title='bbox 862 2924 922 2961; x_wconf 88' lang='lat' dir='ltr'>est</span> <span class='ocrx_word' id='word_1_245' title='bbox 941 2933 965 2961; x_wconf 90' lang='lat' dir='ltr'>a</span> <span class='ocrx_word' id='word_1_246' title='bbox 984 2921 1066 2962; x_wconf 92' lang='lat' dir='ltr'>Deo</span> <span class='ocrx_word' id='word_1_247' title='bbox 1081 2933 1155 2974; x_wconf 90' lang='lat' dir='ltr'>per</span> <span class='ocrx_word' id='word_1_248' title='bbox 1171 2934 1282 2962; x_wconf 88' lang='lat' dir='ltr'>com-</span> 
     </span>
     <span class='ocr_line' id='line_1_40' title="bbox 254 2991 1284 3045; baseline 0.002 -14"><span class='ocrx_word' id='word_1_249' title='bbox 254 2992 497 3032; x_wconf 89' lang='lat' dir='ltr'>missionem</span> <span class='ocrx_word' id='word_1_250' title='bbox 530 2991 814 3042; x_wconf 80' lang='lat' dir='ltr'>auctoritatis,</span> <span class='ocrx_word' id='word_1_251' title='bbox 851 2991 909 3031; x_wconf 90' lang='lat' dir='ltr'>sic</span> <span class='ocrx_word' id='word_1_252' title='bbox 942 2994 1178 3033; x_wconf 86' lang='lat' dir='ltr'>revertatur</span> <span class='ocrx_word' id='word_1_253' title='bbox 1209 3005 1284 3045; x_wconf 87' lang='lat' dir='ltr'>per</span> 
     </span>
     <span class='ocr_line' id='line_1_41' title="bbox 255 3062 1280 3114; baseline 0.002 -11"><span class='ocrx_word' id='word_1_254' title='bbox 255 3062 530 3103; x_wconf 90' lang='lat' dir='ltr'>intentionem</span> <span class='ocrx_word' id='word_1_255' title='bbox 545 3062 754 3114; x_wconf 67' lang='lat' dir='ltr'>puritatis</span> <span class='ocrx_word' id='word_1_256' title='bbox 770 3062 820 3102; x_wconf 91' lang='lat' dir='ltr'>Et</span> <span class='ocrx_word' id='word_1_257' title='bbox 839 3063 888 3103; x_wconf 90' lang='lat' dir='ltr'>de</span> <span class='ocrx_word' id='word_1_258' title='bbox 907 3063 1060 3103; x_wconf 84' lang='lat' dir='ltr'>talibus</span> <span class='ocrx_word' id='word_1_259' title='bbox 1075 3064 1227 3104; x_wconf 88' lang='lat' dir='ltr'>dicitur</span> <span class='ocrx_word' id='word_1_260' title='bbox 1244 3069 1280 3105; x_wconf 79' lang='lat'>⁵:</span> 
     </span>
     <span class='ocr_line' id='line_1_42' title="bbox 261 3133 1281 3182; baseline 0.003 -10"><span class='ocrx_word' id='word_1_261' title='bbox 261 3149 280 3172; x_wconf 89' lang='lat'>«</span> <span class='ocrx_word' id='word_1_262' title='bbox 299 3133 511 3173; x_wconf 84' lang='lat' dir='ltr'>Animalia</span> <span class='ocrx_word' id='word_1_263' title='bbox 529 3133 664 3182; x_wconf 87' lang='lat' dir='ltr'>ibant,</span> <span class='ocrx_word' id='word_1_264' title='bbox 688 3137 727 3173; x_wconf 88' lang='lat' dir='ltr'>et</span> <span class='ocrx_word' id='word_1_265' title='bbox 752 3133 1076 3174; x_wconf 87' lang='lat' dir='ltr'>revertebantur</span> <span class='ocrx_word' id='word_1_266' title='bbox 1099 3135 1142 3174; x_wconf 92' lang='lat' dir='ltr'>in</span> <span class='ocrx_word' id='word_1_267' title='bbox 1164 3135 1281 3175; x_wconf 88' lang='lat' dir='ltr'>simi-</span> 
     </span>
     <span class='ocr_line' id='line_1_43' title="bbox 256 3203 1280 3256; baseline 0.002 -12"><span class='ocrx_word' id='word_1_268' title='bbox 256 3204 479 3244; x_wconf 88' lang='lat' dir='ltr'>litudinem</span> <span class='ocrx_word' id='word_1_269' title='bbox 497 3203 681 3256; x_wconf 84' lang='lat' dir='ltr'>fulguris</span> <span class='ocrx_word' id='word_1_270' title='bbox 702 3204 972 3245; x_wconf 86' lang='lat' dir='ltr'>coruscantis.</span> <span class='ocrx_word' id='word_1_271' title='bbox 995 3204 1139 3245; x_wconf 84' lang='lat' dir='ltr'>»Unde</span> <span class='ocrx_word' id='word_1_272' title='bbox 1160 3205 1232 3248; x_wconf 77' lang='lat' dir='ltr'>Job</span> <span class='ocrx_word' id='word_1_273' title='bbox 1246 3205 1280 3246; x_wconf 78' lang='lat'>⁶:</span> 
     </span>
     <span class='ocr_line' id='line_1_44' title="bbox 263 3273 1281 3326; baseline 0.003 -14"><span class='ocrx_word' id='word_1_274' title='bbox 263 3290 282 3312; x_wconf 88' lang='lat'>«</span> <span class='ocrx_word' id='word_1_275' title='bbox 302 3274 515 3326; x_wconf 89' lang='lat' dir='ltr'>Numquid</span> <span class='ocrx_word' id='word_1_276' title='bbox 542 3273 682 3313; x_wconf 86' lang='lat' dir='ltr'>mittes</span> <span class='ocrx_word' id='word_1_277' title='bbox 700 3273 896 3324; x_wconf 79' lang='lat' dir='ltr'>fulgura,</span> <span class='ocrx_word' id='word_1_278' title='bbox 919 3277 960 3315; x_wconf 91' lang='lat' dir='ltr'>et</span> <span class='ocrx_word' id='word_1_279' title='bbox 980 3274 1123 3325; x_wconf 85' lang='lat' dir='ltr'>ibunt3</span> <span class='ocrx_word' id='word_1_280' title='bbox 1154 3278 1195 3315; x_wconf 88' lang='lat' dir='ltr'>et</span> <span class='ocrx_word' id='word_1_281' title='bbox 1215 3288 1281 3315; x_wconf 88' lang='lat' dir='ltr'>re-</span> 
     </span>
    </p>
   </div>
   <div class='ocr_carea' id='block_1_3' title="bbox 261 3403 1284 3538">
    <p class='ocr_par' dir='ltr' id='par_1_4' title="bbox 261 3403 1284 3538">
     <span class='ocr_line' id='line_1_45' title="bbox 299 3403 1283 3444; baseline 0.001 -11"><span class='ocrx_word' id='word_1_282' title='bbox 299 3404 309 3424; x_wconf 90' lang='lat'><strong>¹</strong></span> <span class='ocrx_word' id='word_1_283' title='bbox 332 3403 436 3443; x_wconf 84' lang='lat' dir='ltr'>Rom.,</span> <span class='ocrx_word' id='word_1_284' title='bbox 456 3411 515 3442; x_wconf 65' lang='grc' dir='ltr'>νυ,</span> <span class='ocrx_word' id='word_1_285' title='bbox 538 3404 588 3443; x_wconf 67' lang='lat'>24,</span> <span class='ocrx_word' id='word_1_286' title='bbox 609 3405 659 3434; x_wconf 75' lang='lat'>25.</span> <span class='ocrx_word' id='word_1_287' title='bbox 681 3421 719 3426; x_wconf 93' lang='lat'>—-</span> <span class='ocrx_word' id='word_1_288' title='bbox 741 3404 751 3422; x_wconf 81' lang='lat'><strong>²</strong></span> <span class='ocrx_word' id='word_1_289' title='bbox 771 3403 912 3443; x_wconf 67' lang='lat' dir='ltr'>Philip„</span> <span class='ocrx_word' id='word_1_290' title='bbox 938 3413 976 3444; x_wconf 81' lang='grc' dir='ltr'>Π,</span> <span class='ocrx_word' id='word_1_291' title='bbox 999 3405 1048 3436; x_wconf 83' lang='grc'>13.</span> <span class='ocrx_word' id='word_1_292' title='bbox 1068 3422 1108 3427; x_wconf 81' lang='lat'>—</span> <span class='ocrx_word' id='word_1_293' title='bbox 1129 3405 1139 3421; x_wconf 74' lang='lat'>³</span> <span class='ocrx_word' id='word_1_294' title='bbox 1163 3405 1169 3434; x_wconf 86' lang='lat' dir='ltr'>i</span> <span class='ocrx_word' id='word_1_295' title='bbox 1195 3405 1283 3442; x_wconf 61' lang='lat' dir='ltr'>Cor„</span> 
     </span>
     <span class='ocr_line' id='line_1_46' title="bbox 520 3451 1283 3492; baseline 0.001 -11"><span class='ocrx_word' id='word_1_296' title='bbox 520 3452 530 3461; x_wconf 63' lang='lat'><em>*</em></span> <span class='ocrx_word' id='word_1_297' title='bbox 573 3460 631 3489; x_wconf 61' lang='lat' dir='ltr'>ss„</span> <span class='ocrx_word' id='word_1_298' title='bbox 656 3460 696 3482; x_wconf 80' lang='lat' dir='ltr'>ex</span> <span class='ocrx_word' id='word_1_299' title='bbox 719 3451 814 3489; x_wconf 56' lang='lat' dir='ltr'>ssed„</span> <span class='ocrx_word' id='word_1_300' title='bbox 835 3451 893 3481; x_wconf 88' lang='lat' dir='ltr'>ubi</span> <span class='ocrx_word' id='word_1_301' title='bbox 917 3461 989 3490; x_wconf 87' lang='lat' dir='ltr'>sup.</span> <span class='ocrx_word' id='word_1_302' title='bbox 1012 3468 1051 3473; x_wconf 89' lang='lat'>—</span> <span class='ocrx_word' id='word_1_303' title='bbox 1075 3452 1087 3472; x_wconf 77' lang='lat'>&#39;⁰&#39;</span> <span class='ocrx_word' id='word_1_304' title='bbox 1106 3452 1238 3489; x_wconf 60' lang='lat' dir='ltr'>Ezeelz„</span> <span class='ocrx_word' id='word_1_305' title='bbox 1262 3460 1283 3492; x_wconf 83' lang='lat'>1,</span> 
     </span>
     <span class='ocr_line' id='line_1_47' title="bbox 261 3497 1284 3538; baseline 0.001 -10"><span class='ocrx_word' id='word_1_306' title='bbox 261 3498 309 3528; x_wconf 76' lang='lat'>14.</span> <span class='ocrx_word' id='word_1_307' title='bbox 334 3514 373 3520; x_wconf 84' lang='lat'>—</span> <span class='ocrx_word' id='word_1_308' title='bbox 400 3498 411 3515; x_wconf 75' lang='lat'>‘³</span> <span class='ocrx_word' id='word_1_309' title='bbox 431 3497 502 3538; x_wconf 70' lang='lat' dir='ltr'>doh,</span> <span class='ocrx_word' id='word_1_310' title='bbox 529 3505 674 3537; x_wconf 78' lang='lat' dir='ltr'>xxxvin,</span> <span class='ocrx_word' id='word_1_311' title='bbox 702 3499 796 3529; x_wconf 84' lang='lat'><strong>35.-</strong></span> <span class='ocrx_word' id='word_1_312' title='bbox 822 3497 832 3517; x_wconf 89' lang='lat'>⁷</span> <span class='ocrx_word' id='word_1_313' title='bbox 865 3499 913 3530; x_wconf 84' lang='lat' dir='ltr'>Ex</span> <span class='ocrx_word' id='word_1_314' title='bbox 942 3499 1056 3538; x_wconf 66' lang='lat' dir='ltr'>Greg„</span> <span class='ocrx_word' id='word_1_315' title='bbox 1077 3499 1201 3530; x_wconf 72' lang='lat' dir='ltr'>Moral.</span> <span class='ocrx_word' id='word_1_316' title='bbox 1226 3498 1284 3529; x_wconf 87' lang='lat' dir='ltr'>lib.</span> 
     </span>
    </p>
   </div>
   <div class='ocr_carea' id='block_1_4' title="bbox 985 218 1662 264">
    <p class='ocr_par' dir='ltr' id='par_1_5' title="bbox 985 218 1662 264">
     <span class='ocr_line' id='line_1_48' title="bbox 985 218 1662 264; baseline -0.006 1"><span class='ocrx_word' id='word_1_317' title='bbox 985 220 1267 264; x_wconf 85' lang='lat' dir='ltr'><strong>EVANGELII</strong></span> <span class='ocrx_word' id='word_1_318' title='bbox 1298 218 1484 262; x_wconf 82' lang='lat' dir='ltr'>SANCTI</span> <span class='ocrx_word' id='word_1_319' title='bbox 1513 220 1662 262; x_wconf 87' lang='lat' dir='ltr'>LUCAE</span> 
     </span>
    </p>
   </div>
   <div class='ocr_carea' id='block_1_5' title="bbox 1355 308 2393 3324">
    <p class='ocr_par' dir='ltr' id='par_1_6' title="bbox 1355 308 2393 3324">
     <span class='ocr_line' id='line_1_49' title="bbox 1357 308 2380 354; baseline 0.005 -5"><span class='ocrx_word' id='word_1_320' title='bbox 1357 309 1564 350; x_wconf 85' lang='lat' dir='ltr'>vertentia</span> <span class='ocrx_word' id='word_1_321' title='bbox 1574 309 1712 350; x_wconf 90' lang='lat' dir='ltr'>dicent</span> <span class='ocrx_word' id='word_1_322' title='bbox 1722 308 1797 349; x_wconf 89' lang='lat' dir='ltr'>tibi</span> <span class='ocrx_word' id='word_1_323' title='bbox 1809 320 1819 349; x_wconf 91' lang='lat'>:</span> <span class='ocrx_word' id='word_1_324' title='bbox 1832 309 2046 350; x_wconf 87' lang='lat' dir='ltr'>Adsumus</span> <span class='ocrx_word' id='word_1_325' title='bbox 2055 312 2075 350; x_wconf 64' lang='grc' dir='ltr'>ἱ)</span> <span class='ocrx_word' id='word_1_326' title='bbox 2084 324 2102 349; x_wconf 75' lang='lat'>1&gt;</span> <span class='ocrx_word' id='word_1_327' title='bbox 2119 311 2179 352; x_wconf 92' lang='lat' dir='ltr'>Ibi</span> <span class='ocrx_word' id='word_1_328' title='bbox 2191 312 2333 354; x_wconf 88' lang='lat' dir='ltr'>Glossa</span> <span class='ocrx_word' id='word_1_329' title='bbox 2344 315 2355 335; x_wconf 85' lang='lat'>⁷</span> <span class='ocrx_word' id='word_1_330' title='bbox 2371 329 2380 354; x_wconf 89' lang='lat'>:</span> 
     </span>
     <span class='ocr_line' id='line_1_50' title="bbox 1363 379 2384 432; baseline 0.006 -15"><span class='ocrx_word' id='word_1_331' title='bbox 1363 395 1381 417; x_wconf 79' lang='grc' dir='ltr'>α</span> <span class='ocrx_word' id='word_1_332' title='bbox 1403 379 1572 420; x_wconf 87' lang='lat' dir='ltr'>Vadunt</span> <span class='ocrx_word' id='word_1_333' title='bbox 1595 379 1788 431; x_wconf 83' lang='lat' dir='ltr'>fulgura,</span> <span class='ocrx_word' id='word_1_334' title='bbox 1811 392 1908 420; x_wconf 91' lang='lat' dir='ltr'>cum</span> <span class='ocrx_word' id='word_1_335' title='bbox 1936 380 2229 432; x_wconf 67' lang='lat' dir='ltr'>praedicatores</span> <span class='ocrx_word' id='word_1_336' title='bbox 2255 383 2384 423; x_wconf 87' lang='lat' dir='ltr'>mira-</span> 
     </span>
     <span class='ocr_line' id='line_1_51' title="bbox 1357 449 2383 498; baseline 0.007 -9"><span class='ocrx_word' id='word_1_337' title='bbox 1357 449 1462 490; x_wconf 91' lang='lat' dir='ltr'>culis</span> <span class='ocrx_word' id='word_1_338' title='bbox 1485 452 1732 498; x_wconf 89' lang='lat' dir='ltr'>coruscant;</span> <span class='ocrx_word' id='word_1_339' title='bbox 1761 449 2015 491; x_wconf 89' lang='lat' dir='ltr'>revertentia</span> <span class='ocrx_word' id='word_1_340' title='bbox 2043 450 2211 491; x_wconf 89' lang='lat' dir='ltr'>dicunt:</span> <span class='ocrx_word' id='word_1_341' title='bbox 2240 453 2383 495; x_wconf 81' lang='lat' dir='ltr'>Adsu-</span> 
     </span>
     <span class='ocr_line' id='line_1_52' title="bbox 1358 519 2385 575; baseline 0.003 -15"><span class='ocrx_word' id='word_1_342' title='bbox 1358 531 1451 562; x_wconf 77' lang='lat' dir='ltr'>mus</span> <span class='ocrx_word' id='word_1_343' title='bbox 1465 552 1474 569; x_wconf 93' lang='lat'>,</span> <span class='ocrx_word' id='word_1_344' title='bbox 1502 531 1599 560; x_wconf 89' lang='lat' dir='ltr'>cum</span> <span class='ocrx_word' id='word_1_345' title='bbox 1621 531 1707 560; x_wconf 94' lang='lat' dir='ltr'>non</span> <span class='ocrx_word' id='word_1_346' title='bbox 1727 519 1825 569; x_wconf 89' lang='lat' dir='ltr'>sibi,</span> <span class='ocrx_word' id='word_1_347' title='bbox 1848 519 1918 559; x_wconf 93' lang='lat' dir='ltr'>sed</span> <span class='ocrx_word' id='word_1_348' title='bbox 1946 519 2028 559; x_wconf 93' lang='lat' dir='ltr'>Deo</span> <span class='ocrx_word' id='word_1_349' title='bbox 2051 520 2243 561; x_wconf 91' lang='lat' dir='ltr'>tribuunt</span> <span class='ocrx_word' id='word_1_350' title='bbox 2267 524 2385 575; x_wconf 89' lang='lat' dir='ltr'>quid-</span> 
     </span>
     <span class='ocr_line' id='line_1_53' title="bbox 1357 589 2381 641; baseline 0.004 -11"><span class='ocrx_word' id='word_1_351' title='bbox 1357 589 1458 641; x_wconf 82' lang='lat' dir='ltr'>quid</span> <span class='ocrx_word' id='word_1_352' title='bbox 1479 601 1523 629; x_wconf 90' lang='lat' dir='ltr'>se</span> <span class='ocrx_word' id='word_1_353' title='bbox 1543 590 1706 630; x_wconf 80' lang='lat' dir='ltr'>fortiter</span> <span class='ocrx_word' id='word_1_354' title='bbox 1727 590 1864 641; x_wconf 89' lang='lat' dir='ltr'>egisse</span> <span class='ocrx_word' id='word_1_355' title='bbox 1883 593 2160 641; x_wconf 87' lang='lat' dir='ltr'>cognoscunt.</span> <span class='ocrx_word' id='word_1_356' title='bbox 2182 606 2201 628; x_wconf 89' lang='lat'>»</span> <span class='ocrx_word' id='word_1_357' title='bbox 2223 591 2297 633; x_wconf 84' lang='lat' dir='ltr'>Vel</span> <span class='ocrx_word' id='word_1_358' title='bbox 2316 606 2381 634; x_wconf 91' lang='lat' dir='ltr'>re-</span> 
     </span>
     <span class='ocr_line' id='line_1_54' title="bbox 1357 659 2382 713; baseline 0.004 -14"><span class='ocrx_word' id='word_1_359' title='bbox 1357 662 1582 700; x_wconf 88' lang='lat' dir='ltr'>vertuntur</span> <span class='ocrx_word' id='word_1_360' title='bbox 1600 659 1652 699; x_wconf 89' lang='lat' dir='ltr'>ad</span> <span class='ocrx_word' id='word_1_361' title='bbox 1669 659 1801 700; x_wconf 89' lang='lat' dir='ltr'>Deum</span> <span class='ocrx_word' id='word_1_362' title='bbox 1816 671 1891 712; x_wconf 86' lang='lat' dir='ltr'>per</span> <span class='ocrx_word' id='word_1_363' title='bbox 1907 660 2143 711; x_wconf 86' lang='lat' dir='ltr'>gratiarum</span> <span class='ocrx_word' id='word_1_364' title='bbox 2159 661 2382 713; x_wconf 83' lang='lat' dir='ltr'>actionem,</span> 
     </span>
     <span class='ocr_line' id='line_1_55' title="bbox 1357 728 2387 773; baseline 0.005 -5"><span class='ocrx_word' id='word_1_365' title='bbox 1357 729 1589 770; x_wconf 89' lang='lat' dir='ltr'>secundum</span> <span class='ocrx_word' id='word_1_366' title='bbox 1607 728 1711 769; x_wconf 90' lang='lat' dir='ltr'>illud</span> <span class='ocrx_word' id='word_1_367' title='bbox 1725 732 1738 753; x_wconf 78' lang='lat'><strong>⁸</strong></span> <span class='ocrx_word' id='word_1_368' title='bbox 1755 741 1765 769; x_wconf 78' lang='lat' dir='ltr'><em>z</em></span> <span class='ocrx_word' id='word_1_369' title='bbox 1786 744 1804 767; x_wconf 87' lang='lat'>«</span> <span class='ocrx_word' id='word_1_370' title='bbox 1825 729 1887 769; x_wconf 85' lang='lat' dir='ltr'>Ad</span> <span class='ocrx_word' id='word_1_371' title='bbox 1906 729 2046 770; x_wconf 89' lang='lat' dir='ltr'>locum</span> <span class='ocrx_word' id='word_1_372' title='bbox 2063 730 2175 771; x_wconf 91' lang='lat' dir='ltr'>unde</span> <span class='ocrx_word' id='word_1_373' title='bbox 2190 730 2387 773; x_wconf 82' lang='lat' dir='ltr'>exierunt</span> 
     </span>
     <span class='ocr_line' id='line_1_56' title="bbox 1357 799 2388 850; baseline 0.005 -12"><span class='ocrx_word' id='word_1_374' title='bbox 1357 799 1550 850; x_wconf 88' lang='lat' dir='ltr'>flumina,</span> <span class='ocrx_word' id='word_1_375' title='bbox 1573 802 1862 848; x_wconf 89' lang='lat' dir='ltr'>revertuntur,</span> <span class='ocrx_word' id='word_1_376' title='bbox 1882 802 1930 839; x_wconf 90' lang='lat' dir='ltr'>ut</span> <span class='ocrx_word' id='word_1_377' title='bbox 1947 799 2101 840; x_wconf 90' lang='lat' dir='ltr'>iterum</span> <span class='ocrx_word' id='word_1_378' title='bbox 2121 800 2270 841; x_wconf 89' lang='lat' dir='ltr'>fluant.</span> <span class='ocrx_word' id='word_1_379' title='bbox 2294 815 2312 839; x_wconf 66' lang='grc' dir='ltr'>υ</span> <span class='ocrx_word' id='word_1_380' title='bbox 2337 801 2388 842; x_wconf 90' lang='lat' dir='ltr'>Et</span> 
     </span>
     <span class='ocr_line' id='line_1_57' title="bbox 1357 869 2387 922; baseline 0.003 -13"><span class='ocrx_word' id='word_1_381' title='bbox 1357 869 1457 921; x_wconf 85' lang='lat' dir='ltr'>quia</span> <span class='ocrx_word' id='word_1_382' title='bbox 1483 881 1569 910; x_wconf 91' lang='lat' dir='ltr'>non</span> <span class='ocrx_word' id='word_1_383' title='bbox 1590 872 1767 922; x_wconf 86' lang='lat' dir='ltr'>possunt</span> <span class='ocrx_word' id='word_1_384' title='bbox 1794 869 1952 921; x_wconf 85' lang='lat' dir='ltr'>gratias</span> <span class='ocrx_word' id='word_1_385' title='bbox 1977 882 2107 921; x_wconf 88' lang='lat' dir='ltr'>agere</span> <span class='ocrx_word' id='word_1_386' title='bbox 2133 871 2184 911; x_wconf 89' lang='lat' dir='ltr'>de</span> <span class='ocrx_word' id='word_1_387' title='bbox 2207 871 2387 912; x_wconf 90' lang='lat' dir='ltr'>audien-</span> 
     </span>
     <span class='ocr_line' id='line_1_58' title="bbox 1357 939 2388 993; baseline 0.004 -15"><span class='ocrx_word' id='word_1_388' title='bbox 1357 939 1466 979; x_wconf 90' lang='lat' dir='ltr'>tium</span> <span class='ocrx_word' id='word_1_389' title='bbox 1492 940 1742 990; x_wconf 80' lang='lat' dir='ltr'>rebellione,</span> <span class='ocrx_word' id='word_1_390' title='bbox 1772 941 1844 981; x_wconf 89' lang='lat' dir='ltr'>sed</span> <span class='ocrx_word' id='word_1_391' title='bbox 1869 940 2008 993; x_wconf 89' lang='lat' dir='ltr'>potius</span> <span class='ocrx_word' id='word_1_392' title='bbox 2033 952 2205 992; x_wconf 85' lang='lat' dir='ltr'>gemere</span> <span class='ocrx_word' id='word_1_393' title='bbox 2233 953 2287 982; x_wconf 78' lang='lat' dir='ltr'>ex</span> <span class='ocrx_word' id='word_1_394' title='bbox 2312 941 2388 982; x_wconf 91' lang='lat' dir='ltr'>de-</span> 
     </span>
     <span class='ocr_line' id='line_1_59' title="bbox 1357 1010 2389 1063; baseline 0.004 -14"><span class='ocrx_word' id='word_1_395' title='bbox 1357 1011 1576 1051; x_wconf 87' lang='lat' dir='ltr'>testatione</span> <span class='ocrx_word' id='word_1_396' title='bbox 1618 1011 1753 1063; x_wconf 80' lang='lat' dir='ltr'>culpae</span> <span class='ocrx_word' id='word_1_397' title='bbox 1770 1042 1780 1060; x_wconf 88' lang='lat'>‚</span> <span class='ocrx_word' id='word_1_398' title='bbox 1830 1011 1923 1051; x_wconf 91' lang='lat' dir='ltr'>ideo</span> <span class='ocrx_word' id='word_1_399' title='bbox 1969 1010 2167 1051; x_wconf 90' lang='lat' dir='ltr'>dicuntur</span> <span class='ocrx_word' id='word_1_400' title='bbox 2212 1012 2389 1053; x_wconf 87' lang='lat' dir='ltr'>Domino</span> 
     </span>
     <span class='ocr_line' id='line_1_60' title="bbox 1356 1081 2389 1135; baseline 0.005 -16"><span class='ocrx_word' id='word_1_401' title='bbox 1356 1081 1573 1132; x_wconf 83' lang='lat' dir='ltr'>nuntiare3</span> <span class='ocrx_word' id='word_1_402' title='bbox 1591 1081 1699 1122; x_wconf 88' lang='lat' dir='ltr'>sicut</span> <span class='ocrx_word' id='word_1_403' title='bbox 1713 1081 1817 1122; x_wconf 90' lang='lat' dir='ltr'>etde</span> <span class='ocrx_word' id='word_1_404' title='bbox 1831 1081 2041 1133; x_wconf 86' lang='lat' dir='ltr'>Apostolis</span> <span class='ocrx_word' id='word_1_405' title='bbox 2054 1081 2208 1122; x_wconf 89' lang='lat' dir='ltr'>dicitur</span> <span class='ocrx_word' id='word_1_406' title='bbox 2228 1083 2257 1133; x_wconf 78' lang='lat'>⁹,</span> <span class='ocrx_word' id='word_1_407' title='bbox 2275 1084 2389 1135; x_wconf 89' lang='lat' dir='ltr'>quod</span> 
     </span>
     <span class='ocr_line' id='line_1_61' title="bbox 1357 1151 2390 1204; baseline 0.004 -14"><span class='ocrx_word' id='word_1_408' title='bbox 1357 1162 1457 1191; x_wconf 92' lang='lat' dir='ltr'>cum</span> <span class='ocrx_word' id='word_1_409' title='bbox 1477 1152 1713 1193; x_wconf 86' lang='lat' dir='ltr'>molestiam</span> <span class='ocrx_word' id='word_1_410' title='bbox 1736 1153 1980 1204; x_wconf 87' lang='lat' dir='ltr'>paterentur</span> <span class='ocrx_word' id='word_1_411' title='bbox 2000 1164 2024 1191; x_wconf 87' lang='lat' dir='ltr'>a</span> <span class='ocrx_word' id='word_1_412' title='bbox 2049 1151 2220 1203; x_wconf 75' lang='lat' dir='ltr'>Judaeis,</span> <span class='ocrx_word' id='word_1_413' title='bbox 2251 1168 2269 1191; x_wconf 78' lang='grc' dir='ltr'>α</span> <span class='ocrx_word' id='word_1_414' title='bbox 2286 1166 2390 1194; x_wconf 87' lang='lat' dir='ltr'>una-</span> 
     </span>
     <span class='ocr_line' id='line_1_62' title="bbox 1357 1221 2388 1275; baseline 0.003 -15"><span class='ocrx_word' id='word_1_415' title='bbox 1357 1221 1528 1262; x_wconf 83' lang='lat' dir='ltr'>nimiter</span> <span class='ocrx_word' id='word_1_416' title='bbox 1554 1221 1804 1263; x_wconf 89' lang='lat' dir='ltr'>levaverunt</span> <span class='ocrx_word' id='word_1_417' title='bbox 1833 1233 1980 1263; x_wconf 88' lang='lat' dir='ltr'>vocem</span> <span class='ocrx_word' id='word_1_418' title='bbox 2007 1233 2129 1262; x_wconf 90' lang='lat' dir='ltr'>suam</span> <span class='ocrx_word' id='word_1_419' title='bbox 2156 1222 2209 1263; x_wconf 90' lang='lat' dir='ltr'>ad</span> <span class='ocrx_word' id='word_1_420' title='bbox 2231 1222 2388 1275; x_wconf 84' lang='lat' dir='ltr'>Deum,</span> 
     </span>
     <span class='ocr_line' id='line_1_63' title="bbox 1357 1292 2390 1345; baseline 0.004 -14"><span class='ocrx_word' id='word_1_421' title='bbox 1357 1294 1398 1332; x_wconf 89' lang='lat' dir='ltr'>et</span> <span class='ocrx_word' id='word_1_422' title='bbox 1417 1292 1640 1334; x_wconf 83' lang='lat' dir='ltr'>dixerunt:</span> <span class='ocrx_word' id='word_1_423' title='bbox 1666 1293 1862 1343; x_wconf 87' lang='lat' dir='ltr'>Domine,</span> <span class='ocrx_word' id='word_1_424' title='bbox 1895 1295 1941 1334; x_wconf 89' lang='lat' dir='ltr'>tu</span> <span class='ocrx_word' id='word_1_425' title='bbox 1970 1304 2014 1333; x_wconf 91' lang='lat' dir='ltr'>es</span> <span class='ocrx_word' id='word_1_426' title='bbox 2045 1293 2119 1345; x_wconf 87' lang='lat' dir='ltr'>qui</span> <span class='ocrx_word' id='word_1_427' title='bbox 2146 1293 2278 1334; x_wconf 89' lang='lat' dir='ltr'>fecisti</span> <span class='ocrx_word' id='word_1_428' title='bbox 2302 1305 2390 1335; x_wconf 86' lang='lat' dir='ltr'>cce-</span> 
     </span>
     <span class='ocr_line' id='line_1_64' title="bbox 1355 1362 2391 1416; baseline 0.001 -13"><span class='ocrx_word' id='word_1_429' title='bbox 1355 1362 1470 1413; x_wconf 83' lang='lat' dir='ltr'>lum,</span> <span class='ocrx_word' id='word_1_430' title='bbox 1493 1365 1596 1413; x_wconf 86' lang='lat' dir='ltr'>etc.,</span> <span class='ocrx_word' id='word_1_431' title='bbox 1620 1364 1692 1416; x_wconf 83' lang='lat' dir='ltr'>qui</span> <span class='ocrx_word' id='word_1_432' title='bbox 1724 1363 1882 1416; x_wconf 86' lang='lat' dir='ltr'>Spiritu</span> <span class='ocrx_word' id='word_1_433' title='bbox 1902 1364 2045 1403; x_wconf 88' lang='lat' dir='ltr'>sancto</span> <span class='ocrx_word' id='word_1_434' title='bbox 2059 1394 2069 1412; x_wconf 81' lang='lat'>,</span> <span class='ocrx_word' id='word_1_435' title='bbox 2100 1375 2175 1415; x_wconf 89' lang='lat' dir='ltr'>per</span> <span class='ocrx_word' id='word_1_436' title='bbox 2196 1376 2242 1404; x_wconf 90' lang='lat' dir='ltr'>os</span> <span class='ocrx_word' id='word_1_437' title='bbox 2261 1365 2391 1416; x_wconf 89' lang='lat' dir='ltr'>patris</span> 
     </span>
     <span class='ocr_line' id='line_1_65' title="bbox 1356 1432 2390 1486; baseline 0.002 -13"><span class='ocrx_word' id='word_1_438' title='bbox 1356 1433 1492 1474; x_wconf 85' lang='lat' dir='ltr'>nostri</span> <span class='ocrx_word' id='word_1_439' title='bbox 1509 1432 1641 1475; x_wconf 88' lang='lat' dir='ltr'>David</span> <span class='ocrx_word' id='word_1_440' title='bbox 1673 1434 1794 1486; x_wconf 92' lang='lat' dir='ltr'>pueri</span> <span class='ocrx_word' id='word_1_441' title='bbox 1822 1434 1905 1484; x_wconf 83' lang='lat' dir='ltr'>tui,</span> <span class='ocrx_word' id='word_1_442' title='bbox 1938 1433 2103 1474; x_wconf 75' lang='lat' dir='ltr'>dixisti:</span> <span class='ocrx_word' id='word_1_443' title='bbox 2141 1433 2279 1482; x_wconf 82' lang='lat' dir='ltr'>Quare</span> <span class='ocrx_word' id='word_1_444' title='bbox 2308 1434 2390 1475; x_wconf 89' lang='lat' dir='ltr'>fre-</span> 
     </span>
     <span class='ocr_line' id='line_1_66' title="bbox 1357 1504 2389 1557; baseline 0.003 -14"><span class='ocrx_word' id='word_1_445' title='bbox 1357 1507 1560 1544; x_wconf 91' lang='lat' dir='ltr'>muerunt</span> <span class='ocrx_word' id='word_1_446' title='bbox 1599 1506 1778 1557; x_wconf 83' lang='lat' dir='ltr'>gentes?</span> <span class='ocrx_word' id='word_1_447' title='bbox 1804 1507 1880 1545; x_wconf 89' lang='lat' dir='ltr'>etc.</span> <span class='ocrx_word' id='word_1_448' title='bbox 1913 1504 2056 1555; x_wconf 88' lang='lat' dir='ltr'>Nunc,</span> <span class='ocrx_word' id='word_1_449' title='bbox 2088 1504 2285 1555; x_wconf 88' lang='lat' dir='ltr'>Domine,</span> <span class='ocrx_word' id='word_1_450' title='bbox 2319 1517 2389 1546; x_wconf 90' lang='lat' dir='ltr'>re-</span> 
     </span>
     <span class='ocr_line' id='line_1_67' title="bbox 1357 1574 2389 1627; baseline 0.002 -13"><span class='ocrx_word' id='word_1_451' title='bbox 1357 1574 1470 1627; x_wconf 88' lang='lat' dir='ltr'>spice</span> <span class='ocrx_word' id='word_1_452' title='bbox 1490 1575 1533 1614; x_wconf 91' lang='lat' dir='ltr'>in</span> <span class='ocrx_word' id='word_1_453' title='bbox 1554 1575 1691 1615; x_wconf 87' lang='lat' dir='ltr'>minas</span> <span class='ocrx_word' id='word_1_454' title='bbox 1711 1587 1877 1624; x_wconf 88' lang='lat' dir='ltr'>eorum,</span> <span class='ocrx_word' id='word_1_455' title='bbox 1900 1577 1940 1615; x_wconf 91' lang='lat' dir='ltr'>et</span> <span class='ocrx_word' id='word_1_456' title='bbox 1961 1576 2013 1615; x_wconf 88' lang='lat' dir='ltr'>da</span> <span class='ocrx_word' id='word_1_457' title='bbox 2033 1576 2164 1616; x_wconf 88' lang='lat' dir='ltr'>servis</span> <span class='ocrx_word' id='word_1_458' title='bbox 2183 1576 2266 1616; x_wconf 86' lang='lat' dir='ltr'>tuis</span> <span class='ocrx_word' id='word_1_459' title='bbox 2291 1588 2389 1616; x_wconf 90' lang='lat' dir='ltr'>cum</span> 
     </span>
     <span class='ocr_line' id='line_1_68' title="bbox 1359 1645 2392 1699; baseline 0.001 -13"><span class='ocrx_word' id='word_1_460' title='bbox 1359 1645 1475 1686; x_wconf 88' lang='lat' dir='ltr'>omni</span> <span class='ocrx_word' id='word_1_461' title='bbox 1486 1645 1641 1686; x_wconf 86' lang='lat' dir='ltr'>fiducia</span> <span class='ocrx_word' id='word_1_462' title='bbox 1654 1645 1772 1697; x_wconf 88' lang='lat' dir='ltr'>loqui</span> <span class='ocrx_word' id='word_1_463' title='bbox 1791 1645 1974 1686; x_wconf 87' lang='lat' dir='ltr'>verbum</span> <span class='ocrx_word' id='word_1_464' title='bbox 1994 1648 2132 1687; x_wconf 84' lang='lat' dir='ltr'>tuum.</span> <span class='ocrx_word' id='word_1_465' title='bbox 2149 1660 2168 1683; x_wconf 85' lang='lat'>»</span> <span class='ocrx_word' id='word_1_466' title='bbox 2187 1645 2237 1687; x_wconf 89' lang='lat' dir='ltr'>Et</span> <span class='ocrx_word' id='word_1_467' title='bbox 2257 1647 2392 1699; x_wconf 87' lang='lat' dir='ltr'>sequi-</span> 
     </span>
     <span class='ocr_line' id='line_1_69' title="bbox 1357 1714 2385 1766; baseline -0.003 -10"><span class='ocrx_word' id='word_1_468' title='bbox 1357 1717 1426 1756; x_wconf 88' lang='lat' dir='ltr'>tur</span> <span class='ocrx_word' id='word_1_469' title='bbox 1445 1716 1473 1737; x_wconf 87' lang='lat'>¹⁰</span> <span class='ocrx_word' id='word_1_470' title='bbox 1491 1729 1526 1755; x_wconf 69' lang='lat' dir='ltr'>:a</span> <span class='ocrx_word' id='word_1_471' title='bbox 1550 1714 1602 1756; x_wconf 86' lang='lat' dir='ltr'>Et</span> <span class='ocrx_word' id='word_1_472' title='bbox 1621 1727 1718 1756; x_wconf 88' lang='lat' dir='ltr'>cum</span> <span class='ocrx_word' id='word_1_473' title='bbox 1738 1718 1941 1766; x_wconf 87' lang='lat' dir='ltr'>orassent,</span> <span class='ocrx_word' id='word_1_474' title='bbox 1965 1717 2105 1756; x_wconf 89' lang='lat' dir='ltr'>motus</span> <span class='ocrx_word' id='word_1_475' title='bbox 2123 1717 2184 1756; x_wconf 91' lang='lat' dir='ltr'>est</span> <span class='ocrx_word' id='word_1_476' title='bbox 2202 1716 2343 1757; x_wconf 91' lang='lat' dir='ltr'>locus:</span> <span class='ocrx_word' id='word_1_477' title='bbox 2365 1730 2385 1753; x_wconf 74' lang='lat' dir='ltr'>i)</span> 
     </span>
     <span class='ocr_line' id='line_1_70' title="bbox 1356 1785 2391 1838; baseline 0.001 -12"><span class='ocrx_word' id='word_1_478' title='bbox 1356 1786 1401 1826; x_wconf 93' lang='lat' dir='ltr'>in</span> <span class='ocrx_word' id='word_1_479' title='bbox 1421 1797 1506 1838; x_wconf 90' lang='lat' dir='ltr'>quo</span> <span class='ocrx_word' id='word_1_480' title='bbox 1525 1785 1781 1838; x_wconf 87' lang='lat' dir='ltr'>intelligitur</span> <span class='ocrx_word' id='word_1_481' title='bbox 1800 1785 2026 1826; x_wconf 89' lang='lat' dir='ltr'>commotio</span> <span class='ocrx_word' id='word_1_482' title='bbox 2051 1785 2127 1826; x_wconf 82' lang='lat' dir='ltr'>irae</span> <span class='ocrx_word' id='word_1_483' title='bbox 2153 1786 2226 1826; x_wconf 90' lang='lat' dir='ltr'>Dei</span> <span class='ocrx_word' id='word_1_484' title='bbox 2245 1789 2391 1827; x_wconf 89' lang='lat' dir='ltr'>contra</span> 
     </span>
     <span class='ocr_line' id='line_1_71' title="bbox 1356 1855 2391 1909; baseline 0.001 -12"><span class='ocrx_word' id='word_1_485' title='bbox 1356 1856 1629 1897; x_wconf 90' lang='lat' dir='ltr'>rebellionem</span> <span class='ocrx_word' id='word_1_486' title='bbox 1673 1856 1932 1897; x_wconf 89' lang='lat' dir='ltr'>auditorum.</span> <span class='ocrx_word' id='word_1_487' title='bbox 1983 1855 2158 1908; x_wconf 82' lang='lat' dir='ltr'>Propter</span> <span class='ocrx_word' id='word_1_488' title='bbox 2198 1857 2312 1909; x_wconf 84' lang='lat' dir='ltr'>quod</span> <span class='ocrx_word' id='word_1_489' title='bbox 2349 1859 2391 1898; x_wconf 87' lang='lat' dir='ltr'>et</span> 
     </span>
     <span class='ocr_line' id='line_1_72' title="bbox 1356 1926 2390 1979; baseline 0.003 -12"><span class='ocrx_word' id='word_1_490' title='bbox 1356 1927 1498 1968; x_wconf 87' lang='lat' dir='ltr'>subdit</span> <span class='ocrx_word' id='word_1_491' title='bbox 1520 1941 1529 1966; x_wconf 92' lang='lat'>:</span> <span class='ocrx_word' id='word_1_492' title='bbox 1577 1927 1691 1968; x_wconf 75' lang='lat' dir='ltr'>Tunc</span> <span class='ocrx_word' id='word_1_493' title='bbox 1726 1928 1868 1969; x_wconf 79' lang='lat' dir='ltr'>iratus</span> <span class='ocrx_word' id='word_1_494' title='bbox 1909 1927 2226 1979; x_wconf 76' lang='lat' dir='ltr'>paterfamilias</span> <span class='ocrx_word' id='word_1_495' title='bbox 2267 1926 2390 1970; x_wconf 72' lang='lat' dir='ltr'>dixit</span> 
     </span>
     <span class='ocr_line' id='line_1_73' title="bbox 1357 1997 2390 2049; baseline 0.001 -9"><span class='ocrx_word' id='word_1_496' title='bbox 1357 2008 1476 2041; x_wconf 78' lang='lat' dir='ltr'>servo</span> <span class='ocrx_word' id='word_1_497' title='bbox 1495 2008 1598 2040; x_wconf 80' lang='lat' dir='ltr'>suo:</span> <span class='ocrx_word' id='word_1_498' title='bbox 1619 1998 1709 2040; x_wconf 78' lang='lat' dir='ltr'>Eoez·</span> <span class='ocrx_word' id='word_1_499' title='bbox 1728 1999 1810 2040; x_wconf 76' lang='lat' dir='ltr'>cito</span> <span class='ocrx_word' id='word_1_500' title='bbox 1831 1999 1880 2039; x_wconf 73' lang='lat' dir='ltr'>in</span> <span class='ocrx_word' id='word_1_501' title='bbox 1896 1997 2059 2049; x_wconf 78' lang='lat' dir='ltr'>placeas</span> <span class='ocrx_word' id='word_1_502' title='bbox 2079 2001 2119 2040; x_wconf 80' lang='lat' dir='ltr'>et</span> <span class='ocrx_word' id='word_1_503' title='bbox 2142 1999 2256 2040; x_wconf 83' lang='lat' dir='ltr'>vicos</span> <span class='ocrx_word' id='word_1_504' title='bbox 2278 2000 2390 2041; x_wconf 83' lang='lat' dir='ltr'>civi-</span> 
     </span>
     <span class='ocr_line' id='line_1_74' title="bbox 1359 2068 2391 2122; baseline -0.001 -10"><span class='ocrx_word' id='word_1_505' title='bbox 1359 2071 1483 2120; x_wconf 64' lang='lat' dir='ltr'>tam,</span> <span class='ocrx_word' id='word_1_506' title='bbox 1504 2070 1545 2111; x_wconf 90' lang='lat' dir='ltr'>id</span> <span class='ocrx_word' id='word_1_507' title='bbox 1564 2073 1625 2110; x_wconf 90' lang='lat' dir='ltr'>est</span> <span class='ocrx_word' id='word_1_508' title='bbox 1644 2070 1697 2111; x_wconf 90' lang='lat' dir='ltr'>ad</span> <span class='ocrx_word' id='word_1_509' title='bbox 1714 2069 1927 2122; x_wconf 82' lang='lat' dir='ltr'>publicam</span> <span class='ocrx_word' id='word_1_510' title='bbox 1946 2068 2307 2121; x_wconf 61' lang='lat' dir='ltr'>praedicationem,</span> <span class='ocrx_word' id='word_1_511' title='bbox 2329 2082 2391 2111; x_wconf 89' lang='lat' dir='ltr'>se-</span> 
     </span>
     <span class='ocr_line' id='line_1_75' title="bbox 1358 2139 2388 2192; baseline -0.001 -11"><span class='ocrx_word' id='word_1_512' title='bbox 1358 2141 1546 2181; x_wconf 90' lang='lat' dir='ltr'>cundum</span> <span class='ocrx_word' id='word_1_513' title='bbox 1569 2140 1675 2181; x_wconf 89' lang='lat' dir='ltr'>illud</span> <span class='ocrx_word' id='word_1_514' title='bbox 1695 2141 1720 2162; x_wconf 86' lang='lat'>¹¹</span> <span class='ocrx_word' id='word_1_515' title='bbox 1739 2154 1747 2180; x_wconf 74' lang='lat'>2</span> <span class='ocrx_word' id='word_1_516' title='bbox 1778 2155 1796 2178; x_wconf 70' lang='grc' dir='ltr'>(ι</span> <span class='ocrx_word' id='word_1_517' title='bbox 1816 2139 2030 2192; x_wconf 89' lang='lat' dir='ltr'>Sapientia</span> <span class='ocrx_word' id='word_1_518' title='bbox 2048 2140 2149 2180; x_wconf 84' lang='lat' dir='ltr'>foris</span> <span class='ocrx_word' id='word_1_519' title='bbox 2168 2140 2388 2192; x_wconf 83' lang='lat' dir='ltr'>praedicat,</span> 
     </span>
     <span class='ocr_line' id='line_1_76' title="bbox 1358 2210 2389 2263; baseline 0.002 -13"><span class='ocrx_word' id='word_1_520' title='bbox 1358 2212 1403 2251; x_wconf 92' lang='lat' dir='ltr'>in</span> <span class='ocrx_word' id='word_1_521' title='bbox 1425 2211 1573 2263; x_wconf 91' lang='lat' dir='ltr'>plateis</span> <span class='ocrx_word' id='word_1_522' title='bbox 1593 2211 1664 2252; x_wconf 87' lang='lat' dir='ltr'>dat</span> <span class='ocrx_word' id='word_1_523' title='bbox 1684 2222 1832 2251; x_wconf 90' lang='lat' dir='ltr'>vocem</span> <span class='ocrx_word' id='word_1_524' title='bbox 1853 2222 1974 2250; x_wconf 89' lang='lat' dir='ltr'>suam</span> <span class='ocrx_word' id='word_1_525' title='bbox 1991 2222 2000 2250; x_wconf 75' lang='grc' dir='ltr'>ε</span> <span class='ocrx_word' id='word_1_526' title='bbox 2023 2210 2066 2250; x_wconf 91' lang='lat' dir='ltr'>in</span> <span class='ocrx_word' id='word_1_527' title='bbox 2095 2210 2229 2263; x_wconf 90' lang='lat' dir='ltr'>capite</span> <span class='ocrx_word' id='word_1_528' title='bbox 2245 2211 2389 2252; x_wconf 89' lang='lat' dir='ltr'>turba-</span> 
     </span>
     <span class='ocr_line' id='line_1_77' title="bbox 1358 2281 2391 2333; baseline 0 -11"><span class='ocrx_word' id='word_1_529' title='bbox 1358 2294 1456 2323; x_wconf 89' lang='lat' dir='ltr'>rum</span> <span class='ocrx_word' id='word_1_530' title='bbox 1493 2281 1702 2331; x_wconf 86' lang='lat' dir='ltr'>clamitat,</span> <span class='ocrx_word' id='word_1_531' title='bbox 1742 2282 1787 2321; x_wconf 92' lang='lat' dir='ltr'>in</span> <span class='ocrx_word' id='word_1_532' title='bbox 1822 2281 1981 2321; x_wconf 81' lang='lat' dir='ltr'>foribus</span> <span class='ocrx_word' id='word_1_533' title='bbox 2018 2283 2237 2333; x_wconf 89' lang='lat' dir='ltr'>portarum</span> <span class='ocrx_word' id='word_1_534' title='bbox 2273 2282 2391 2322; x_wconf 87' lang='lat' dir='ltr'>urbis</span> 
     </span>
     <span class='ocr_line' id='line_1_78' title="bbox 1360 2350 2391 2405; baseline 0 -12"><span class='ocrx_word' id='word_1_535' title='bbox 1360 2353 1518 2405; x_wconf 83' lang='lat' dir='ltr'>profert</span> <span class='ocrx_word' id='word_1_536' title='bbox 1537 2351 1668 2393; x_wconf 90' lang='lat' dir='ltr'>verba</span> <span class='ocrx_word' id='word_1_537' title='bbox 1688 2363 1780 2391; x_wconf 90' lang='lat' dir='ltr'>sua.</span> <span class='ocrx_word' id='word_1_538' title='bbox 1801 2365 1820 2389; x_wconf 72' lang='lat' dir='ltr'>n</span> <span class='ocrx_word' id='word_1_539' title='bbox 1843 2350 1993 2391; x_wconf 80' lang='lat' dir='ltr'>Exitus</span> <span class='ocrx_word' id='word_1_540' title='bbox 2015 2351 2092 2390; x_wconf 90' lang='lat' dir='ltr'>iste</span> <span class='ocrx_word' id='word_1_541' title='bbox 2114 2353 2176 2391; x_wconf 87' lang='lat' dir='ltr'>est</span> <span class='ocrx_word' id='word_1_542' title='bbox 2196 2351 2248 2391; x_wconf 91' lang='lat' dir='ltr'>ad</span> <span class='ocrx_word' id='word_1_543' title='bbox 2268 2363 2391 2393; x_wconf 83' lang='lat' dir='ltr'>exer-</span> 
     </span>
     <span class='ocr_line' id='line_1_79' title="bbox 1359 2422 2388 2475; baseline -0.001 -11"><span class='ocrx_word' id='word_1_544' title='bbox 1359 2424 1505 2464; x_wconf 90' lang='lat' dir='ltr'>citium</span> <span class='ocrx_word' id='word_1_545' title='bbox 1542 2422 1878 2475; x_wconf 78' lang='lat' dir='ltr'>praedicationiS,</span> <span class='ocrx_word' id='word_1_546' title='bbox 1922 2422 2153 2462; x_wconf 88' lang='lat' dir='ltr'>secundum</span> <span class='ocrx_word' id='word_1_547' title='bbox 2191 2422 2295 2463; x_wconf 86' lang='lat' dir='ltr'>illud</span> <span class='ocrx_word' id='word_1_548' title='bbox 2325 2423 2352 2444; x_wconf 72' lang='lat'>¹2</span> <span class='ocrx_word' id='word_1_549' title='bbox 2379 2437 2388 2463; x_wconf 89' lang='lat'>:</span> 
     </span>
     <span class='ocr_line' id='line_1_80' title="bbox 1362 2493 2385 2547; baseline -0.002 -13"><span class='ocrx_word' id='word_1_550' title='bbox 1362 2510 1381 2534; x_wconf 77' lang='lat' dir='ltr'>c(</span> <span class='ocrx_word' id='word_1_551' title='bbox 1396 2495 1508 2536; x_wconf 76' lang='lat' dir='ltr'>Exiit</span> <span class='ocrx_word' id='word_1_552' title='bbox 1522 2495 1596 2547; x_wconf 88' lang='lat' dir='ltr'>qui</span> <span class='ocrx_word' id='word_1_553' title='bbox 1614 2494 1807 2543; x_wconf 84' lang='lat' dir='ltr'>seminat,</span> <span class='ocrx_word' id='word_1_554' title='bbox 1823 2493 2032 2534; x_wconf 86' lang='lat' dir='ltr'>seminare</span> <span class='ocrx_word' id='word_1_555' title='bbox 2048 2505 2191 2535; x_wconf 89' lang='lat' dir='ltr'>semen</span> <span class='ocrx_word' id='word_1_556' title='bbox 2206 2506 2353 2535; x_wconf 86' lang='lat' dir='ltr'>suum:</span> <span class='ocrx_word' id='word_1_557' title='bbox 2367 2510 2385 2532; x_wconf 78' lang='lat' dir='ltr'>n</span> 
     </span>
     <span class='ocr_line' id='line_1_81' title="bbox 1360 2564 2391 2618; baseline 0 -12"><span class='ocrx_word' id='word_1_558' title='bbox 1360 2569 1401 2606; x_wconf 89' lang='lat' dir='ltr'>et</span> <span class='ocrx_word' id='word_1_559' title='bbox 1429 2566 1554 2618; x_wconf 84' lang='lat' dir='ltr'>quia,</span> <span class='ocrx_word' id='word_1_560' title='bbox 1576 2564 1758 2617; x_wconf 88' lang='lat' dir='ltr'>repulsis</span> <span class='ocrx_word' id='word_1_561' title='bbox 1779 2564 1991 2617; x_wconf 84' lang='lat' dir='ltr'>superbis,</span> <span class='ocrx_word' id='word_1_562' title='bbox 2024 2567 2293 2617; x_wconf 88' lang='lat' dir='ltr'>acceptantur</span> <span class='ocrx_word' id='word_1_563' title='bbox 2311 2566 2391 2606; x_wconf 91' lang='lat' dir='ltr'>hu-</span> 
     </span>
     <span class='ocr_line' id='line_1_82' title="bbox 1360 2635 2390 2687; baseline 0.002 -11"><span class='ocrx_word' id='word_1_564' title='bbox 1360 2636 1481 2676; x_wconf 87' lang='lat' dir='ltr'>miles</span> <span class='ocrx_word' id='word_1_565' title='bbox 1495 2668 1506 2686; x_wconf 89' lang='lat'>,</span> <span class='ocrx_word' id='word_1_566' title='bbox 1529 2635 1622 2676; x_wconf 88' lang='lat' dir='ltr'>ideo</span> <span class='ocrx_word' id='word_1_567' title='bbox 1642 2635 1807 2675; x_wconf 84' lang='lat' dir='ltr'>subdit:</span> <span class='ocrx_word' id='word_1_568' title='bbox 1831 2635 1886 2677; x_wconf 79' lang='lat' dir='ltr'>Et</span> <span class='ocrx_word' id='word_1_569' title='bbox 1902 2645 2131 2687; x_wconf 74' lang='lat' dir='ltr'>pauperes,</span> <span class='ocrx_word' id='word_1_570' title='bbox 2154 2646 2203 2677; x_wconf 85' lang='lat' dir='ltr'>ae</span> <span class='ocrx_word' id='word_1_571' title='bbox 2222 2636 2390 2687; x_wconf 78' lang='lat' dir='ltr'>debiles,</span> 
     </span>
     <span class='ocr_line' id='line_1_83' title="bbox 1361 2704 2390 2759; baseline 0 -11"><span class='ocrx_word' id='word_1_572' title='bbox 1361 2711 1400 2749; x_wconf 77' lang='lat' dir='ltr'>et</span> <span class='ocrx_word' id='word_1_573' title='bbox 1421 2717 1568 2757; x_wconf 79' lang='lat' dir='ltr'>cceeos,</span> <span class='ocrx_word' id='word_1_574' title='bbox 1592 2709 1630 2748; x_wconf 80' lang='lat' dir='ltr'>et</span> <span class='ocrx_word' id='word_1_575' title='bbox 1649 2705 1823 2747; x_wconf 80' lang='lat' dir='ltr'>claudos</span> <span class='ocrx_word' id='word_1_576' title='bbox 1842 2704 2040 2747; x_wconf 74' lang='lat' dir='ltr'>introduc</span> <span class='ocrx_word' id='word_1_577' title='bbox 2061 2706 2165 2756; x_wconf 81' lang='lat' dir='ltr'>hu03</span> <span class='ocrx_word' id='word_1_578' title='bbox 2194 2707 2306 2759; x_wconf 85' lang='lat' dir='ltr'>quod</span> <span class='ocrx_word' id='word_1_579' title='bbox 2327 2720 2390 2748; x_wconf 87' lang='lat' dir='ltr'>se-</span> 
     </span>
     <span class='ocr_line' id='line_1_84' title="bbox 1361 2777 2388 2830; baseline 0 -11"><span class='ocrx_word' id='word_1_580' title='bbox 1361 2778 1548 2819; x_wconf 90' lang='lat' dir='ltr'>cundum</span> <span class='ocrx_word' id='word_1_581' title='bbox 1573 2777 1762 2818; x_wconf 88' lang='lat' dir='ltr'>Glossam</span> <span class='ocrx_word' id='word_1_582' title='bbox 1782 2777 1808 2799; x_wconf 78' lang='lat'>¹³</span> <span class='ocrx_word' id='word_1_583' title='bbox 1830 2777 1957 2817; x_wconf 88' lang='lat' dir='ltr'>habet</span> <span class='ocrx_word' id='word_1_584' title='bbox 1977 2777 2132 2829; x_wconf 80' lang='lat' dir='ltr'>exponi</span> <span class='ocrx_word' id='word_1_585' title='bbox 2157 2777 2388 2830; x_wconf 87' lang='lat' dir='ltr'>tripliciter.</span> 
     </span>
     <span class='ocr_line' id='line_1_85' title="bbox 1362 2848 2389 2899; baseline -0.001 -9"><span class='ocrx_word' id='word_1_586' title='bbox 1362 2849 1452 2891; x_wconf 90' lang='lat' dir='ltr'>Uno</span> <span class='ocrx_word' id='word_1_587' title='bbox 1472 2849 1612 2899; x_wconf 87' lang='lat' dir='ltr'>modo,</span> <span class='ocrx_word' id='word_1_588' title='bbox 1633 2851 1681 2888; x_wconf 90' lang='lat' dir='ltr'>ut</span> <span class='ocrx_word' id='word_1_589' title='bbox 1700 2848 1778 2888; x_wconf 89' lang='lat' dir='ltr'>ista</span> <span class='ocrx_word' id='word_1_590' title='bbox 1795 2850 1945 2888; x_wconf 90' lang='lat' dir='ltr'>sonent</span> <span class='ocrx_word' id='word_1_591' title='bbox 1958 2848 2144 2888; x_wconf 82' lang='lat' dir='ltr'>defectus</span> <span class='ocrx_word' id='word_1_592' title='bbox 2161 2849 2389 2899; x_wconf 89' lang='lat' dir='ltr'>naturales,</span> 
     </span>
     <span class='ocr_line' id='line_1_86' title="bbox 1360 2919 2391 2973; baseline -0.002 -12"><span class='ocrx_word' id='word_1_593' title='bbox 1360 2923 1408 2961; x_wconf 84' lang='lat' dir='ltr'>ut</span> <span class='ocrx_word' id='word_1_594' title='bbox 1431 2930 1664 2973; x_wconf 75' lang='lat' dir='ltr'>pauperes,</span> <span class='ocrx_word' id='word_1_595' title='bbox 1689 2919 1764 2972; x_wconf 82' lang='lat' dir='ltr'>qui</span> <span class='ocrx_word' id='word_1_596' title='bbox 1785 2921 1927 2959; x_wconf 87' lang='lat' dir='ltr'>carent</span> <span class='ocrx_word' id='word_1_597' title='bbox 1946 2919 2094 2969; x_wconf 86' lang='lat' dir='ltr'>rebus;</span> <span class='ocrx_word' id='word_1_598' title='bbox 2117 2919 2272 2961; x_wconf 77' lang='lat' dir='ltr'>debiles</span> <span class='ocrx_word' id='word_1_599' title='bbox 2287 2950 2297 2969; x_wconf 87' lang='lat'>‚</span> <span class='ocrx_word' id='word_1_600' title='bbox 2317 2920 2391 2972; x_wconf 87' lang='lat' dir='ltr'>qui</span> 
     </span>
     <span class='ocr_line' id='line_1_87' title="bbox 1360 2989 2392 3042; baseline -0.001 -11"><span class='ocrx_word' id='word_1_601' title='bbox 1360 2993 1504 3031; x_wconf 89' lang='lat' dir='ltr'>carent</span> <span class='ocrx_word' id='word_1_602' title='bbox 1524 2991 1709 3040; x_wconf 87' lang='lat' dir='ltr'>viribus;</span> <span class='ocrx_word' id='word_1_603' title='bbox 1738 3000 1882 3039; x_wconf 82' lang='lat' dir='ltr'>coecos,</span> <span class='ocrx_word' id='word_1_604' title='bbox 1912 2989 1984 3042; x_wconf 87' lang='lat' dir='ltr'>qui</span> <span class='ocrx_word' id='word_1_605' title='bbox 2004 2990 2160 3030; x_wconf 86' lang='lat' dir='ltr'>habent</span> <span class='ocrx_word' id='word_1_606' title='bbox 2184 2990 2392 3031; x_wconf 85' lang='lat' dir='ltr'>defectum</span> 
     </span>
     <span class='ocr_line' id='line_1_88' title="bbox 1360 3061 2392 3113; baseline 0.001 -12"><span class='ocrx_word' id='word_1_607' title='bbox 1360 3062 1404 3102; x_wconf 89' lang='lat' dir='ltr'>in</span> <span class='ocrx_word' id='word_1_608' title='bbox 1440 3062 1551 3112; x_wconf 81' lang='lat' dir='ltr'>visu3</span> <span class='ocrx_word' id='word_1_609' title='bbox 1586 3061 1785 3112; x_wconf 79' lang='lat' dir='ltr'>claudos,</span> <span class='ocrx_word' id='word_1_610' title='bbox 1815 3061 1887 3113; x_wconf 87' lang='lat' dir='ltr'>qui</span> <span class='ocrx_word' id='word_1_611' title='bbox 1920 3061 2076 3101; x_wconf 86' lang='lat' dir='ltr'>habent</span> <span class='ocrx_word' id='word_1_612' title='bbox 2107 3061 2314 3101; x_wconf 84' lang='lat' dir='ltr'>defectum</span> <span class='ocrx_word' id='word_1_613' title='bbox 2347 3061 2392 3102; x_wconf 91' lang='lat' dir='ltr'>in</span> 
     </span>
     <span class='ocr_line' id='line_1_89' title="bbox 1360 3131 2393 3185; baseline 0 -13"><span class='ocrx_word' id='word_1_614' title='bbox 1360 3143 1592 3185; x_wconf 87' lang='lat' dir='ltr'>progressu</span> <span class='ocrx_word' id='word_1_615' title='bbox 1611 3147 1619 3174; x_wconf 78' lang='grc' dir='ltr'>ε</span> <span class='ocrx_word' id='word_1_616' title='bbox 1640 3133 1754 3185; x_wconf 83' lang='lat' dir='ltr'>quia,</span> <span class='ocrx_word' id='word_1_617' title='bbox 1777 3133 1829 3173; x_wconf 92' lang='lat' dir='ltr'>ad</span> <span class='ocrx_word' id='word_1_618' title='bbox 1849 3131 2048 3181; x_wconf 88' lang='lat' dir='ltr'>litteram,</span> <span class='ocrx_word' id='word_1_619' title='bbox 2067 3134 2107 3171; x_wconf 89' lang='lat' dir='ltr'>et</span> <span class='ocrx_word' id='word_1_620' title='bbox 2125 3131 2228 3172; x_wconf 89' lang='lat' dir='ltr'>tales</span> <span class='ocrx_word' id='word_1_621' title='bbox 2245 3132 2393 3172; x_wconf 89' lang='lat' dir='ltr'>admit-</span> 
     </span>
     <span class='ocr_line' id='line_1_90' title="bbox 1360 3201 2390 3255; baseline -0.001 -11"><span class='ocrx_word' id='word_1_622' title='bbox 1360 3207 1509 3245; x_wconf 90' lang='lat' dir='ltr'>tuntur</span> <span class='ocrx_word' id='word_1_623' title='bbox 1529 3203 1581 3244; x_wconf 87' lang='lat' dir='ltr'>ad</span> <span class='ocrx_word' id='word_1_624' title='bbox 1601 3213 1786 3255; x_wconf 87' lang='lat' dir='ltr'>regnum</span> <span class='ocrx_word' id='word_1_625' title='bbox 1812 3202 2016 3243; x_wconf 86' lang='lat' dir='ltr'>coelorum</span> <span class='ocrx_word' id='word_1_626' title='bbox 2038 3201 2065 3223; x_wconf 74' lang='lat'>¹²·</span> <span class='ocrx_word' id='word_1_627' title='bbox 2083 3215 2091 3242; x_wconf 90' lang='lat'><strong>:</strong></span> <span class='ocrx_word' id='word_1_628' title='bbox 2115 3216 2133 3240; x_wconf 89' lang='lat'>«</span> <span class='ocrx_word' id='word_1_629' title='bbox 2151 3201 2291 3243; x_wconf 88' lang='lat' dir='ltr'>Videte</span> <span class='ocrx_word' id='word_1_630' title='bbox 2315 3214 2390 3243; x_wconf 91' lang='lat' dir='ltr'>vo-</span> 
     </span>
     <span class='ocr_line' id='line_1_91' title="bbox 1361 3272 2391 3324; baseline -0.002 -9"><span class='ocrx_word' id='word_1_631' title='bbox 1361 3275 1568 3316; x_wconf 88' lang='lat' dir='ltr'>cationem</span> <span class='ocrx_word' id='word_1_632' title='bbox 1587 3276 1793 3323; x_wconf 83' lang='lat' dir='ltr'>vestram,</span> <span class='ocrx_word' id='word_1_633' title='bbox 1827 3274 1995 3320; x_wconf 82' lang='lat' dir='ltr'>fratres,</span> <span class='ocrx_word' id='word_1_634' title='bbox 2020 3272 2120 3324; x_wconf 82' lang='lat' dir='ltr'>quia</span> <span class='ocrx_word' id='word_1_635' title='bbox 2152 3284 2240 3313; x_wconf 90' lang='lat' dir='ltr'>non</span> <span class='ocrx_word' id='word_1_636' title='bbox 2267 3273 2391 3313; x_wconf 88' lang='lat' dir='ltr'>multi</span> 
     </span>
    </p>
   </div>
   <div class='ocr_carea' id='block_1_6' title="bbox 1362 3355 2392 3537">
    <p class='ocr_par' dir='ltr' id='par_1_7' title="bbox 1362 3355 2392 3537">
     <span class='ocr_line' id='line_1_92' title="bbox 1362 3355 2392 3396; baseline -0.002 -8"><span class='ocrx_word' id='word_1_637' title='bbox 1362 3358 1465 3396; x_wconf 79' lang='lat' dir='ltr'>XXX,</span> <span class='ocrx_word' id='word_1_638' title='bbox 1485 3365 1522 3395; x_wconf 89' lang='lat'>11,</span> <span class='ocrx_word' id='word_1_639' title='bbox 1543 3365 1576 3387; x_wconf 90' lang='lat' dir='ltr'>n.</span> <span class='ocrx_word' id='word_1_640' title='bbox 1600 3359 1631 3387; x_wconf 86' lang='lat'>6.</span> <span class='ocrx_word' id='word_1_641' title='bbox 1647 3373 1686 3379; x_wconf 90' lang='lat'>—</span> <span class='ocrx_word' id='word_1_642' title='bbox 1705 3357 1716 3374; x_wconf 77' lang='lat'><strong>⁸</strong></span> <span class='ocrx_word' id='word_1_643' title='bbox 1735 3355 1856 3395; x_wconf 83' lang='lat' dir='ltr'>Eccle.,</span> <span class='ocrx_word' id='word_1_644' title='bbox 1878 3362 1903 3394; x_wconf 87' lang='lat'>1,</span> <span class='ocrx_word' id='word_1_645' title='bbox 1920 3355 1950 3385; x_wconf 78' lang='lat'>7.</span> <span class='ocrx_word' id='word_1_646' title='bbox 1971 3370 2011 3377; x_wconf 89' lang='lat'>—</span> <span class='ocrx_word' id='word_1_647' title='bbox 2031 3357 2041 3371; x_wconf 77' lang='lat'>²&#39;</span> <span class='ocrx_word' id='word_1_648' title='bbox 2064 3355 2151 3393; x_wconf 60' lang='lat' dir='ltr'>Act„</span> <span class='ocrx_word' id='word_1_649' title='bbox 2175 3362 2221 3394; x_wconf 88' lang='lat' dir='ltr'>1v,</span> <span class='ocrx_word' id='word_1_650' title='bbox 2241 3356 2392 3386; x_wconf 72' lang='lat'><strong>24-29.—-</strong></span> 
     </span>
     <span class='ocr_line' id='line_1_93' title="bbox 1362 3402 2390 3442; baseline -0.004 -7"><span class='ocrx_word' id='word_1_651' title='bbox 1362 3406 1388 3425; x_wconf 78' lang='lat'>¹0</span> <span class='ocrx_word' id='word_1_652' title='bbox 1408 3404 1494 3441; x_wconf 59' lang='lat' dir='ltr'>Act„</span> <span class='ocrx_word' id='word_1_653' title='bbox 1520 3411 1566 3442; x_wconf 78' lang='lat' dir='ltr'>lv,</span> <span class='ocrx_word' id='word_1_654' title='bbox 1594 3405 1644 3433; x_wconf 67' lang='lat'>31.</span> <span class='ocrx_word' id='word_1_655' title='bbox 1664 3420 1703 3424; x_wconf 94' lang='lat'>——-</span> <span class='ocrx_word' id='word_1_656' title='bbox 1724 3403 1748 3423; x_wconf 80' lang='lat'>¹1</span> <span class='ocrx_word' id='word_1_657' title='bbox 1776 3403 1884 3440; x_wconf 50' lang='lat' dir='ltr'>Pron,</span> <span class='ocrx_word' id='word_1_658' title='bbox 1914 3409 1945 3438; x_wconf 86' lang='grc' dir='ltr'>ῐ,</span> <span class='ocrx_word' id='word_1_659' title='bbox 1980 3405 2039 3440; x_wconf 70' lang='lat'>20,</span> <span class='ocrx_word' id='word_1_660' title='bbox 2067 3404 2118 3432; x_wconf 73' lang='lat'>21.</span> <span class='ocrx_word' id='word_1_661' title='bbox 2144 3419 2183 3424; x_wconf 98' lang='lat'>—</span> <span class='ocrx_word' id='word_1_662' title='bbox 2207 3403 2227 3419; x_wconf 65' lang='lat'>¹2</span> <span class='ocrx_word' id='word_1_663' title='bbox 2256 3402 2390 3442; x_wconf 61' lang='lat' dir='ltr'>Manli„</span> 
     </span>
     <span class='ocr_line' id='line_1_94' title="bbox 1364 3448 2390 3487; baseline -0.003 -6"><span class='ocrx_word' id='word_1_664' title='bbox 1364 3459 1423 3482; x_wconf 78' lang='lat' dir='ltr'>x111</span> <span class='ocrx_word' id='word_1_665' title='bbox 1438 3474 1445 3487; x_wconf 82' lang='lat'><strong>‚</strong></span> <span class='ocrx_word' id='word_1_666' title='bbox 1469 3454 1498 3481; x_wconf 78' lang='grc'>3.</span> <span class='ocrx_word' id='word_1_667' title='bbox 1519 3467 1559 3472; x_wconf 91' lang='grc'>-</span> <span class='ocrx_word' id='word_1_668' title='bbox 1582 3450 1608 3471; x_wconf 72' lang='lat'>¹³</span> <span class='ocrx_word' id='word_1_669' title='bbox 1630 3450 1736 3481; x_wconf 78' lang='lat' dir='ltr'>Closs.</span> <span class='ocrx_word' id='word_1_670' title='bbox 1762 3448 1912 3480; x_wconf 80' lang='lat' dir='ltr'>interlin.</span> <span class='ocrx_word' id='word_1_671' title='bbox 1934 3448 1966 3478; x_wconf 82' lang='lat' dir='ltr'>iu</span> <span class='ocrx_word' id='word_1_672' title='bbox 1988 3448 2077 3480; x_wconf 84' lang='lat' dir='ltr'>hunc</span> <span class='ocrx_word' id='word_1_673' title='bbox 2093 3448 2201 3480; x_wconf 85' lang='lat' dir='ltr'>loc.—-</span> <span class='ocrx_word' id='word_1_674' title='bbox 2225 3448 2248 3470; x_wconf 80' lang='lat'>¹¹·</span> <span class='ocrx_word' id='word_1_675' title='bbox 2268 3449 2276 3479; x_wconf 93' lang='lat' dir='ltr'>l</span> <span class='ocrx_word' id='word_1_676' title='bbox 2300 3448 2390 3487; x_wconf 66' lang='lat' dir='ltr'>Cor„</span> 
     </span>
     <span class='ocr_line' id='line_1_95' title="bbox 1364 3499 1583 3537; baseline -0.009 -8"><span class='ocrx_word' id='word_1_677' title='bbox 1364 3507 1387 3537; x_wconf 89' lang='lat'>1,</span> <span class='ocrx_word' id='word_1_678' title='bbox 1416 3499 1521 3528; x_wconf 77' lang='lat'><strong>26-29.</strong></span> <span class='ocrx_word' id='word_1_679' title='bbox 1580 3518 1583 3523; x_wconf 41' lang='lat' dir='ltr'><em>s</em></span> 
     </span>
    </p>
   </div>
  </div>
 </body>
</html>
