2634 3853
1005 183 1279 226 EXPOSlTIO
1309 182 1362 223 IN
1392 181 1505 222 CAP.
1537 179 1587 221 X.

233 279 296 319 ria
313 276 476 318 Martha
494 275 780 327 conqueritur.
801 289 820 312 »
844 274 893 315 Et
912 273 1019 314 ratio
1034 273 1109 324 huj
1119 284 1167 312 us
1181 275 1255 321 est,

233 348 334 400 quia
352 345 677 397 contemplativa
696 357 771 397 per
795 357 838 384 se
865 347 926 385 est
954 342 1150 394 eligenda
1170 341 1259 381 sine

233 416 520 469 querimonia;
555 414 720 455 Martha
754 427 878 463 vero,
916 414 957 452 id
1000 415 1060 452 est
1096 411 1258 458 activa,

233 489 403 538 propter
459 486 750 526 necessitatem
805 483 1084 536 suscipienda.
1144 482 1260 522 Unde

232 557 358 597 Jacob
379 558 390 579 ¹
419 556 547 609 elegit
577 556 730 597 Rachel
740 571 750 606 ;
782 555 853 595 sed
881 553 1117 595 secundum
1149 552 1261 604 quod

232 639 400 668 11666556
418 628 512 678 fuit,
534 628 652 680 prius
672 626 851 678 suscepit
871 625 1006 665 Liam.
1024 623 1136 663 Licet
1155 634 1261 674 ergo

232 698 435 751 conqueri
456 698 685 748 Martham,
709 699 757 738 ut
780 696 832 736 sit
853 696 960 736 sicut
985 694 1140 743 Maria,
1162 693 1263 745 quia

232 768 483 809 humilitatis
502 771 578 808 est.
601 767 646 808 Si
661 769 805 808 autem
823 764 1097 817 conqueritur
1114 763 1163 803 de
1183 762 1262 802 hoc

233 839 348 890 quod
366 850 453 879 non
472 839 712 891 adJuvatur,
735 838 814 878 1166
834 839 895 876 651
923 834 1194 875 infirmitatis.
1221 832 1263 872 Si

232 920 336 949 vero
363 908 637 961 conqueritur
661 907 712 948 de
739 908 819 947 hoc
847 905 960 958 quod
988 904 1103 944 illam
1132 902 1263 943 Maria

228 979 383 1030 juvare
403 979 517 1029 velit,
534 981 574 1020 et
592 979 685 1031 ipsa
703 977 823 1028 nolit,
839 978 918 1017 hoc
935 979 997 1016 est
1016 974 1260 1027 impietatis,

233 1049 334 1102 quia
358 1049 450 1090 talis
474 1049 720 1102 conquestio
747 1049 890 1101 legem
922 1047 1096 1100 impedit
1125 1046 1263 1086 chari-

234 1120 348 1160 tatis.

286 1193 353 1232 41.
369 1191 430 1233 Et·
440 1190 710 1243 respondens,
727 1190 847 1233 dz'oez't
857 1190 926 1232 illz'
945 1190 1165 1238 Dominus,
1179 1190 1260 1227 etc.

234 1261 332 1302 Post
365 1262 725 1319 compa-rationem
759 1260 1007 1301 rationalem
1039 1258 1264 1311 subjungit

234 1331 508 1383 Evangelista
535 1332 832 1372 diffinitionem
862 1329 1122 1383 judicialem.
1148 1328 1264 1369 Circa

234 1413 364 1455 quam
381 1401 714 1442 introducuntur
731 1404 928 1454 quatuor,
951 1400 1106 1440 scilicet
1121 1399 1265 1439 humi-

232 1471 350 1513 liatio
370 1471 471 1514 vitae
489 1471 652 1522 activae,
675 1470 984 1512 commendatio
1005 1470 1265 1522 contempla-

234 1543 356 1594 tivae‚
380 1542 668 1596 promulgatio
695 1542 933 1593 sententiae,
972 1544 1013 1582 et
1032 1541 1265 1593 assignatio

234 1624 388 1655 causae.

288 1683 434 1725 Primo
463 1695 596 1736 ergo,
619 1685 829 1736 quantum
849 1683 902 1723 ad
923 1682 1264 1722 humiliationem

184 1791 187 1793 i
233 1755 333 1797 vitae
353 1754 524 1804 activae,
546 1753 645 1794 dicit
668 1768 677 1795 :
702 1753 890 1804 Martha,
921 1753 1114 1802 Martha,
1146 1752 1263 1794 solli-

93 2541 161 2567 Tria
171 2549 217 2567 ae·

83 2582 210 2609 tivorum

89 2624 197 2650 incom-

93 2665 190 2691 moda.

101 2902 214 2929 Sollici-

75 2945 157 2971 tudo.

233 1826 322 1868 cita
340 1835 398 1876 es,
419 1830 457 1869 ec
485 1824 672 1868 turbaris
704 1836 805 1878 6196
831 1825 1037 1877 plurima.
1065 1822 1161 1864 Ideo
1187 1835 1262 1864 no-

234 1907 333 1936 men
354 1895 530 1937 Marthae
551 1896 812 1948 ingeminat,
846 1898 895 1936 ut
921 1906 1015 1935 eam
1043 1894 1195 1934 excitet
1212 1893 1265 1933 ad

234 1967 586 2009 considerandum
607 1968 814 2008 defectum
845 1967 1069 2020 proprium
1085 1998 1095 2017 ,
1126 1968 1166 2006 et
1184 1965 1266 2005 1166

234 2051 333 2080 cum
351 2039 485 2081 divini
505 2039 624 2081 verbi
645 2038 901 2080 attentione:
925 2038 1033 2078 sicut
1051 2037 1102 2078 de
1121 2036 1264 2089 Moyse

233 2108 386 2150 dicitur
400 2109 430 2159 ²,
444 2109 556 2162 quod
568 2121 743 2150 cernens
762 2108 966 2149 Dominus
983 2107 1096 2160 quod
1109 2119 1262 2160 perge-

233 2180 297 2219 ret
323 2178 377 2219 ad
406 2178 661 2231 videndum,
696 2179 865 2222 vocavit
901 2191 1002 2220 eum
1037 2179 1088 2219 de
1126 2177 1264 2218 medio

231 2248 352 2300 rubi,
373 2251 415 2290 et
441 2248 500 2290 ait
523 2261 534 2290 z
562 2263 582 2288 «
601 2249 787 2303 Moyses,
810 2248 985 2302 Moyses.
1007 2263 1028 2287 1)
1052 2248 1103 2289 Ε1
1122 2248 1261 2289 Domi-

233 2330 316 2360 nus
334 2321 482 2362 volens
513 2320 696 2361 excitare
724 2323 963 2373 peccatores
994 2320 1046 2360 ad
1067 2319 1262 2360 attentio-

233 2402 355 2442 nem,
376 2391 500 2432 iterat
527 2392 793 2433 vocationem
816 2393 829 2414 ³
860 2406 869 2432 :
900 2407 919 2431 (1
945 2391 1092 2441 Terra,
1123 2392 1260 2441 terra,

234 2463 359 2512 terra,
381 2461 481 2502 audi
504 2474 745 2504 sermonem
766 2463 946 2504 Domini.
965 2477 984 2500 n
1003 2461 1054 2503 Et
1073 2462 1131 2502 sic
1149 2473 1264 2502 nunc

234 2533 388 2574 excitat
413 2532 644 2585 Martham,
678 2535 902 2576 ostendens
922 2535 966 2575 in
997 2546 1047 2574 ea
1073 2545 1164 2574 esse
1183 2532 1264 2573 tri-

233 2602 386 2655 plicem
422 2603 657 2656 defectum,
696 2605 851 2647 scilicet
893 2604 1183 2646 sollicitudinis
1219 2603 1264 2643 in

234 2673 445 2725 cogitatu,
467 2675 751 2717 tribulationis
770 2676 814 2716 in
834 2675 1009 2726 affectu,
1032 2677 1072 2716 et
1091 2672 1264 2714 divisio-

233 2742 301 2783 nis
326 2743 372 2784 in
400 2748 511 2786 actu.
540 2745 593 2787 Et
621 2746 701 2787 ista
728 2747 873 2788 omnia
901 2746 1138 2799 impediunt
1158 2756 1261 2794 nos,

232 2825 287 2853 ne
305 2814 487 2856 totaliter
504 2817 728 2858 tendamus
747 2818 792 2858 in
817 2816 966 2858 Deum.
994 2815 1113 2858 Unde
1131 2815 1265 2855 nimia

234 2883 470 2928 sollicitudo
503 2890 567 2928 est
598 2888 793 2938 vitanda,
829 2887 1063 2928 secundum
1098 2885 1260 2926 illud⁴z

240 2968 260 2992 «
278 2953 393 2996 Nihil
411 2958 577 2999 solliciti
597 2959 706 3010 sitis3
732 2960 804 3000 sed
822 2959 866 3000 in
886 2958 1004 3000 omni
1018 2957 1222 3007 oratione,
1238 2970 1258 2994 ))

236 3027 339 3076 θ16.,
373 3041 394 3064 «
427 3029 647 3080 petitiones
678 3033 830 3072 vestrae
861 3030 1125 3070 innotescant
1153 3027 1264 3079 apud

237 3093 384 3136 Deum.
408 3111 428 3134 »
449 3097 501 3139 Et
519 3099 670 3141 Petrus
687 3101 700 3123 ⁵
722 3115 732 3141 ;
760 3116 779 3140 (1
807 3100 986 3142 Omnem
1016 3097 1261 3140 sollicitudi-

236 3176 336 3205 nem
354 3170 539 3210 vestram
558 3171 824 3224 projicientes
844 3171 888 3211 in
907 3182 1008 3211 eum
1032 3181 1043 3210 :
1065 3169 1264 3222 quoniam

236 3233 318 3287 ipsi
348 3249 451 3279 cura
468 3242 530 3281 est
552 3241 603 3282 de
630 3243 766 3285 vobis,
788 3257 808 3281 1)
841 3241 1019 3284 Vitanda
1045 3243 1108 3281 est
1137 3239 1264 3280 etiam

283 3324 292 3344 ¹
326 3325 419 3367 Gen„
449 3335 552 3368 xmx,
586 3331 623 3360 18
656 3333 690 3361 et
719 3340 791 3371 seq.
819 3348 860 3353 —
888 3330 899 3348 ²
928 3329 1048 3367 Eaeocl.,
1082 3335 1140 3367 111,
1171 3329 1201 3357 ³⁵·
1225 3343 1266 3349 ’-

237 3370 251 3391 3
270 3370 403 3412 Jerem„
423 3381 512 3414 xxii,
532 3377 582 3407 21.
605 3394 640 3399 —
662 3378 675 3398 ¹*
693 3377 835 3418 Philip„
858 3384 904 3417 lv,
928 3378 958 3407 (5.
981 3393 1022 3399 —
1044 3376 1054 3393 ⁵
1080 3375 1088 3405 Ι
1109 3375 1212 3413 Petu,
1233 3381 1266 3413 V,

239 3418 271 3447 7.
291 3434 331 3441 -
350 3419 362 3438 ⁶
377 3420 484 3459 Joan„
502 3429 572 3462 xiv,
595 3426 680 3454 1.-
694 3425 704 3442 ⁷
724 3426 804 3465 lsa.J
830 3431 915 3462 xm,
937 3425 967 3455 4.
987 3440 1028 3446 —-
1047 3423 1058 3440 ὃ
1076 3421 1196 3460 Ecca„
1215 3427 1267 3459 xi,

243 3465 296 3495 10.
315 3482 356 3489 -
381 3467 393 3485 ⁹
419 3468 430 3498 1
460 3469 550 3508 Corn,
577 3477 643 3510 111,
669 3473 721 3512 33,
742 3473 793 3504 34.
815 3488 854 3495 —
880 3472 906 3493 1⁰
923 3470 1060 3511 Mattlz„
1084 3477 1132 3508 vi,
1153 3471 1204 3501 33.
1224 3483 1266 3494 -

2281 182 2354 220 511

1334 270 1516 312 turbatio
1539 273 1552 294 ⁶
1581 281 1591 309 z
1627 282 1646 306 «
1673 266 1765 308 Non
1795 266 1991 306 turbetur
2021 277 2093 306 cor
2125 268 2315 308 vestrum
2347 270 2357 306 Ξ

1331 341 1497 381 creditis
1517 340 1562 380 in
1581 338 1737 388 Deum,
1761 339 1802 376 et
1832 336 1878 375 in
1911 347 1978 375 me
1998 335 2167 376 credite.
2193 350 2212 374 1>
2244 335 2360 377 Unde

1332 415 1372 451 et
1397 412 1447 451 de
1477 409 1639 450 Christo
1675 408 1820 450 Isaias
1845 410 1859 433 ‘¹
1891 421 1900 446 ε
1934 421 1952 445 c(
1971 405 2065 447 Non
2095 406 2175 446 erit
2206 407 2358 455 tristis,

1331 493 1468 533 neque
1495 480 1778 520 turbulentus.
1799 493 1818 516 1)
1855 477 2010 519 Oculus
2034 476 2150 517 enim
2170 476 2362 516 turbatus

1332 563 1419 591 non
1445 553 1506 591 est
1533 550 1586 590 ad
1611 549 1841 590 videndum
1872 548 2065 588 idoneus.
2095 545 2274 588 Vitanda
2304 549 2365 586 est

1333 621 1459 661 etiam
1489 620 1658 670 divisio;
1690 619 1802 660 unde
1830 618 2011 659 dicitur⁸
2035 632 2044 658 :
2073 616 2213 668 «Fili,
2246 628 2300 657 ne
2320 616 2364 656 in

1334 691 1480 732 multis
1497 691 1579 731 sint
1599 694 1718 730 actus
1745 691 1822 731 tui.
1846 705 1864 728 ))
1899 690 1950 730 Ε1
1976 689 2069 730 baec
2100 688 2365 730 incommoda

1334 761 1460 802 habet
1485 761 1572 803 vita
1591 761 1728 801 activa
1743 792 1754 812 ,
1781 773 1867 801 non
1886 760 2226 813 contemplativa.
2248 757 2365 799 Unde

1335 833 1492 874 Paulus
1511 834 1524 854 ⁹
1551 847 1560 872 :
1599 848 1617 871 «
1642 832 1723 881 Qui
1746 844 1845 873 cum
1877 844 2011 873 uxore
2046 837 2130 881 est,
2166 830 2366 871 sollicitus

1334 907 1397 944 est
1411 917 1507 957 quae
1518 907 1618 946 sunt
1632 904 1798 954 mundi,
1813 915 1898 956 quo
1914 903 2038 944 modo
2052 903 2210 955 placeat
2223 900 2364 947 uxori,

1335 978 1375 1015 et
1404 975 1564 1015 divisus
1596 978 1672 1015 est.
1697 974 1748 1014 Et
1780 973 1934 1014 mulier
1965 973 2146 1024 innupta
2173 974 2214 1012 et
2240 971 2367 1022 virgo

1335 1046 1494 1097 cogitat
1514 1058 1611 1099 quae
1634 1045 1800 1085 Domini
1819 1047 1918 1085 sunt
1943 1059 1951 1084 :
1975 1046 2024 1084 ut
2043 1043 2097 1083 sit
2118 1045 2262 1082 sancta
2281 1053 2367 1081 cor-

1334 1127 1436 1168 pore
1455 1119 1495 1155 et
1511 1115 1676 1168 spiritu.
1704 1115 1806 1164 Quae
1827 1118 1969 1155 autem
1987 1115 2120 1166 nupta
2150 1115 2233 1162 est,
2258 1111 2369 1162 cogi-

1334 1189 1395 1225 tat
1427 1198 1523 1238 quae
1550 1189 1650 1226 sunt
1682 1186 1844 1227 mundi.
1875 1200 1894 1224 1)
1921 1185 1989 1226 Sic
2016 1196 2119 1236 ergo
2146 1182 2368 1224 humiliata

1336 1258 1398 1295 est
1432 1256 1605 1296 actionis
1636 1256 1935 1308 importunitas
1974 1267 2049 1308 per
2086 1253 2368 1295 ostensionem

1336 1326 1403 1367 5111
1422 1326 1701 1377 incommodi,
1724 1327 1812 1367 sive
1831 1326 2031 1367 defectus,

1391 1396 1584 1437 Secundo
1615 1408 1740 1445 vero,
1773 1398 1984 1449 quantum
2016 1395 2067 1435 ad
2095 1393 2370 1435 commenda-

1337 1467 1495 1507 tionem
1513 1467 1613 1507 vitae
1634 1466 1987 1519 contemplativae,
2011 1465 2151 1505 subdit
2173 1465 2239 1516 (v.
2259 1463 2334 1515 42)
2357 1477 2367 1503 :

1338 1538 1465 1580 Porro
1483 1549 1618 1579 unum
1632 1542 1693 1580 esc
1711 1538 2014 1579 necessarium.
2031 1535 2119 1576 Hoc
2138 1534 2293 1575 scilicet
2312 1538 2374 1574 est

1337 1622 1522 1662 regnum
1543 1610 1628 1660 Dei,
1649 1622 1733 1662 quo
1750 1610 1894 1650 habito
1914 1608 2023 1648 nihil
2043 1608 2171 1649 deest.
2193 1606 2311 1648 Unde
2328 1607 2373 1646 in

1337 1680 1536 1722 Mattltoeo
1551 1681 1601 1733 (a)
1614 1681 1641 1702 ¹⁰
1655 1695 1664 1721 ε
1675 1695 1694 1718 (1
1704 1679 1885 1729 Quaerite
1894 1679 2078 1732 primun]
2091 1690 2133 1717 16
2139 1689 2275 1729 gnum
2285 1676 2370 1726 Dei,

1339 1755 1380 1791 et
1396 1751 1606 1803 justitiam
1627 1752 1718 1802 ejus
1739 1762 1749 1790 :
1784 1752 1825 1790 et
1849 1750 1941 1790 liaec
1960 1748 2105 1789 omnia
2124 1747 2374 1800 adjicientur

1339 1822 1475 1863 vobis.
1498 1822 1549 1862 Et
1577 1822 1623 1861 in
1640 1820 1807 1862 Psalmo
1831 1820 1857 1845 ¹¹
1884 1833 1892 1859 z
1920 1818 2094 1859 «Unam
2121 1818 2223 1870 petii
2242 1830 2267 1858 a
2292 1817 2373 1858 Do-

1340 1892 1473 1941 mino,
1496 1892 1607 1932 hanc
1619 1891 1849 1944 requiram,
1867 1893 1914 1930 ut
1929 1889 2165 1929 inhabitem
2184 1889 2228 1929 in
2248 1888 2374 1929 domo

1338 1962 1504 2003 Domini
1534 1962 1732 2002 omnibus
1764 1960 1913 2001 diebus
1945 1959 2047 1999 vitae
2079 1970 2201 2000 meae.
2234 1973 2253 1996 ›>
2293 1957 2374 1998 ista

1337 2036 1504 2074 tantum
1537 2035 1599 2073 est
1629 2032 1718 2073 vita
1746 2032 1891 2082 beata,
1924 2042 2022 2083 quae
2047 2038 2109 2070 est
2132 2029 2178 2069 in
2206 2029 2277 2070 Dei
2295 2029 2374 2069 ad-

1338 2104 1563 2155 haerentia,
1586 2103 1655 2144 cui
1675 2106 1796 2145 vacat
1811 2102 2151 2154 contemplativa.
2185 2100 2232 2141 In
2252 2102 2375 2153 cujus

1338 2186 1519 2227 persona
1539 2174 1691 2215 dicitur
1714 2174 1743 2195 ¹²
1767 2187 1775 2214 :
1817 2187 1836 2211 «
1855 2172 1955 2212 Mihi
1986 2174 2131 2212 autem
2158 2171 2375 2211 adhaerere

1338 2244 1421 2286 Deo
1450 2245 1611 2285 bonum
1639 2247 1716 2284 est.
1740 2258 1760 2282 ›>
1802 2243 1854 2284 Et
1890 2243 1970 2283 1166
2000 2245 2061 2283 651
2098 2241 2203 2282 illud
2232 2253 2371 2282 unum

1338 2315 1451 2366 quod
1481 2317 1544 2354 est
1575 2313 1886 2354 necessarium:
1919 2312 2019 2364 quia
2045 2311 2158 2363 «qui
2187 2311 2375 2351 adhaeret

1338 2384 1540 2435 Domino,
1562 2396 1676 2425 unus
1696 2383 1868 2436 spiritus
1886 2386 1962 2434 est,
1982 2397 2002 2421 ›>
2026 2382 2135 2423 sicut
2154 2382 2307 2422 dicitur
2326 2382 2371 2421 1³.

1337 2454 1424 2496 Hoc
1444 2468 1583 2496 unum
1612 2454 1686 2507 qui
1703 2454 1854 2504 habet,
1883 2453 2010 2493 babet
2030 2465 2156 2493 omne
2174 2452 2337 2492 bonum
2360 2466 2368 2492 :

1337 2526 1449 2567 unde
1480 2526 1525 2566 111
1561 2526 1703 2577 figura
1733 2524 1865 2576 huJus
1895 2523 2047 2564 dicitur
2074 2522 2102 2543 ¹¹
2144 2536 2155 2564 2
2183 2522 2373 2563 «Omnia

1337 2596 1466 2637 simul
1482 2597 1528 2637 in
1547 2600 1588 2637 te
1607 2608 1694 2636 uno
1722 2595 1946 2643 habentes,
1969 2597 2010 2633 te
2035 2605 2122 2634 non
2147 2593 2372 2633 debuimus

1337 2667 1546 2709 dimittere
1576 2667 1638 2707 ire
1669 2679 1696 2707 a
1721 2665 1858 2707 nobis.
1879 2679 1899 2702 1)
1931 2663 1982 2705 Ε1
2010 2664 2190 2716 Sapiens
2223 2663 2281 2704 ait
2308 2663 2335 2684 ¹⁵
2358 2677 2367 2702 :

1343 2754 1363 2778 (1
1389 2738 1607 2781 Venerunt
1635 2737 1742 2778 mihi
1770 2736 1914 2777 omnia
1942 2736 2054 2776 bona
2085 2735 2241 2788 pariter
2273 2745 2372 2775 cum

1337 2809 1422 2861 illa,
1446 2823 1466 2847 1)
1499 2812 1578 2850 616.
1607 2808 1658 2849 Ε1
1687 2808 1781 2849 ideo
1803 2806 1911 2847 dixit
1938 2806 2141 2846 Dominus
2166 2804 2299 2858 Moysi
2326 2805 2372 2844 in

1338 2892 1516 2934 persona
1537 2880 1621 2921 viri
1640 2877 1954 2931 contemplativi
1979 2878 2007 2903 ¹⁶
2033 2891 2053 2916 a
2075 2891 2084 2918 ι
2105 2875 2198 2929 Ego
2226 2879 2370 2917 osten—

1338 2952 1436 2992 dam
1457 2962 1582 2992 omne
1601 2950 1762 2991 bonum
1781 2948 1873 2989 tibi.
1893 2962 1913 2986 n
2199 2948 2206 2953 ’

1391 3021 1534 3062 Tertio
1545 3033 1647 3063 vero
1657 3052 1670 3071 ‚
1686 3022 1895 3074 quantum
1911 3018 1966 3059 ad
1978 3017 2370 3071 promulgationem

1339 3092 1584 3143 sententiae,
1615 3092 1810 3132 subditur
1832 3104 1842 3131 ε
1866 3090 2010 3132 Maria
2034 3090 2239 3141 optimam
2260 3099 2371 3141 par-

1340 3167 1422 3206 tem
1452 3162 1606 3216 (ἠερίη
1636 3163 1736 3215 quia
1768 3161 1923 3201 scilicet
1957 3159 2174 3212 praeelegit
2201 3171 2365 3200 unum:

1339 3234 1605 3287 praeponitur
1624 3235 1770 3274 autem
1790 3243 1926 3272 unum
1946 3230 2108 3279 multis,
2137 3229 2244 3270 sicut
2271 3230 2369 3270 dicit

1340 3317 1364 3337 1¹
1386 3315 1472 3346 Psal.
1497 3323 1601 3355 xxvi,
1621 3318 1652 3347 4.
1673 3332 1713 3338 —
1738 3315 1761 3335 '2
1786 3314 1874 3346 Psal.
1897 3320 2047 3353 Lxxx‘m,
2067 3313 2119 3343 28.
2139 3328 2178 3334 —
2204 3310 2227 3331 ‘³
2246 3311 2257 3342 1
2279 3311 2368 3351 Corn,

1340 3371 1387 3403 vl,
1408 3364 1456 3394 17.
1476 3380 1512 3385 —
1536 3363 1561 3385 Η·
1576 3364 1663 3404 Τού.,
1682 3370 1716 3402 X,
1737 3364 1766 3393 5.
1789 3362 1876 3384 -15
1891 3362 1983 3401 Sap„
2004 3367 2063 3400 vn,
2086 3361 2134 3390 11.
2149 3375 2184 3380 -
2202 3358 2230 3380 ¹⁶
2244 3358 2367 3396 Exod„

1341 3417 1465 3449 xxxin,
1484 3411 1538 3440 10.

1384 3466 1428 3506 (a)
1452 3465 1535 3497 Coet.
1555 3464 1635 3496 edit.
1656 3464 1845 3497 Matthaeus.

2408 279 2518 306 Turba-

2379 321 2428 348 tio.

2402 632 2521 659 Divisio.
