<?xml version="1.0" encoding="UTF-8"?>
<!DOCTYPE html PUBLIC "-//W3C//DTD XHTML 1.0 Transitional//EN"
    "http://www.w3.org/TR/xhtml1/DTD/xhtml1-transitional.dtd">
<html xmlns="http://www.w3.org/1999/xhtml" xml:lang="en" lang="en">
 <head>
  <title>
</title>
<meta http-equiv="Content-Type" content="text/html;charset=utf-8" />
  <meta name='ocr-system' content='tesseract 3.04.00' />
  <meta name='ocr-capabilities' content='ocr_page ocr_carea ocr_par ocr_line ocrx_word'/>
</head>
<body>
  <div class='ocr_page' id='page_1' title='image "./operaomniasixtiv10bonauoft_0269.png"; bbox 0 0 2634 3853; ppageno 0'>
   <div class='ocr_carea' id='block_1_1' title="bbox 0 1911 23 3853">
    <p class='ocr_par' dir='ltr' id='par_1_1' title="bbox 0 1911 23 3853">
     <span class='ocr_line' id='line_1_1' title="bbox 0 1911 23 3853; baseline 0 0"><span class='ocrx_word' id='word_1_1' title='bbox 0 1911 23 3853; x_wconf 95' lang='lat' dir='ltr'> </span> 
     </span>
    </p>
   </div>
   <div class='ocr_carea' id='block_1_2' title="bbox 991 100 1556 144">
    <p class='ocr_par' dir='ltr' id='par_1_2' title="bbox 991 100 1556 144">
     <span class='ocr_line' id='line_1_2' title="bbox 991 100 1556 144; baseline -0.002 -2"><span class='ocrx_word' id='word_1_2' title='bbox 991 100 1264 144; x_wconf 84' lang='lat' dir='ltr'>EXPOSITIO</span> <span class='ocrx_word' id='word_1_3' title='bbox 1296 102 1347 144; x_wconf 89' lang='lat' dir='ltr'>IN</span> <span class='ocrx_word' id='word_1_4' title='bbox 1378 101 1492 143; x_wconf 86' lang='lat' dir='ltr'>CAP.</span> <span class='ocrx_word' id='word_1_5' title='bbox 1525 101 1556 142; x_wconf 94' lang='grc'>1.</span> 
     </span>
    </p>
   </div>
   <div class='ocr_carea' id='block_1_3' title="bbox 212 190 1243 3226">
    <p class='ocr_par' dir='ltr' id='par_1_3' title="bbox 212 190 1241 1866">
     <span class='ocr_line' id='line_1_3' title="bbox 214 190 1240 248; baseline -0.007 -10"><span class='ocrx_word' id='word_1_6' title='bbox 214 196 339 248; x_wconf 77' lang='lat' dir='ltr'>pueri</span> <span class='ocrx_word' id='word_1_7' title='bbox 351 193 435 236; x_wconf 76' lang='lat' dir='ltr'>sui.</span> <span class='ocrx_word' id='word_1_8' title='bbox 455 191 502 231; x_wconf 91' lang='lat' dir='ltr'>In</span> <span class='ocrx_word' id='word_1_9' title='bbox 519 202 604 243; x_wconf 89' lang='lat' dir='ltr'>quo</span> <span class='ocrx_word' id='word_1_10' title='bbox 617 190 872 243; x_wconf 79' lang='lat' dir='ltr'>intelligitur</span> <span class='ocrx_word' id='word_1_11' title='bbox 886 192 1070 244; x_wconf 90' lang='lat' dir='ltr'>potestas</span> <span class='ocrx_word' id='word_1_12' title='bbox 1088 190 1240 231; x_wconf 80' lang='lat' dir='ltr'>Christi</span> 
     </span>
     <span class='ocr_line' id='line_1_4' title="bbox 216 262 1240 315; baseline -0.006 -7"><span class='ocrx_word' id='word_1_13' title='bbox 216 262 478 315; x_wconf 86' lang='lat' dir='ltr'>resurgentis</span> <span class='ocrx_word' id='word_1_14' title='bbox 499 265 511 286; x_wconf 86' lang='lat'><strong>1</strong></span> <span class='ocrx_word' id='word_1_15' title='bbox 536 276 545 302; x_wconf 79' lang='grc' dir='ltr'>ι</span> <span class='ocrx_word' id='word_1_16' title='bbox 574 278 593 301; x_wconf 84' lang='grc'>((</span> <span class='ocrx_word' id='word_1_17' title='bbox 612 262 836 303; x_wconf 89' lang='lat' dir='ltr'>Dominum</span> <span class='ocrx_word' id='word_1_18' title='bbox 859 262 1145 303; x_wconf 84' lang='lat' dir='ltr'>formidabunt</span> <span class='ocrx_word' id='word_1_19' title='bbox 1165 263 1240 303; x_wconf 88' lang='lat' dir='ltr'>ad-</span> 
     </span>
     <span class='ocr_line' id='line_1_5' title="bbox 216 332 1236 386; baseline -0.003 -9"><span class='ocrx_word' id='word_1_20' title='bbox 216 334 390 377; x_wconf 86' lang='lat' dir='ltr'>versarii</span> <span class='ocrx_word' id='word_1_21' title='bbox 415 335 527 386; x_wconf 70' lang='lat' dir='ltr'>erS2</span> <span class='ocrx_word' id='word_1_22' title='bbox 555 345 681 386; x_wconf 88' lang='lat' dir='ltr'>super</span> <span class='ocrx_word' id='word_1_23' title='bbox 699 334 812 386; x_wconf 87' lang='lat' dir='ltr'>ipsos</span> <span class='ocrx_word' id='word_1_24' title='bbox 831 334 877 374; x_wconf 88' lang='lat' dir='ltr'>in</span> <span class='ocrx_word' id='word_1_25' title='bbox 898 332 1013 374; x_wconf 87' lang='lat' dir='ltr'>coelis</span> <span class='ocrx_word' id='word_1_26' title='bbox 1041 333 1204 374; x_wconf 85' lang='lat' dir='ltr'>tonabit</span> <span class='ocrx_word' id='word_1_27' title='bbox 1228 348 1236 374; x_wconf 90' lang='lat'>:</span> 
     </span>
     <span class='ocr_line' id='line_1_6' title="bbox 213 404 1239 457; baseline -0.004 -9"><span class='ocrx_word' id='word_1_28' title='bbox 213 404 418 448; x_wconf 87' lang='lat' dir='ltr'>Dominus</span> <span class='ocrx_word' id='word_1_29' title='bbox 443 404 650 457; x_wconf 76' lang='lat' dir='ltr'>Judicabit</span> <span class='ocrx_word' id='word_1_30' title='bbox 669 405 774 446; x_wconf 86' lang='lat' dir='ltr'>fines</span> <span class='ocrx_word' id='word_1_31' title='bbox 794 408 916 445; x_wconf 86' lang='lat' dir='ltr'>terrae</span> <span class='ocrx_word' id='word_1_32' title='bbox 930 437 940 455; x_wconf 89' lang='grc'>,</span> <span class='ocrx_word' id='word_1_33' title='bbox 965 407 1006 444; x_wconf 83' lang='grc'>01</span> <span class='ocrx_word' id='word_1_34' title='bbox 1024 404 1139 444; x_wconf 84' lang='lat' dir='ltr'>dabit</span> <span class='ocrx_word' id='word_1_35' title='bbox 1157 404 1239 444; x_wconf 90' lang='lat' dir='ltr'>im-</span> 
     </span>
     <span class='ocr_line' id='line_1_7' title="bbox 212 476 1239 531; baseline -0.002 -13"><span class='ocrx_word' id='word_1_36' title='bbox 212 477 379 531; x_wconf 86' lang='lat' dir='ltr'>perium</span> <span class='ocrx_word' id='word_1_37' title='bbox 391 477 487 529; x_wconf 90' lang='lat' dir='ltr'>regi</span> <span class='ocrx_word' id='word_1_38' title='bbox 501 489 592 528; x_wconf 89' lang='grc'>5110,</span> <span class='ocrx_word' id='word_1_39' title='bbox 615 479 655 517; x_wconf 82' lang='grc'>01</span> <span class='ocrx_word' id='word_1_40' title='bbox 669 477 914 518; x_wconf 77' lang='lat' dir='ltr'>sublimabit</span> <span class='ocrx_word' id='word_1_41' title='bbox 933 488 1068 517; x_wconf 89' lang='lat' dir='ltr'>cornu</span> <span class='ocrx_word' id='word_1_42' title='bbox 1085 476 1239 517; x_wconf 79' lang='lat' dir='ltr'>Christi</span> 
     </span>
     <span class='ocr_line' id='line_1_8' title="bbox 212 547 1237 589; baseline -0.001 0"><span class='ocrx_word' id='word_1_43' title='bbox 212 547 293 589; x_wconf 89' lang='lat' dir='ltr'>sui.</span> <span class='ocrx_word' id='word_1_44' title='bbox 316 561 335 586; x_wconf 82' lang='lat'>›&gt;</span> <span class='ocrx_word' id='word_1_45' title='bbox 360 547 411 588; x_wconf 86' lang='lat' dir='ltr'>Et</span> <span class='ocrx_word' id='word_1_46' title='bbox 429 547 510 588; x_wconf 89' lang='lat' dir='ltr'>hoc</span> <span class='ocrx_word' id='word_1_47' title='bbox 530 548 607 588; x_wconf 86' lang='lat' dir='ltr'>suit</span> <span class='ocrx_word' id='word_1_48' title='bbox 626 548 669 587; x_wconf 91' lang='lat' dir='ltr'>in</span> <span class='ocrx_word' id='word_1_49' title='bbox 698 547 1003 588; x_wconf 86' lang='lat' dir='ltr'>resurrectione</span> <span class='ocrx_word' id='word_1_50' title='bbox 1021 552 1035 573; x_wconf 73' lang='lat'><strong>²</strong></span> <span class='ocrx_word' id='word_1_51' title='bbox 1059 560 1068 587; x_wconf 89' lang='lat'>:</span> <span class='ocrx_word' id='word_1_52' title='bbox 1097 562 1114 585; x_wconf 91' lang='lat'>«</span> <span class='ocrx_word' id='word_1_53' title='bbox 1136 547 1237 588; x_wconf 89' lang='lat' dir='ltr'>Data</span> 
     </span>
     <span class='ocr_line' id='line_1_9' title="bbox 213 619 1233 673; baseline -0.004 -13"><span class='ocrx_word' id='word_1_54' title='bbox 213 622 276 661; x_wconf 91' lang='lat' dir='ltr'>est</span> <span class='ocrx_word' id='word_1_55' title='bbox 295 619 401 660; x_wconf 87' lang='lat' dir='ltr'>mihi</span> <span class='ocrx_word' id='word_1_56' title='bbox 419 619 556 660; x_wconf 90' lang='lat' dir='ltr'>omnis</span> <span class='ocrx_word' id='word_1_57' title='bbox 572 622 754 673; x_wconf 87' lang='lat' dir='ltr'>potestas</span> <span class='ocrx_word' id='word_1_58' title='bbox 770 620 815 659; x_wconf 92' lang='lat' dir='ltr'>in</span> <span class='ocrx_word' id='word_1_59' title='bbox 830 619 934 660; x_wconf 84' lang='lat' dir='ltr'>coelo</span> <span class='ocrx_word' id='word_1_60' title='bbox 955 621 996 659; x_wconf 90' lang='lat' dir='ltr'>et</span> <span class='ocrx_word' id='word_1_61' title='bbox 1014 619 1233 660; x_wconf 87' lang='lat' dir='ltr'>interra.»</span> 
     </span>
     <span class='ocr_line' id='line_1_10' title="bbox 213 690 1239 744; baseline -0.003 -11"><span class='ocrx_word' id='word_1_62' title='bbox 213 691 264 733; x_wconf 82' lang='lat' dir='ltr'>Et</span> <span class='ocrx_word' id='word_1_63' title='bbox 283 692 385 744; x_wconf 87' lang='lat' dir='ltr'>quia</span> <span class='ocrx_word' id='word_1_64' title='bbox 407 694 587 744; x_wconf 88' lang='lat' dir='ltr'>potestas</span> <span class='ocrx_word' id='word_1_65' title='bbox 607 691 677 732; x_wconf 92' lang='lat' dir='ltr'>illa</span> <span class='ocrx_word' id='word_1_66' title='bbox 697 694 785 732; x_wconf 86' lang='lat' dir='ltr'>erat</span> <span class='ocrx_word' id='word_1_67' title='bbox 816 691 1022 732; x_wconf 88' lang='lat' dir='ltr'>durabilis</span> <span class='ocrx_word' id='word_1_68' title='bbox 1037 723 1047 741; x_wconf 89' lang='lat'>,</span> <span class='ocrx_word' id='word_1_69' title='bbox 1079 694 1119 731; x_wconf 90' lang='lat' dir='ltr'>et</span> <span class='ocrx_word' id='word_1_70' title='bbox 1146 690 1239 731; x_wconf 87' lang='lat' dir='ltr'>ideo</span> 
     </span>
     <span class='ocr_line' id='line_1_11' title="bbox 212 761 1238 817; baseline -0.005 -12"><span class='ocrx_word' id='word_1_71' title='bbox 212 775 287 817; x_wconf 89' lang='lat' dir='ltr'>per</span> <span class='ocrx_word' id='word_1_72' title='bbox 308 775 439 804; x_wconf 88' lang='lat' dir='ltr'>cornu</span> <span class='ocrx_word' id='word_1_73' title='bbox 457 763 738 816; x_wconf 86' lang='lat' dir='ltr'>significatur,</span> <span class='ocrx_word' id='word_1_74' title='bbox 759 764 800 802; x_wconf 90' lang='lat' dir='ltr'>et</span> <span class='ocrx_word' id='word_1_75' title='bbox 818 763 862 802; x_wconf 89' lang='lat' dir='ltr'>in</span> <span class='ocrx_word' id='word_1_76' title='bbox 882 762 1014 815; x_wconf 90' lang='lat' dir='ltr'>hujus</span> <span class='ocrx_word' id='word_1_77' title='bbox 1042 761 1102 801; x_wconf 87' lang='lat' dir='ltr'>rei</span> <span class='ocrx_word' id='word_1_78' title='bbox 1122 761 1238 813; x_wconf 85' lang='lat' dir='ltr'>figu-</span> 
     </span>
     <span class='ocr_line' id='line_1_12' title="bbox 212 832 1240 887; baseline -0.004 -12"><span class='ocrx_word' id='word_1_79' title='bbox 212 846 304 875; x_wconf 89' lang='lat' dir='ltr'>ram</span> <span class='ocrx_word' id='word_1_80' title='bbox 325 846 421 885; x_wconf 87' lang='lat' dir='ltr'>vas,</span> <span class='ocrx_word' id='word_1_81' title='bbox 441 846 526 887; x_wconf 88' lang='lat' dir='ltr'>quo</span> <span class='ocrx_word' id='word_1_82' title='bbox 547 834 745 874; x_wconf 85' lang='lat' dir='ltr'>inunctus</span> <span class='ocrx_word' id='word_1_83' title='bbox 765 832 842 873; x_wconf 85' lang='lat' dir='ltr'>suit</span> <span class='ocrx_word' id='word_1_84' title='bbox 863 832 1059 873; x_wconf 77' lang='lat' dir='ltr'>Salomon</span> <span class='ocrx_word' id='word_1_85' title='bbox 1073 864 1084 882; x_wconf 94' lang='lat'>,</span> <span class='ocrx_word' id='word_1_86' title='bbox 1106 843 1240 872; x_wconf 87' lang='lat' dir='ltr'>cornu</span> 
     </span>
     <span class='ocr_line' id='line_1_13' title="bbox 212 902 1237 957; baseline -0.003 -11"><span class='ocrx_word' id='word_1_87' title='bbox 212 905 305 947; x_wconf 86' lang='lat' dir='ltr'>fuit.</span> <span class='ocrx_word' id='word_1_88' title='bbox 339 904 422 946; x_wconf 89' lang='lat' dir='ltr'>Vas</span> <span class='ocrx_word' id='word_1_89' title='bbox 452 907 616 954; x_wconf 86' lang='lat' dir='ltr'>autem,</span> <span class='ocrx_word' id='word_1_90' title='bbox 655 916 740 957; x_wconf 88' lang='lat' dir='ltr'>quo</span> <span class='ocrx_word' id='word_1_91' title='bbox 774 904 974 944; x_wconf 88' lang='lat' dir='ltr'>inunctus</span> <span class='ocrx_word' id='word_1_92' title='bbox 1002 903 1082 944; x_wconf 85' lang='lat' dir='ltr'>fuit</span> <span class='ocrx_word' id='word_1_93' title='bbox 1114 902 1237 954; x_wconf 82' lang='lat' dir='ltr'>Saul,</span> 
     </span>
     <span class='ocr_line' id='line_1_14' title="bbox 213 974 1241 1026; baseline -0.003 -8"><span class='ocrx_word' id='word_1_94' title='bbox 213 977 291 1018; x_wconf 87' lang='lat' dir='ltr'>fuit</span> <span class='ocrx_word' id='word_1_95' title='bbox 309 975 533 1026; x_wconf 80' lang='lat' dir='ltr'>lenticula,</span> <span class='ocrx_word' id='word_1_96' title='bbox 553 976 634 1016; x_wconf 89' lang='lat' dir='ltr'>hoc</span> <span class='ocrx_word' id='word_1_97' title='bbox 663 978 749 1025; x_wconf 89' lang='lat' dir='ltr'>est,</span> <span class='ocrx_word' id='word_1_98' title='bbox 783 986 860 1016; x_wconf 86' lang='lat' dir='ltr'>vas</span> <span class='ocrx_word' id='word_1_99' title='bbox 880 974 1026 1026; x_wconf 90' lang='lat' dir='ltr'>figuli,</span> <span class='ocrx_word' id='word_1_100' title='bbox 1055 975 1180 1026; x_wconf 88' lang='lat' dir='ltr'>proin</span> <span class='ocrx_word' id='word_1_101' title='bbox 1200 977 1241 1015; x_wconf 87' lang='lat' dir='ltr'>et</span> 
     </span>
     <span class='ocr_line' id='line_1_15' title="bbox 213 1045 1240 1099; baseline -0.002 -12"><span class='ocrx_word' id='word_1_102' title='bbox 213 1047 379 1099; x_wconf 78' lang='lat' dir='ltr'>fragile.</span> <span class='ocrx_word' id='word_1_103' title='bbox 408 1046 458 1088; x_wconf 88' lang='lat' dir='ltr'>Et</span> <span class='ocrx_word' id='word_1_104' title='bbox 487 1046 639 1087; x_wconf 87' lang='lat' dir='ltr'>dicitur</span> <span class='ocrx_word' id='word_1_105' title='bbox 667 1055 797 1087; x_wconf 75' lang='lat' dir='ltr'>cornu</span> <span class='ocrx_word' id='word_1_106' title='bbox 826 1045 1002 1096; x_wconf 72' lang='lat' dir='ltr'>salutis,</span> <span class='ocrx_word' id='word_1_107' title='bbox 1039 1045 1137 1098; x_wconf 84' lang='lat' dir='ltr'>quia</span> <span class='ocrx_word' id='word_1_108' title='bbox 1166 1058 1240 1098; x_wconf 88' lang='lat' dir='ltr'>per</span> 
     </span>
     <span class='ocr_line' id='line_1_16' title="bbox 213 1115 1240 1159; baseline -0.002 -1"><span class='ocrx_word' id='word_1_109' title='bbox 213 1117 318 1159; x_wconf 88' lang='lat' dir='ltr'>illud</span> <span class='ocrx_word' id='word_1_110' title='bbox 338 1120 352 1142; x_wconf 79' lang='lat'>⁸</span> <span class='ocrx_word' id='word_1_111' title='bbox 374 1133 393 1156; x_wconf 79' lang='lat'>&lt;‹</span> <span class='ocrx_word' id='word_1_112' title='bbox 417 1116 542 1157; x_wconf 89' lang='lat' dir='ltr'>lsrael</span> <span class='ocrx_word' id='word_1_113' title='bbox 561 1116 748 1159; x_wconf 86' lang='lat' dir='ltr'>salvatus</span> <span class='ocrx_word' id='word_1_114' title='bbox 769 1118 830 1156; x_wconf 88' lang='lat' dir='ltr'>est</span> <span class='ocrx_word' id='word_1_115' title='bbox 850 1116 893 1156; x_wconf 89' lang='lat' dir='ltr'>in</span> <span class='ocrx_word' id='word_1_116' title='bbox 911 1115 1087 1156; x_wconf 90' lang='lat' dir='ltr'>Domino</span> <span class='ocrx_word' id='word_1_117' title='bbox 1107 1116 1240 1156; x_wconf 87' lang='lat' dir='ltr'>salute</span> 
     </span>
     <span class='ocr_line' id='line_1_17' title="bbox 215 1186 1241 1239; baseline -0.001 -9"><span class='ocrx_word' id='word_1_118' title='bbox 215 1191 387 1230; x_wconf 82' lang='lat' dir='ltr'>aeterna.</span> <span class='ocrx_word' id='word_1_119' title='bbox 410 1203 429 1225; x_wconf 89' lang='grc'>))</span> <span class='ocrx_word' id='word_1_120' title='bbox 457 1187 508 1228; x_wconf 88' lang='lat' dir='ltr'>Et</span> <span class='ocrx_word' id='word_1_121' title='bbox 538 1187 652 1228; x_wconf 88' lang='lat' dir='ltr'>addit</span> <span class='ocrx_word' id='word_1_122' title='bbox 675 1202 683 1228; x_wconf 93' lang='lat'>:</span> <span class='ocrx_word' id='word_1_123' title='bbox 711 1188 764 1228; x_wconf 77' lang='grc' dir='ltr'>Ιη</span> <span class='ocrx_word' id='word_1_124' title='bbox 788 1186 907 1229; x_wconf 79' lang='lat' dir='ltr'>domo</span> <span class='ocrx_word' id='word_1_125' title='bbox 941 1186 1085 1229; x_wconf 76' lang='lat' dir='ltr'>David</span> <span class='ocrx_word' id='word_1_126' title='bbox 1114 1188 1241 1239; x_wconf 76' lang='lat' dir='ltr'>pueri</span> 
     </span>
     <span class='ocr_line' id='line_1_18' title="bbox 214 1256 1240 1309; baseline -0.004 -8"><span class='ocrx_word' id='word_1_127' title='bbox 214 1260 308 1309; x_wconf 79' lang='lat' dir='ltr'>sui,</span> <span class='ocrx_word' id='word_1_128' title='bbox 337 1257 570 1298; x_wconf 84' lang='lat' dir='ltr'>secundum</span> <span class='ocrx_word' id='word_1_129' title='bbox 598 1256 702 1297; x_wconf 90' lang='lat' dir='ltr'>illud</span> <span class='ocrx_word' id='word_1_130' title='bbox 734 1257 747 1277; x_wconf 70' lang='lat'>&#39;⁴</span> <span class='ocrx_word' id='word_1_131' title='bbox 778 1271 786 1296; x_wconf 88' lang='lat'>:</span> <span class='ocrx_word' id='word_1_132' title='bbox 828 1272 845 1294; x_wconf 86' lang='lat'>«</span> <span class='ocrx_word' id='word_1_133' title='bbox 876 1256 978 1296; x_wconf 90' lang='lat' dir='ltr'>Illuc</span> <span class='ocrx_word' id='word_1_134' title='bbox 1008 1257 1240 1308; x_wconf 77' lang='lat' dir='ltr'>producam</span> 
     </span>
     <span class='ocr_line' id='line_1_19' title="bbox 214 1326 1234 1379; baseline -0.004 -10"><span class='ocrx_word' id='word_1_135' title='bbox 214 1340 348 1369; x_wconf 89' lang='lat' dir='ltr'>cornu</span> <span class='ocrx_word' id='word_1_136' title='bbox 365 1327 511 1378; x_wconf 86' lang='lat' dir='ltr'>David,</span> <span class='ocrx_word' id='word_1_137' title='bbox 526 1327 669 1379; x_wconf 88' lang='lat' dir='ltr'>paravi</span> <span class='ocrx_word' id='word_1_138' title='bbox 680 1327 899 1367; x_wconf 76' lang='lat' dir='ltr'>lucernam</span> <span class='ocrx_word' id='word_1_139' title='bbox 916 1326 1079 1367; x_wconf 83' lang='lat' dir='ltr'>Christo</span> <span class='ocrx_word' id='word_1_140' title='bbox 1093 1339 1234 1368; x_wconf 83' lang='lat' dir='ltr'>meo.»</span> 
     </span>
     <span class='ocr_line' id='line_1_20' title="bbox 213 1397 1240 1450; baseline -0.002 -9"><span class='ocrx_word' id='word_1_141' title='bbox 213 1399 264 1441; x_wconf 89' lang='lat' dir='ltr'>Et</span> <span class='ocrx_word' id='word_1_142' title='bbox 285 1398 382 1439; x_wconf 88' lang='lat' dir='ltr'>alibi</span> <span class='ocrx_word' id='word_1_143' title='bbox 403 1401 416 1423; x_wconf 79' lang='lat'><strong>⁵</strong></span> <span class='ocrx_word' id='word_1_144' title='bbox 441 1413 449 1439; x_wconf 78' lang='lat'>2</span> <span class='ocrx_word' id='word_1_145' title='bbox 478 1413 496 1437; x_wconf 80' lang='lat'>&lt;‹</span> <span class='ocrx_word' id='word_1_146' title='bbox 517 1397 720 1439; x_wconf 83' lang='lat' dir='ltr'>Dominus</span> <span class='ocrx_word' id='word_1_147' title='bbox 751 1397 868 1438; x_wconf 81' lang='lat' dir='ltr'>fortis</span> <span class='ocrx_word' id='word_1_148' title='bbox 898 1409 1037 1448; x_wconf 83' lang='lat' dir='ltr'>meus,</span> <span class='ocrx_word' id='word_1_149' title='bbox 1064 1399 1240 1450; x_wconf 80' lang='lat' dir='ltr'>sperabo</span> 
     </span>
     <span class='ocr_line' id='line_1_21' title="bbox 213 1469 1240 1520; baseline -0.004 -8"><span class='ocrx_word' id='word_1_150' title='bbox 213 1471 258 1512; x_wconf 91' lang='lat' dir='ltr'>in</span> <span class='ocrx_word' id='word_1_151' title='bbox 288 1481 407 1520; x_wconf 88' lang='lat' dir='ltr'>eum;</span> <span class='ocrx_word' id='word_1_152' title='bbox 441 1471 609 1509; x_wconf 88' lang='lat' dir='ltr'>scutum</span> <span class='ocrx_word' id='word_1_153' title='bbox 645 1480 812 1518; x_wconf 88' lang='lat' dir='ltr'>meum,</span> <span class='ocrx_word' id='word_1_154' title='bbox 849 1470 890 1508; x_wconf 89' lang='lat' dir='ltr'>et</span> <span class='ocrx_word' id='word_1_155' title='bbox 923 1479 1057 1508; x_wconf 88' lang='lat' dir='ltr'>cornu</span> <span class='ocrx_word' id='word_1_156' title='bbox 1093 1469 1240 1509; x_wconf 83' lang='lat' dir='ltr'>salutis</span> 
     </span>
     <span class='ocr_line' id='line_1_22' title="bbox 215 1540 1237 1592; baseline -0.001 -10"><span class='ocrx_word' id='word_1_157' title='bbox 215 1553 336 1583; x_wconf 74' lang='lat' dir='ltr'>meae.</span> <span class='ocrx_word' id='word_1_158' title='bbox 356 1540 553 1582; x_wconf 90' lang='lat' dir='ltr'>Elevator</span> <span class='ocrx_word' id='word_1_159' title='bbox 570 1552 690 1580; x_wconf 89' lang='lat' dir='ltr'>meus</span> <span class='ocrx_word' id='word_1_160' title='bbox 705 1543 746 1580; x_wconf 89' lang='lat' dir='ltr'>et</span> <span class='ocrx_word' id='word_1_161' title='bbox 765 1540 980 1591; x_wconf 79' lang='lat' dir='ltr'>refugium</span> <span class='ocrx_word' id='word_1_162' title='bbox 1004 1540 1054 1592; x_wconf 73' lang='lat' dir='ltr'>(a)</span> <span class='ocrx_word' id='word_1_163' title='bbox 1077 1552 1237 1592; x_wconf 87' lang='lat' dir='ltr'>meum,</span> 
     </span>
     <span class='ocr_line' id='line_1_23' title="bbox 215 1610 1235 1664; baseline -0.004 -11"><span class='ocrx_word' id='word_1_164' title='bbox 215 1612 398 1653; x_wconf 87' lang='lat' dir='ltr'>salvator</span> <span class='ocrx_word' id='word_1_165' title='bbox 418 1623 559 1662; x_wconf 78' lang='lat' dir='ltr'>meus,</span> <span class='ocrx_word' id='word_1_166' title='bbox 583 1611 634 1652; x_wconf 89' lang='lat' dir='ltr'>de</span> <span class='ocrx_word' id='word_1_167' title='bbox 653 1611 874 1664; x_wconf 77' lang='lat' dir='ltr'>iniquitate</span> <span class='ocrx_word' id='word_1_168' title='bbox 891 1610 1090 1651; x_wconf 70' lang='lat' dir='ltr'>liberabis</span> <span class='ocrx_word' id='word_1_169' title='bbox 1110 1624 1193 1652; x_wconf 91' lang='lat' dir='ltr'>me.</span> <span class='ocrx_word' id='word_1_170' title='bbox 1216 1627 1235 1649; x_wconf 88' lang='grc'>))</span> 
     </span>
     <span class='ocr_line' id='line_1_24' title="bbox 215 1682 1238 1734; baseline -0.001 -10"><span class='ocrx_word' id='word_1_171' title='bbox 215 1683 302 1725; x_wconf 94' lang='lat' dir='ltr'>Hoc</span> <span class='ocrx_word' id='word_1_172' title='bbox 330 1685 473 1724; x_wconf 87' lang='lat' dir='ltr'>autem</span> <span class='ocrx_word' id='word_1_173' title='bbox 494 1682 648 1724; x_wconf 92' lang='lat' dir='ltr'>dicitur</span> <span class='ocrx_word' id='word_1_174' title='bbox 679 1684 850 1734; x_wconf 90' lang='lat' dir='ltr'>propter</span> <span class='ocrx_word' id='word_1_175' title='bbox 879 1682 1238 1732; x_wconf 79' lang='lat' dir='ltr'>incarnationem,</span> 
     </span>
     <span class='ocr_line' id='line_1_25' title="bbox 214 1751 1241 1807; baseline -0.001 -12"><span class='ocrx_word' id='word_1_176' title='bbox 214 1754 421 1807; x_wconf 86' lang='lat' dir='ltr'>siquidem</span> <span class='ocrx_word' id='word_1_177' title='bbox 434 1754 544 1794; x_wconf 81' lang='lat' dir='ltr'>infra</span> <span class='ocrx_word' id='word_1_178' title='bbox 557 1753 707 1794; x_wconf 90' lang='lat' dir='ltr'>dicitur</span> <span class='ocrx_word' id='word_1_179' title='bbox 719 1753 749 1803; x_wconf 71' lang='lat'>⁶,</span> <span class='ocrx_word' id='word_1_180' title='bbox 763 1753 876 1805; x_wconf 86' lang='lat' dir='ltr'>quod</span> <span class='ocrx_word' id='word_1_181' title='bbox 891 1751 1021 1792; x_wconf 85' lang='lat' dir='ltr'>Maria</span> <span class='ocrx_word' id='word_1_182' title='bbox 1036 1755 1075 1792; x_wconf 89' lang='lat' dir='ltr'>et</span> <span class='ocrx_word' id='word_1_183' title='bbox 1089 1752 1109 1793; x_wconf 89' lang='lat' dir='ltr'>J</span> <span class='ocrx_word' id='word_1_184' title='bbox 1112 1754 1241 1806; x_wconf 85' lang='lat' dir='ltr'>osepb</span> 
     </span>
     <span class='ocr_line' id='line_1_26' title="bbox 214 1824 844 1866; baseline -0.008 0"><span class='ocrx_word' id='word_1_185' title='bbox 214 1828 335 1866; x_wconf 88' lang='lat' dir='ltr'>erant</span> <span class='ocrx_word' id='word_1_186' title='bbox 359 1840 378 1863; x_wconf 75' lang='lat'>&lt;1</span> <span class='ocrx_word' id='word_1_187' title='bbox 398 1825 449 1865; x_wconf 92' lang='lat' dir='ltr'>de</span> <span class='ocrx_word' id='word_1_188' title='bbox 467 1824 627 1865; x_wconf 85' lang='lat' dir='ltr'>familia</span> <span class='ocrx_word' id='word_1_189' title='bbox 651 1824 798 1865; x_wconf 90' lang='lat' dir='ltr'>David.</span> <span class='ocrx_word' id='word_1_190' title='bbox 825 1838 844 1861; x_wconf 87' lang='lat'>»</span> 
     </span>
    </p>

    <p class='ocr_par' dir='ltr' id='par_1_4' title="bbox 213 1894 1243 2434">
     <span class='ocr_line' id='line_1_27' title="bbox 268 1894 1239 1947; baseline -0.001 -12"><span class='ocrx_word' id='word_1_191' title='bbox 268 1898 333 1936; x_wconf 88' lang='lat'>70.</span> <span class='ocrx_word' id='word_1_192' title='bbox 366 1894 492 1938; x_wconf 78' lang='lat' dir='ltr'>Sicut</span> <span class='ocrx_word' id='word_1_193' title='bbox 516 1894 679 1937; x_wconf 78' lang='lat' dir='ltr'>locutus</span> <span class='ocrx_word' id='word_1_194' title='bbox 710 1898 771 1937; x_wconf 79' lang='lat' dir='ltr'>esc</span> <span class='ocrx_word' id='word_1_195' title='bbox 800 1906 874 1947; x_wconf 79' lang='lat' dir='ltr'>per</span> <span class='ocrx_word' id='word_1_196' title='bbox 905 1906 949 1938; x_wconf 86' lang='lat'>08</span> <span class='ocrx_word' id='word_1_197' title='bbox 980 1899 1239 1938; x_wconf 73' lang='lat' dir='ltr'>sanctorum.</span> 
     </span>
     <span class='ocr_line' id='line_1_28' title="bbox 215 1965 1242 2018; baseline 0 -12"><span class='ocrx_word' id='word_1_198' title='bbox 215 1966 292 2007; x_wconf 87' lang='lat' dir='ltr'>Hic</span> <span class='ocrx_word' id='word_1_199' title='bbox 310 1965 400 2017; x_wconf 90' lang='lat' dir='ltr'>agit</span> <span class='ocrx_word' id='word_1_200' title='bbox 419 1965 598 2017; x_wconf 81' lang='lat' dir='ltr'>gratias,</span> <span class='ocrx_word' id='word_1_201' title='bbox 620 1967 661 2006; x_wconf 89' lang='lat' dir='ltr'>et</span> <span class='ocrx_word' id='word_1_202' title='bbox 676 1965 821 2006; x_wconf 90' lang='lat' dir='ltr'>laudes</span> <span class='ocrx_word' id='word_1_203' title='bbox 842 1966 1032 2006; x_wconf 83' lang='lat' dir='ltr'>decantat</span> <span class='ocrx_word' id='word_1_204' title='bbox 1053 1978 1128 2018; x_wconf 88' lang='lat' dir='ltr'>pro</span> <span class='ocrx_word' id='word_1_205' title='bbox 1149 1977 1242 2005; x_wconf 87' lang='grc'>005-</span> 
     </span>
     <span class='ocr_line' id='line_1_29' title="bbox 214 2036 1242 2090; baseline -0.002 -13"><span class='ocrx_word' id='word_1_206' title='bbox 214 2039 279 2078; x_wconf 88' lang='lat' dir='ltr'>tra</span> <span class='ocrx_word' id='word_1_207' title='bbox 303 2036 609 2089; x_wconf 85' lang='lat' dir='ltr'>redemptione,</span> <span class='ocrx_word' id='word_1_208' title='bbox 645 2036 877 2077; x_wconf 86' lang='lat' dir='ltr'>secundum</span> <span class='ocrx_word' id='word_1_209' title='bbox 909 2037 1023 2090; x_wconf 87' lang='lat' dir='ltr'>quod</span> <span class='ocrx_word' id='word_1_210' title='bbox 1054 2037 1134 2077; x_wconf 86' lang='lat' dir='ltr'>fuit</span> <span class='ocrx_word' id='word_1_211' title='bbox 1166 2047 1242 2089; x_wconf 88' lang='lat' dir='ltr'>per</span> 
     </span>
     <span class='ocr_line' id='line_1_30' title="bbox 213 2106 1237 2160; baseline 0 -13"><span class='ocrx_word' id='word_1_212' title='bbox 213 2107 440 2160; x_wconf 85' lang='lat' dir='ltr'>prophetas</span> <span class='ocrx_word' id='word_1_213' title='bbox 457 2107 661 2160; x_wconf 86' lang='lat' dir='ltr'>promissa</span> <span class='ocrx_word' id='word_1_214' title='bbox 681 2106 858 2160; x_wconf 85' lang='lat' dir='ltr'>Spiritus</span> <span class='ocrx_word' id='word_1_215' title='bbox 875 2108 1006 2148; x_wconf 88' lang='lat' dir='ltr'>sancti</span> <span class='ocrx_word' id='word_1_216' title='bbox 1024 2106 1237 2149; x_wconf 83' lang='lat' dir='ltr'>vaticinio.</span> 
     </span>
     <span class='ocr_line' id='line_1_31' title="bbox 214 2167 1238 2233; baseline 0 -14"><span class='ocrx_word' id='word_1_217' title='bbox 214 2178 265 2220; x_wconf 91' lang='lat' dir='ltr'>Et</span> <span class='ocrx_word' id='word_1_218' title='bbox 276 2167 413 2232; x_wconf 88' lang='lat' dir='ltr'>primo</span> <span class='ocrx_word' id='word_1_219' title='bbox 426 2179 644 2232; x_wconf 83' lang='lat' dir='ltr'>praemittit</span> <span class='ocrx_word' id='word_1_220' title='bbox 655 2179 902 2221; x_wconf 87' lang='lat' dir='ltr'>vaticinium</span> <span class='ocrx_word' id='word_1_221' title='bbox 918 2180 1214 2233; x_wconf 86' lang='lat' dir='ltr'>propheticum</span> <span class='ocrx_word' id='word_1_222' title='bbox 1228 2195 1238 2230; x_wconf 79' lang='lat'><em>3</em></span> 
     </span>
     <span class='ocr_line' id='line_1_32' title="bbox 215 2251 1243 2303; baseline 0 -13"><span class='ocrx_word' id='word_1_223' title='bbox 215 2251 397 2292; x_wconf 91' lang='lat' dir='ltr'>secundo</span> <span class='ocrx_word' id='word_1_224' title='bbox 416 2262 517 2292; x_wconf 91' lang='lat' dir='ltr'>vero</span> <span class='ocrx_word' id='word_1_225' title='bbox 548 2251 639 2303; x_wconf 89' lang='lat' dir='ltr'>subj</span> <span class='ocrx_word' id='word_1_226' title='bbox 648 2251 773 2302; x_wconf 89' lang='lat' dir='ltr'>ungit</span> <span class='ocrx_word' id='word_1_227' title='bbox 792 2251 1068 2292; x_wconf 64' lang='lat' dir='ltr'>vaticinatum</span> <span class='ocrx_word' id='word_1_228' title='bbox 1088 2251 1243 2291; x_wconf 83' lang='lat' dir='ltr'>benefi-</span> 
     </span>
     <span class='ocr_line' id='line_1_33' title="bbox 215 2321 1242 2374; baseline -0.002 -11"><span class='ocrx_word' id='word_1_229' title='bbox 215 2323 327 2363; x_wconf 90' lang='lat' dir='ltr'>cium</span> <span class='ocrx_word' id='word_1_230' title='bbox 338 2337 348 2372; x_wconf 94' lang='lat'>;</span> <span class='ocrx_word' id='word_1_231' title='bbox 365 2324 405 2363; x_wconf 88' lang='lat' dir='ltr'>et</span> <span class='ocrx_word' id='word_1_232' title='bbox 415 2322 538 2362; x_wconf 90' lang='lat' dir='ltr'>tertio</span> <span class='ocrx_word' id='word_1_233' title='bbox 545 2322 739 2362; x_wconf 85' lang='lat' dir='ltr'>beneficii</span> <span class='ocrx_word' id='word_1_234' title='bbox 750 2322 1125 2374; x_wconf 80' lang='lat' dir='ltr'>complementum.</span> <span class='ocrx_word' id='word_1_235' title='bbox 1142 2321 1242 2361; x_wconf 87' lang='lat' dir='ltr'>Haec</span> 
     </span>
     <span class='ocr_line' id='line_1_34' title="bbox 217 2391 1073 2434; baseline -0.002 -1"><span class='ocrx_word' id='word_1_236' title='bbox 217 2393 331 2434; x_wconf 89' lang='lat' dir='ltr'>enim</span> <span class='ocrx_word' id='word_1_237' title='bbox 348 2392 430 2432; x_wconf 92' lang='lat' dir='ltr'>tria</span> <span class='ocrx_word' id='word_1_238' title='bbox 449 2392 631 2432; x_wconf 82' lang='lat' dir='ltr'>excitant</span> <span class='ocrx_word' id='word_1_239' title='bbox 652 2391 702 2432; x_wconf 90' lang='lat' dir='ltr'>ad</span> <span class='ocrx_word' id='word_1_240' title='bbox 724 2391 1073 2432; x_wconf 87' lang='lat' dir='ltr'>benedicendum.</span> 
     </span>
    </p>

    <p class='ocr_par' dir='ltr' id='par_1_5' title="bbox 215 2461 1242 3226">
     <span class='ocr_line' id='line_1_35' title="bbox 271 2461 1239 2514; baseline -0.001 -11"><span class='ocrx_word' id='word_1_241' title='bbox 271 2462 413 2504; x_wconf 89' lang='lat' dir='ltr'>Primo</span> <span class='ocrx_word' id='word_1_242' title='bbox 431 2462 566 2514; x_wconf 86' lang='lat' dir='ltr'>igitur</span> <span class='ocrx_word' id='word_1_243' title='bbox 578 2461 797 2514; x_wconf 67' lang='lat' dir='ltr'>praemittit</span> <span class='ocrx_word' id='word_1_244' title='bbox 810 2461 1059 2503; x_wconf 84' lang='lat' dir='ltr'>vaticinium</span> <span class='ocrx_word' id='word_1_245' title='bbox 1080 2462 1126 2501; x_wconf 91' lang='lat' dir='ltr'>in</span> <span class='ocrx_word' id='word_1_246' title='bbox 1145 2462 1239 2513; x_wconf 87' lang='lat' dir='ltr'>hoc,</span> 
     </span>
     <span class='ocr_line' id='line_1_36' title="bbox 217 2532 1242 2586; baseline -0.001 -11"><span class='ocrx_word' id='word_1_247' title='bbox 217 2533 327 2586; x_wconf 86' lang='lat' dir='ltr'>quod</span> <span class='ocrx_word' id='word_1_248' title='bbox 353 2533 454 2574; x_wconf 83' lang='lat' dir='ltr'>dicit</span> <span class='ocrx_word' id='word_1_249' title='bbox 476 2546 485 2573; x_wconf 92' lang='lat'><strong>:</strong></span> <span class='ocrx_word' id='word_1_250' title='bbox 510 2533 636 2576; x_wconf 70' lang='lat' dir='ltr'>Sicut</span> <span class='ocrx_word' id='word_1_251' title='bbox 655 2532 819 2575; x_wconf 73' lang='lat' dir='ltr'>locutus</span> <span class='ocrx_word' id='word_1_252' title='bbox 841 2536 902 2575; x_wconf 78' lang='lat' dir='ltr'>est</span> <span class='ocrx_word' id='word_1_253' title='bbox 919 2543 996 2585; x_wconf 74' lang='lat' dir='ltr'>per</span> <span class='ocrx_word' id='word_1_254' title='bbox 1016 2543 1060 2575; x_wconf 84' lang='lat'>08</span> <span class='ocrx_word' id='word_1_255' title='bbox 1080 2536 1242 2575; x_wconf 76' lang='lat' dir='ltr'>sancto-</span> 
     </span>
     <span class='ocr_line' id='line_1_37' title="bbox 216 2604 1238 2659; baseline -0.003 -11"><span class='ocrx_word' id='word_1_256' title='bbox 216 2617 331 2657; x_wconf 79' lang='lat' dir='ltr'>rum,</span> <span class='ocrx_word' id='word_1_257' title='bbox 353 2607 429 2659; x_wconf 79' lang='lat' dir='ltr'>qui</span> <span class='ocrx_word' id='word_1_258' title='bbox 453 2617 479 2648; x_wconf 80' lang='lat' dir='ltr'>a</span> <span class='ocrx_word' id='word_1_259' title='bbox 505 2605 656 2647; x_wconf 72' lang='lat' dir='ltr'>soeculo</span> <span class='ocrx_word' id='word_1_260' title='bbox 676 2608 794 2655; x_wconf 75' lang='lat' dir='ltr'>sunt,</span> <span class='ocrx_word' id='word_1_261' title='bbox 815 2604 1114 2657; x_wconf 72' lang='lat' dir='ltr'>prophetarum</span> <span class='ocrx_word' id='word_1_262' title='bbox 1132 2606 1238 2656; x_wconf 73' lang='lat' dir='ltr'>ejus.</span> 
     </span>
     <span class='ocr_line' id='line_1_38' title="bbox 215 2675 1238 2727; baseline -0.002 -9"><span class='ocrx_word' id='word_1_263' title='bbox 215 2677 267 2718; x_wconf 86' lang='lat' dir='ltr'>Et</span> <span class='ocrx_word' id='word_1_264' title='bbox 279 2677 400 2718; x_wconf 85' lang='lat' dir='ltr'>debet</span> <span class='ocrx_word' id='word_1_265' title='bbox 411 2676 553 2718; x_wconf 88' lang='lat' dir='ltr'>iterari</span> <span class='ocrx_word' id='word_1_266' title='bbox 570 2688 580 2717; x_wconf 78' lang='grc' dir='ltr'>ε</span> <span class='ocrx_word' id='word_1_267' title='bbox 603 2676 883 2717; x_wconf 85' lang='lat' dir='ltr'>«Benedictus</span> <span class='ocrx_word' id='word_1_268' title='bbox 896 2675 1098 2717; x_wconf 89' lang='lat' dir='ltr'>Dominus</span> <span class='ocrx_word' id='word_1_269' title='bbox 1115 2676 1238 2727; x_wconf 85' lang='lat' dir='ltr'>Deus,</span> 
     </span>
     <span class='ocr_line' id='line_1_39' title="bbox 215 2746 1239 2802; baseline -0.001 -13"><span class='ocrx_word' id='word_1_270' title='bbox 215 2749 288 2802; x_wconf 90' lang='lat' dir='ltr'>qui</span> <span class='ocrx_word' id='word_1_271' title='bbox 309 2748 457 2800; x_wconf 80' lang='lat' dir='ltr'>erexit,</span> <span class='ocrx_word' id='word_1_272' title='bbox 472 2763 492 2786; x_wconf 84' lang='lat'>›&gt;</span> <span class='ocrx_word' id='word_1_273' title='bbox 504 2751 583 2789; x_wconf 87' lang='lat' dir='ltr'>etc.</span> <span class='ocrx_word' id='word_1_274' title='bbox 604 2748 721 2791; x_wconf 78' lang='lat' dir='ltr'>Sicut</span> <span class='ocrx_word' id='word_1_275' title='bbox 749 2748 909 2790; x_wconf 79' lang='lat' dir='ltr'>locutus</span> <span class='ocrx_word' id='word_1_276' title='bbox 932 2750 1003 2789; x_wconf 73' lang='lat' dir='ltr'>est.</span> <span class='ocrx_word' id='word_1_277' title='bbox 1021 2746 1034 2767; x_wconf 82' lang='lat'><strong>⁷</strong></span> <span class='ocrx_word' id='word_1_278' title='bbox 1066 2763 1084 2786; x_wconf 87' lang='lat'>«</span> <span class='ocrx_word' id='word_1_279' title='bbox 1104 2746 1239 2797; x_wconf 89' lang='lat' dir='ltr'>Nunc,</span> 
     </span>
     <span class='ocr_line' id='line_1_40' title="bbox 215 2819 1236 2873; baseline -0.002 -12"><span class='ocrx_word' id='word_1_280' title='bbox 215 2820 409 2871; x_wconf 82' lang='lat' dir='ltr'>Domine,</span> <span class='ocrx_word' id='word_1_281' title='bbox 433 2832 571 2861; x_wconf 75' lang='lat' dir='ltr'>sermo</span> <span class='ocrx_word' id='word_1_282' title='bbox 592 2832 718 2873; x_wconf 90' lang='lat' dir='ltr'>quem</span> <span class='ocrx_word' id='word_1_283' title='bbox 738 2819 904 2860; x_wconf 86' lang='lat' dir='ltr'>locutus</span> <span class='ocrx_word' id='word_1_284' title='bbox 918 2831 962 2859; x_wconf 89' lang='lat' dir='ltr'>es</span> <span class='ocrx_word' id='word_1_285' title='bbox 975 2819 1134 2860; x_wconf 85' lang='lat' dir='ltr'>famulo</span> <span class='ocrx_word' id='word_1_286' title='bbox 1148 2821 1236 2870; x_wconf 85' lang='lat' dir='ltr'>tuo,</span> 
     </span>
     <span class='ocr_line' id='line_1_41' title="bbox 216 2890 1239 2945; baseline -0.001 -14"><span class='ocrx_word' id='word_1_287' title='bbox 216 2893 258 2931; x_wconf 91' lang='lat' dir='ltr'>et</span> <span class='ocrx_word' id='word_1_288' title='bbox 276 2904 400 2945; x_wconf 45' lang='lat' dir='ltr'>super</span> <span class='ocrx_word' id='word_1_289' title='bbox 424 2892 599 2933; x_wconf 62' lang='grc'>1101011111</span> <span class='ocrx_word' id='word_1_290' title='bbox 621 2893 737 2944; x_wconf 66' lang='lat' dir='ltr'>eius,</span> <span class='ocrx_word' id='word_1_291' title='bbox 769 2891 1044 2932; x_wconf 89' lang='lat' dir='ltr'>confirmetur</span> <span class='ocrx_word' id='word_1_292' title='bbox 1072 2890 1115 2929; x_wconf 92' lang='lat' dir='ltr'>in</span> <span class='ocrx_word' id='word_1_293' title='bbox 1143 2902 1239 2942; x_wconf 88' lang='lat' dir='ltr'>per-</span> 
     </span>
     <span class='ocr_line' id='line_1_42' title="bbox 215 2963 1242 3015; baseline -0.003 -12"><span class='ocrx_word' id='word_1_294' title='bbox 215 2964 390 3015; x_wconf 80' lang='lat' dir='ltr'>petuum</span> <span class='ocrx_word' id='word_1_295' title='bbox 402 2995 415 3013; x_wconf 88' lang='lat'>,</span> <span class='ocrx_word' id='word_1_296' title='bbox 436 2966 476 3004; x_wconf 90' lang='lat' dir='ltr'>et</span> <span class='ocrx_word' id='word_1_297' title='bbox 494 2963 558 3003; x_wconf 90' lang='grc'>100</span> <span class='ocrx_word' id='word_1_298' title='bbox 577 2963 685 3003; x_wconf 87' lang='grc'>510111</span> <span class='ocrx_word' id='word_1_299' title='bbox 706 2963 872 3004; x_wconf 82' lang='grc'>10001115</span> <span class='ocrx_word' id='word_1_300' title='bbox 891 2973 935 3002; x_wconf 93' lang='grc'>05</span> <span class='ocrx_word' id='word_1_301' title='bbox 950 2993 960 3012; x_wconf 87' lang='grc'>,</span> <span class='ocrx_word' id='word_1_302' title='bbox 980 2964 1242 3014; x_wconf 83' lang='lat' dir='ltr'>permaneat-</span> 
     </span>
     <span class='ocr_line' id='line_1_43' title="bbox 217 3032 1241 3085; baseline 0 -13"><span class='ocrx_word' id='word_1_303' title='bbox 217 3044 314 3085; x_wconf 86' lang='lat' dir='ltr'>que,</span> <span class='ocrx_word' id='word_1_304' title='bbox 335 3035 376 3073; x_wconf 90' lang='lat' dir='ltr'>et</span> <span class='ocrx_word' id='word_1_305' title='bbox 392 3034 692 3085; x_wconf 82' lang='lat' dir='ltr'>magnificetur</span> <span class='ocrx_word' id='word_1_306' title='bbox 714 3045 871 3074; x_wconf 88' lang='lat' dir='ltr'>nomen</span> <span class='ocrx_word' id='word_1_307' title='bbox 893 3036 1016 3073; x_wconf 87' lang='lat' dir='ltr'>tuum</span> <span class='ocrx_word' id='word_1_308' title='bbox 1037 3044 1169 3085; x_wconf 85' lang='lat' dir='ltr'>usque</span> <span class='ocrx_word' id='word_1_309' title='bbox 1189 3032 1241 3073; x_wconf 90' lang='lat' dir='ltr'>ad</span> 
     </span>
     <span class='ocr_line' id='line_1_44' title="bbox 217 3102 1240 3155; baseline 0.001 -14"><span class='ocrx_word' id='word_1_310' title='bbox 217 3102 540 3155; x_wconf 88' lang='lat' dir='ltr'>sempiternum,</span> <span class='ocrx_word' id='word_1_311' title='bbox 564 3107 605 3145; x_wconf 89' lang='lat' dir='ltr'>et</span> <span class='ocrx_word' id='word_1_312' title='bbox 627 3104 789 3145; x_wconf 88' lang='lat' dir='ltr'>dicatur</span> <span class='ocrx_word' id='word_1_313' title='bbox 819 3119 827 3145; x_wconf 75' lang='grc' dir='ltr'>ε</span> <span class='ocrx_word' id='word_1_314' title='bbox 857 3103 1059 3144; x_wconf 90' lang='lat' dir='ltr'>Dominus</span> <span class='ocrx_word' id='word_1_315' title='bbox 1079 3102 1240 3143; x_wconf 80' lang='lat' dir='ltr'>exerci-</span> 
     </span>
     <span class='ocr_line' id='line_1_45' title="bbox 216 3174 1240 3226; baseline 0.001 -13"><span class='ocrx_word' id='word_1_316' title='bbox 216 3175 340 3214; x_wconf 86' lang='lat' dir='ltr'>tuum</span> <span class='ocrx_word' id='word_1_317' title='bbox 354 3204 365 3222; x_wconf 89' lang='lat'>‚</span> <span class='ocrx_word' id='word_1_318' title='bbox 387 3174 537 3216; x_wconf 88' lang='lat' dir='ltr'>domus</span> <span class='ocrx_word' id='word_1_319' title='bbox 556 3175 683 3217; x_wconf 89' lang='lat' dir='ltr'>Israel</span> <span class='ocrx_word' id='word_1_320' title='bbox 697 3208 707 3226; x_wconf 87' lang='lat'>‚</span> <span class='ocrx_word' id='word_1_321' title='bbox 738 3178 779 3216; x_wconf 92' lang='lat' dir='ltr'>et</span> <span class='ocrx_word' id='word_1_322' title='bbox 803 3176 955 3216; x_wconf 90' lang='lat' dir='ltr'>domus</span> <span class='ocrx_word' id='word_1_323' title='bbox 975 3174 1108 3216; x_wconf 88' lang='lat' dir='ltr'>David</span> <span class='ocrx_word' id='word_1_324' title='bbox 1128 3174 1240 3216; x_wconf 89' lang='lat' dir='ltr'>servi</span> 
     </span>
    </p>
   </div>
   <div class='ocr_carea' id='block_1_4' title="bbox 216 3257 1240 3443">
    <p class='ocr_par' dir='ltr' id='par_1_6' title="bbox 216 3257 1240 3443">
     <span class='ocr_line' id='line_1_46' title="bbox 261 3257 1239 3300; baseline 0.001 -11"><span class='ocrx_word' id='word_1_325' title='bbox 261 3257 301 3288; x_wconf 85' lang='lat'>¹1</span> <span class='ocrx_word' id='word_1_326' title='bbox 321 3258 411 3298; x_wconf 65' lang='grc' dir='ltr'>Κεφ,</span> <span class='ocrx_word' id='word_1_327' title='bbox 436 3266 480 3298; x_wconf 88' lang='lat'>11,</span> <span class='ocrx_word' id='word_1_328' title='bbox 508 3261 557 3291; x_wconf 85' lang='lat'>10.</span> <span class='ocrx_word' id='word_1_329' title='bbox 576 3276 615 3283; x_wconf 93' lang='lat'><strong>—</strong></span> <span class='ocrx_word' id='word_1_330' title='bbox 645 3260 656 3278; x_wconf 81' lang='lat'><em>²</em></span> <span class='ocrx_word' id='word_1_331' title='bbox 677 3260 812 3296; x_wconf 65' lang='lat' dir='ltr'>Mattlc„</span> <span class='ocrx_word' id='word_1_332' title='bbox 838 3267 968 3300; x_wconf 76' lang='lat' dir='ltr'>xxvni,</span> <span class='ocrx_word' id='word_1_333' title='bbox 993 3261 1044 3293; x_wconf 81' lang='lat'>18.</span> <span class='ocrx_word' id='word_1_334' title='bbox 1066 3277 1101 3282; x_wconf 97' lang='lat'>—</span> <span class='ocrx_word' id='word_1_335' title='bbox 1127 3259 1141 3281; x_wconf 76' lang='lat'><strong>3</strong></span> <span class='ocrx_word' id='word_1_336' title='bbox 1160 3258 1239 3300; x_wconf 58' lang='lat' dir='ltr'>isa„</span> 
     </span>
     <span class='ocr_line' id='line_1_47' title="bbox 216 3305 1240 3347; baseline 0.003 -12"><span class='ocrx_word' id='word_1_337' title='bbox 216 3312 274 3345; x_wconf 80' lang='lat' dir='ltr'>xv,</span> <span class='ocrx_word' id='word_1_338' title='bbox 296 3306 345 3336; x_wconf 78' lang='grc'>17.</span> <span class='ocrx_word' id='word_1_339' title='bbox 366 3322 407 3328; x_wconf 89' lang='grc'><strong>-</strong></span> <span class='ocrx_word' id='word_1_340' title='bbox 425 3305 436 3324; x_wconf 74' lang='lat'><em>⁴</em></span> <span class='ocrx_word' id='word_1_341' title='bbox 460 3306 548 3338; x_wconf 81' lang='lat' dir='ltr'>Psal.</span> <span class='ocrx_word' id='word_1_342' title='bbox 570 3314 691 3347; x_wconf 75' lang='lat' dir='ltr'>cxxxi,</span> <span class='ocrx_word' id='word_1_343' title='bbox 714 3310 764 3339; x_wconf 81' lang='lat'>17.</span> <span class='ocrx_word' id='word_1_344' title='bbox 784 3325 824 3330; x_wconf 97' lang='lat'><strong>—</strong></span> <span class='ocrx_word' id='word_1_345' title='bbox 844 3309 854 3326; x_wconf 76' lang='lat'><strong>⁵</strong></span> <span class='ocrx_word' id='word_1_346' title='bbox 877 3308 902 3339; x_wconf 79' lang='grc' dir='ltr'>ΙΙ</span> <span class='ocrx_word' id='word_1_347' title='bbox 928 3308 1018 3347; x_wconf 67' lang='grc' dir='ltr'>Κεφ,</span> <span class='ocrx_word' id='word_1_348' title='bbox 1039 3314 1134 3346; x_wconf 75' lang='lat' dir='ltr'>xxii,</span> <span class='ocrx_word' id='word_1_349' title='bbox 1157 3308 1187 3347; x_wconf 85' lang='lat'>3,</span> <span class='ocrx_word' id='word_1_350' title='bbox 1209 3309 1240 3338; x_wconf 78' lang='lat'>4.</span> 
     </span>
     <span class='ocr_line' id='line_1_48' title="bbox 216 3352 1239 3395; baseline 0.001 -12"><span class='ocrx_word' id='word_1_351' title='bbox 216 3369 256 3376; x_wconf 93' lang='lat'>—</span> <span class='ocrx_word' id='word_1_352' title='bbox 275 3353 288 3374; x_wconf 76' lang='lat'><strong>⁶</strong></span> <span class='ocrx_word' id='word_1_353' title='bbox 307 3352 397 3391; x_wconf 62' lang='lat' dir='ltr'>Luc,</span> <span class='ocrx_word' id='word_1_354' title='bbox 417 3360 453 3391; x_wconf 86' lang='lat'>11,</span> <span class='ocrx_word' id='word_1_355' title='bbox 474 3354 504 3384; x_wconf 83' lang='lat'>4.</span> <span class='ocrx_word' id='word_1_356' title='bbox 518 3370 559 3376; x_wconf 95' lang='lat'><strong>—</strong></span> <span class='ocrx_word' id='word_1_357' title='bbox 576 3353 587 3374; x_wconf 94' lang='lat'>⁷</span> <span class='ocrx_word' id='word_1_358' title='bbox 610 3355 768 3393; x_wconf 68' lang='lat' dir='ltr'>lParal„</span> <span class='ocrx_word' id='word_1_359' title='bbox 789 3362 872 3395; x_wconf 77' lang='lat' dir='ltr'>XVII,</span> <span class='ocrx_word' id='word_1_360' title='bbox 892 3356 944 3395; x_wconf 77' lang='lat'>23,</span> <span class='ocrx_word' id='word_1_361' title='bbox 965 3357 1017 3386; x_wconf 83' lang='lat'>24.</span> <span class='ocrx_word' id='word_1_362' title='bbox 1032 3372 1072 3377; x_wconf 97' lang='lat'><strong>—</strong></span> <span class='ocrx_word' id='word_1_363' title='bbox 1092 3355 1103 3372; x_wconf 69' lang='lat'>⁸</span> <span class='ocrx_word' id='word_1_364' title='bbox 1120 3353 1239 3394; x_wconf 63' lang='lat' dir='ltr'>Eccla‘„</span> 
     </span>
     <span class='ocr_line' id='line_1_49' title="bbox 216 3402 1238 3443; baseline 0.001 -12"><span class='ocrx_word' id='word_1_365' title='bbox 216 3406 336 3440; x_wconf 75' lang='lat' dir='ltr'>xxxvi,</span> <span class='ocrx_word' id='word_1_366' title='bbox 358 3402 407 3442; x_wconf 84' lang='lat'>17,</span> <span class='ocrx_word' id='word_1_367' title='bbox 431 3402 480 3432; x_wconf 89' lang='lat'>18.</span> <span class='ocrx_word' id='word_1_368' title='bbox 499 3418 538 3425; x_wconf 87' lang='lat'>—-</span> <span class='ocrx_word' id='word_1_369' title='bbox 557 3402 568 3420; x_wconf 72' lang='lat'>⁹</span> <span class='ocrx_word' id='word_1_370' title='bbox 587 3402 678 3440; x_wconf 66' lang='lat' dir='ltr'>Luc„</span> <span class='ocrx_word' id='word_1_371' title='bbox 697 3409 804 3443; x_wconf 81' lang='lat' dir='ltr'>xvm,</span> <span class='ocrx_word' id='word_1_372' title='bbox 825 3404 875 3435; x_wconf 69' lang='grc'>31.</span> <span class='ocrx_word' id='word_1_373' title='bbox 903 3418 943 3426; x_wconf 90' lang='grc'><strong>-</strong></span> <span class='ocrx_word' id='word_1_374' title='bbox 965 3403 987 3421; x_wconf 75' lang='lat'>¹⁰</span> <span class='ocrx_word' id='word_1_375' title='bbox 1004 3403 1115 3442; x_wconf 80' lang='lat' dir='ltr'>Amos,</span> <span class='ocrx_word' id='word_1_376' title='bbox 1137 3409 1189 3442; x_wconf 88' lang='lat'>111,</span> <span class='ocrx_word' id='word_1_377' title='bbox 1208 3404 1238 3433; x_wconf 82' lang='grc'>7.</span> 
     </span>
    </p>
   </div>
   <div class='ocr_carea' id='block_1_5' title="bbox 2262 112 2338 152">
    <p class='ocr_par' dir='ltr' id='par_1_7' title="bbox 2262 112 2338 152">
     <span class='ocr_line' id='line_1_50' title="bbox 2262 112 2338 152; baseline 0.039 -3"><span class='ocrx_word' id='word_1_378' title='bbox 2262 112 2338 152; x_wconf 73' lang='lat'>249</span> 
     </span>
    </p>
   </div>
   <div class='ocr_carea' id='block_1_6' title="bbox 1313 193 2348 3159">
    <p class='ocr_par' dir='ltr' id='par_1_8' title="bbox 1313 193 2348 3159">
     <span class='ocr_line' id='line_1_51' title="bbox 1316 193 2341 247; baseline 0.007 -15"><span class='ocrx_word' id='word_1_379' title='bbox 1316 193 1408 245; x_wconf 80' lang='lat' dir='ltr'>ers</span> <span class='ocrx_word' id='word_1_380' title='bbox 1427 203 1681 245; x_wconf 89' lang='lat' dir='ltr'>permanens</span> <span class='ocrx_word' id='word_1_381' title='bbox 1711 202 1853 232; x_wconf 89' lang='lat' dir='ltr'>coram</span> <span class='ocrx_word' id='word_1_382' title='bbox 1882 204 1946 233; x_wconf 88' lang='grc'>00.</span> <span class='ocrx_word' id='word_1_383' title='bbox 1976 206 1995 229; x_wconf 90' lang='grc'>))</span> <span class='ocrx_word' id='word_1_384' title='bbox 2027 193 2113 234; x_wconf 86' lang='grc' dir='ltr'>Ηο0</span> <span class='ocrx_word' id='word_1_385' title='bbox 2141 197 2341 247; x_wconf 86' lang='lat' dir='ltr'>optabant</span> 
     </span>
     <span class='ocr_line' id='line_1_52' title="bbox 1316 262 2337 316; baseline 0.005 -13"><span class='ocrx_word' id='word_1_386' title='bbox 1316 264 1446 304; x_wconf 89' lang='lat' dir='ltr'>sancti</span> <span class='ocrx_word' id='word_1_387' title='bbox 1485 262 1766 316; x_wconf 73' lang='lat' dir='ltr'>praecedentes</span> <span class='ocrx_word' id='word_1_388' title='bbox 1803 262 1956 304; x_wconf 85' lang='lat' dir='ltr'>Christi</span> <span class='ocrx_word' id='word_1_389' title='bbox 2000 264 2230 305; x_wconf 89' lang='lat' dir='ltr'>adventum</span> <span class='ocrx_word' id='word_1_390' title='bbox 2269 267 2283 288; x_wconf 75' lang='lat'><strong>⁸</strong></span> <span class='ocrx_word' id='word_1_391' title='bbox 2330 283 2337 308; x_wconf 91' lang='lat'><strong>:</strong></span> 
     </span>
     <span class='ocr_line' id='line_1_53' title="bbox 1323 334 2343 388; baseline 0.005 -15"><span class='ocrx_word' id='word_1_392' title='bbox 1323 350 1341 373; x_wconf 82' lang='lat'>(‹</span> <span class='ocrx_word' id='word_1_393' title='bbox 1363 334 1526 376; x_wconf 89' lang='lat' dir='ltr'>Suscita</span> <span class='ocrx_word' id='word_1_394' title='bbox 1546 334 1863 388; x_wconf 75' lang='lat' dir='ltr'>praedicationes</span> <span class='ocrx_word' id='word_1_395' title='bbox 1886 335 1950 387; x_wconf 79' lang='lat' dir='ltr'>(b),</span> <span class='ocrx_word' id='word_1_396' title='bbox 1973 347 2079 387; x_wconf 88' lang='lat' dir='ltr'>quas</span> <span class='ocrx_word' id='word_1_397' title='bbox 2095 335 2225 375; x_wconf 90' lang='lat' dir='ltr'>locuti</span> <span class='ocrx_word' id='word_1_398' title='bbox 2244 341 2343 378; x_wconf 90' lang='lat' dir='ltr'>sunt</span> 
     </span>
     <span class='ocr_line' id='line_1_54' title="bbox 1316 405 2339 458; baseline 0.002 -13"><span class='ocrx_word' id='word_1_399' title='bbox 1316 405 1360 445; x_wconf 90' lang='lat' dir='ltr'>in</span> <span class='ocrx_word' id='word_1_400' title='bbox 1380 406 1551 446; x_wconf 86' lang='lat' dir='ltr'>nomine</span> <span class='ocrx_word' id='word_1_401' title='bbox 1572 408 1645 446; x_wconf 90' lang='lat' dir='ltr'>tuo</span> <span class='ocrx_word' id='word_1_402' title='bbox 1666 405 1883 458; x_wconf 82' lang='lat' dir='ltr'>prophetae</span> <span class='ocrx_word' id='word_1_403' title='bbox 1903 405 2079 457; x_wconf 76' lang='lat' dir='ltr'>priores,</span> <span class='ocrx_word' id='word_1_404' title='bbox 2103 406 2161 446; x_wconf 89' lang='lat' dir='ltr'>Da</span> <span class='ocrx_word' id='word_1_405' title='bbox 2179 418 2339 448; x_wconf 90' lang='lat' dir='ltr'>mercc-</span> 
     </span>
     <span class='ocr_line' id='line_1_55' title="bbox 1316 475 2343 528; baseline 0.003 -12"><span class='ocrx_word' id='word_1_406' title='bbox 1316 476 1412 516; x_wconf 89' lang='lat' dir='ltr'>dem</span> <span class='ocrx_word' id='word_1_407' title='bbox 1431 476 1734 516; x_wconf 89' lang='lat' dir='ltr'>sustinentibus</span> <span class='ocrx_word' id='word_1_408' title='bbox 1750 478 1804 526; x_wconf 91' lang='lat' dir='ltr'>te,</span> <span class='ocrx_word' id='word_1_409' title='bbox 1824 479 1872 516; x_wconf 91' lang='lat' dir='ltr'>ut</span> <span class='ocrx_word' id='word_1_410' title='bbox 1886 475 2103 528; x_wconf 80' lang='lat' dir='ltr'>prophetae</span> <span class='ocrx_word' id='word_1_411' title='bbox 2118 476 2180 517; x_wconf 88' lang='lat' dir='ltr'>tui</span> <span class='ocrx_word' id='word_1_412' title='bbox 2199 477 2343 519; x_wconf 87' lang='lat' dir='ltr'>fideles</span> 
     </span>
     <span class='ocr_line' id='line_1_56' title="bbox 1315 546 2339 596; baseline 0.002 -11"><span class='ocrx_word' id='word_1_413' title='bbox 1315 546 1604 587; x_wconf 88' lang='lat' dir='ltr'>inveniantur.</span> <span class='ocrx_word' id='word_1_414' title='bbox 1639 561 1658 584; x_wconf 83' lang='grc'>))</span> <span class='ocrx_word' id='word_1_415' title='bbox 1699 546 1818 596; x_wconf 83' lang='lat' dir='ltr'>Quod</span> <span class='ocrx_word' id='word_1_416' title='bbox 1850 546 1978 587; x_wconf 88' lang='lat' dir='ltr'>etiam</span> <span class='ocrx_word' id='word_1_417' title='bbox 2009 547 2164 587; x_wconf 87' lang='lat' dir='ltr'>factum</span> <span class='ocrx_word' id='word_1_418' title='bbox 2194 550 2257 588; x_wconf 87' lang='lat' dir='ltr'>est</span> <span class='ocrx_word' id='word_1_419' title='bbox 2284 548 2297 569; x_wconf 83' lang='lat'>⁹</span> <span class='ocrx_word' id='word_1_420' title='bbox 2330 563 2339 589; x_wconf 73' lang='grc' dir='ltr'>ε</span> 
     </span>
     <span class='ocr_line' id='line_1_57' title="bbox 1322 616 2341 670; baseline 0.004 -15"><span class='ocrx_word' id='word_1_421' title='bbox 1322 617 1463 658; x_wconf 87' lang='lat' dir='ltr'>«Ecce</span> <span class='ocrx_word' id='word_1_422' title='bbox 1488 617 1753 658; x_wconf 85' lang='lat' dir='ltr'>ascendimus</span> <span class='ocrx_word' id='word_1_423' title='bbox 1781 616 2144 670; x_wconf 81' lang='lat' dir='ltr'>Hierosolymam,</span> <span class='ocrx_word' id='word_1_424' title='bbox 2175 621 2216 659; x_wconf 90' lang='lat' dir='ltr'>et</span> <span class='ocrx_word' id='word_1_425' title='bbox 2242 631 2341 659; x_wconf 92' lang='lat' dir='ltr'>con-</span> 
     </span>
     <span class='ocr_line' id='line_1_58' title="bbox 1316 687 2344 743; baseline 0.002 -14"><span class='ocrx_word' id='word_1_426' title='bbox 1316 688 1648 730; x_wconf 87' lang='lat' dir='ltr'>summabuntur</span> <span class='ocrx_word' id='word_1_427' title='bbox 1667 687 1833 737; x_wconf 86' lang='lat' dir='ltr'>omnia,</span> <span class='ocrx_word' id='word_1_428' title='bbox 1856 699 1954 739; x_wconf 80' lang='lat' dir='ltr'>quae</span> <span class='ocrx_word' id='word_1_429' title='bbox 1977 688 2130 741; x_wconf 90' lang='lat' dir='ltr'>scripta</span> <span class='ocrx_word' id='word_1_430' title='bbox 2152 693 2252 730; x_wconf 91' lang='lat' dir='ltr'>sunt</span> <span class='ocrx_word' id='word_1_431' title='bbox 2271 702 2344 743; x_wconf 89' lang='lat' dir='ltr'>per</span> 
     </span>
     <span class='ocr_line' id='line_1_59' title="bbox 1316 757 2344 812; baseline 0.003 -12"><span class='ocrx_word' id='word_1_432' title='bbox 1316 759 1548 812; x_wconf 87' lang='lat' dir='ltr'>prophetas</span> <span class='ocrx_word' id='word_1_433' title='bbox 1565 758 1616 798; x_wconf 89' lang='lat' dir='ltr'>de</span> <span class='ocrx_word' id='word_1_434' title='bbox 1636 757 1722 798; x_wconf 85' lang='lat' dir='ltr'>filio</span> <span class='ocrx_word' id='word_1_435' title='bbox 1751 757 1952 797; x_wconf 87' lang='lat' dir='ltr'>hominis.</span> <span class='ocrx_word' id='word_1_436' title='bbox 1975 772 1993 795; x_wconf 81' lang='grc'>1)</span> <span class='ocrx_word' id='word_1_437' title='bbox 2023 763 2052 783; x_wconf 83' lang='lat'>¹0</span> <span class='ocrx_word' id='word_1_438' title='bbox 2081 774 2100 797; x_wconf 88' lang='grc'>((</span> <span class='ocrx_word' id='word_1_439' title='bbox 2121 760 2226 809; x_wconf 78' lang='lat' dir='ltr'>Quia</span> <span class='ocrx_word' id='word_1_440' title='bbox 2258 773 2344 802; x_wconf 92' lang='lat' dir='ltr'>non</span> 
     </span>
     <span class='ocr_line' id='line_1_60' title="bbox 1316 827 2345 878; baseline 0.003 -8"><span class='ocrx_word' id='word_1_441' title='bbox 1316 830 1437 870; x_wconf 86' lang='lat' dir='ltr'>faciet</span> <span class='ocrx_word' id='word_1_442' title='bbox 1456 828 1661 870; x_wconf 86' lang='lat' dir='ltr'>Dominus</span> <span class='ocrx_word' id='word_1_443' title='bbox 1680 827 1788 869; x_wconf 90' lang='lat' dir='ltr'>Deus</span> <span class='ocrx_word' id='word_1_444' title='bbox 1809 828 1988 869; x_wconf 89' lang='lat' dir='ltr'>verbum</span> <span class='ocrx_word' id='word_1_445' title='bbox 2003 859 2015 878; x_wconf 88' lang='lat'><em>‚</em></span> <span class='ocrx_word' id='word_1_446' title='bbox 2036 829 2117 868; x_wconf 91' lang='lat' dir='ltr'>nisi</span> <span class='ocrx_word' id='word_1_447' title='bbox 2132 831 2345 873; x_wconf 90' lang='lat' dir='ltr'>revelave-</span> 
     </span>
     <span class='ocr_line' id='line_1_61' title="bbox 1316 898 2339 953; baseline -0.001 -13"><span class='ocrx_word' id='word_1_448' title='bbox 1316 900 1370 940; x_wconf 90' lang='lat' dir='ltr'>rit</span> <span class='ocrx_word' id='word_1_449' title='bbox 1384 902 1593 941; x_wconf 87' lang='lat' dir='ltr'>secretum</span> <span class='ocrx_word' id='word_1_450' title='bbox 1605 910 1731 939; x_wconf 89' lang='lat' dir='ltr'>suum</span> <span class='ocrx_word' id='word_1_451' title='bbox 1747 898 1799 939; x_wconf 88' lang='lat' dir='ltr'>ad</span> <span class='ocrx_word' id='word_1_452' title='bbox 1807 910 1951 940; x_wconf 87' lang='lat' dir='ltr'>servos</span> <span class='ocrx_word' id='word_1_453' title='bbox 1960 901 2306 953; x_wconf 80' lang='lat' dir='ltr'>suosprophetaS.</span> <span class='ocrx_word' id='word_1_454' title='bbox 2320 917 2339 939; x_wconf 89' lang='grc'>))</span> 
     </span>
     <span class='ocr_line' id='line_1_62' title="bbox 1317 970 2344 1025; baseline 0.001 -13"><span class='ocrx_word' id='word_1_455' title='bbox 1317 970 1528 1020; x_wconf 89' lang='lat' dir='ltr'>Secundo,</span> <span class='ocrx_word' id='word_1_456' title='bbox 1561 970 1785 1022; x_wconf 72' lang='lat' dir='ltr'>subjtingit</span> <span class='ocrx_word' id='word_1_457' title='bbox 1810 970 2066 1011; x_wconf 88' lang='lat' dir='ltr'>beneficium</span> <span class='ocrx_word' id='word_1_458' title='bbox 2101 972 2214 1024; x_wconf 88' lang='lat' dir='ltr'>quod</span> <span class='ocrx_word' id='word_1_459' title='bbox 2248 985 2344 1025; x_wconf 91' lang='lat' dir='ltr'>pro-</span> 
     </span>
     <span class='ocr_line' id='line_1_63' title="bbox 1315 1040 2343 1094; baseline 0.005 -13"><span class='ocrx_word' id='word_1_460' title='bbox 1315 1041 1454 1094; x_wconf 84' lang='lat' dir='ltr'>phetae</span> <span class='ocrx_word' id='word_1_461' title='bbox 1476 1040 1783 1093; x_wconf 82' lang='lat' dir='ltr'>promiserunt,</span> <span class='ocrx_word' id='word_1_462' title='bbox 1811 1052 1909 1080; x_wconf 89' lang='lat' dir='ltr'>cum</span> <span class='ocrx_word' id='word_1_463' title='bbox 1938 1040 2038 1081; x_wconf 88' lang='lat' dir='ltr'>dicit</span> <span class='ocrx_word' id='word_1_464' title='bbox 2059 1043 2114 1093; x_wconf 87' lang='lat' dir='ltr'>(v.</span> <span class='ocrx_word' id='word_1_465' title='bbox 2138 1043 2200 1094; x_wconf 82' lang='grc'>71)</span> <span class='ocrx_word' id='word_1_466' title='bbox 2227 1055 2236 1084; x_wconf 87' lang='lat'>:</span> <span class='ocrx_word' id='word_1_467' title='bbox 2259 1044 2343 1086; x_wconf 84' lang='lat' dir='ltr'>Sa-</span> 
     </span>
     <span class='ocr_line' id='line_1_64' title="bbox 1316 1111 2344 1167; baseline 0.001 -14"><span class='ocrx_word' id='word_1_468' title='bbox 1316 1112 1444 1154; x_wconf 76' lang='lat' dir='ltr'>lutem</span> <span class='ocrx_word' id='word_1_469' title='bbox 1471 1121 1526 1153; x_wconf 74' lang='lat' dir='ltr'>ex</span> <span class='ocrx_word' id='word_1_470' title='bbox 1556 1111 1749 1153; x_wconf 71' lang='lat' dir='ltr'>immicis</span> <span class='ocrx_word' id='word_1_471' title='bbox 1775 1112 1949 1153; x_wconf 74' lang='lat' dir='ltr'>nostris.</span> <span class='ocrx_word' id='word_1_472' title='bbox 1980 1111 2032 1152; x_wconf 91' lang='lat' dir='ltr'>Et</span> <span class='ocrx_word' id='word_1_473' title='bbox 2063 1112 2183 1154; x_wconf 85' lang='lat' dir='ltr'>debet</span> <span class='ocrx_word' id='word_1_474' title='bbox 2213 1115 2344 1167; x_wconf 86' lang='lat' dir='ltr'>repeti</span> 
     </span>
     <span class='ocr_line' id='line_1_65' title="bbox 1315 1181 2344 1232; baseline 0.002 -9"><span class='ocrx_word' id='word_1_475' title='bbox 1315 1183 1396 1223; x_wconf 84' lang='lat' dir='ltr'>hoc</span> <span class='ocrx_word' id='word_1_476' title='bbox 1416 1182 1596 1223; x_wconf 85' lang='lat' dir='ltr'>verbum</span> <span class='ocrx_word' id='word_1_477' title='bbox 1616 1183 1752 1232; x_wconf 72' lang='lat' dir='ltr'>Fecit,</span> <span class='ocrx_word' id='word_1_478' title='bbox 1775 1181 1843 1222; x_wconf 90' lang='lat' dir='ltr'>vel</span> <span class='ocrx_word' id='word_1_479' title='bbox 1863 1182 2026 1224; x_wconf 73' lang='lat' dir='ltr'>Erexit.</span> <span class='ocrx_word' id='word_1_480' title='bbox 2048 1182 2104 1223; x_wconf 90' lang='lat' dir='ltr'>De</span> <span class='ocrx_word' id='word_1_481' title='bbox 2128 1183 2207 1224; x_wconf 88' lang='grc'>1100</span> <span class='ocrx_word' id='word_1_482' title='bbox 2228 1185 2344 1225; x_wconf 90' lang='lat' dir='ltr'>enim</span> 
     </span>
     <span class='ocr_line' id='line_1_66' title="bbox 1314 1253 2342 1306; baseline 0.004 -13"><span class='ocrx_word' id='word_1_483' title='bbox 1314 1254 1443 1294; x_wconf 93' lang='lat' dir='ltr'>locuti</span> <span class='ocrx_word' id='word_1_484' title='bbox 1463 1256 1562 1293; x_wconf 89' lang='lat' dir='ltr'>sunt</span> <span class='ocrx_word' id='word_1_485' title='bbox 1580 1253 1797 1306; x_wconf 63' lang='lat' dir='ltr'>prophetae</span> <span class='ocrx_word' id='word_1_486' title='bbox 1820 1253 1846 1278; x_wconf 83' lang='lat'>¹¹</span> <span class='ocrx_word' id='word_1_487' title='bbox 1872 1264 1911 1292; x_wconf 74' lang='grc' dir='ltr'>τα</span> <span class='ocrx_word' id='word_1_488' title='bbox 1932 1253 1988 1293; x_wconf 92' lang='lat' dir='ltr'>De</span> <span class='ocrx_word' id='word_1_489' title='bbox 2006 1266 2090 1306; x_wconf 87' lang='lat' dir='ltr'>qua</span> <span class='ocrx_word' id='word_1_490' title='bbox 2109 1255 2244 1296; x_wconf 86' lang='lat' dir='ltr'>salute</span> <span class='ocrx_word' id='word_1_491' title='bbox 2267 1268 2342 1297; x_wconf 80' lang='lat' dir='ltr'>ex-</span> 
     </span>
     <span class='ocr_line' id='line_1_67' title="bbox 1316 1324 2342 1379; baseline 0.005 -16"><span class='ocrx_word' id='word_1_492' title='bbox 1316 1324 1554 1376; x_wconf 68' lang='lat' dir='ltr'>quisierunt</span> <span class='ocrx_word' id='word_1_493' title='bbox 1593 1327 1720 1376; x_wconf 84' lang='lat' dir='ltr'>atque</span> <span class='ocrx_word' id='word_1_494' title='bbox 1758 1324 1931 1363; x_wconf 86' lang='lat' dir='ltr'>scrutati</span> <span class='ocrx_word' id='word_1_495' title='bbox 1968 1327 2068 1365; x_wconf 88' lang='lat' dir='ltr'>sunt</span> <span class='ocrx_word' id='word_1_496' title='bbox 2101 1326 2342 1379; x_wconf 70' lang='lat' dir='ltr'>prophetae,</span> 
     </span>
     <span class='ocr_line' id='line_1_68' title="bbox 1316 1394 2342 1450; baseline 0.005 -16"><span class='ocrx_word' id='word_1_497' title='bbox 1316 1394 1392 1447; x_wconf 85' lang='lat' dir='ltr'>qui</span> <span class='ocrx_word' id='word_1_498' title='bbox 1423 1395 1472 1434; x_wconf 90' lang='lat' dir='ltr'>de</span> <span class='ocrx_word' id='word_1_499' title='bbox 1500 1395 1644 1434; x_wconf 90' lang='lat' dir='ltr'>futura</span> <span class='ocrx_word' id='word_1_500' title='bbox 1675 1395 1718 1434; x_wconf 90' lang='lat' dir='ltr'>in</span> <span class='ocrx_word' id='word_1_501' title='bbox 1750 1394 1870 1435; x_wconf 89' lang='lat' dir='ltr'>vobis</span> <span class='ocrx_word' id='word_1_502' title='bbox 1896 1395 2034 1446; x_wconf 88' lang='lat' dir='ltr'>gratia</span> <span class='ocrx_word' id='word_1_503' title='bbox 2063 1397 2342 1450; x_wconf 88' lang='lat' dir='ltr'>prophetave-</span> 
     </span>
     <span class='ocr_line' id='line_1_69' title="bbox 1316 1464 2346 1510; baseline 0.004 -4"><span class='ocrx_word' id='word_1_504' title='bbox 1316 1467 1432 1506; x_wconf 86' lang='lat' dir='ltr'>runt.</span> <span class='ocrx_word' id='word_1_505' title='bbox 1456 1479 1475 1502; x_wconf 87' lang='lat'>»</span> <span class='ocrx_word' id='word_1_506' title='bbox 1503 1464 1603 1505; x_wconf 86' lang='lat' dir='ltr'>Haec</span> <span class='ocrx_word' id='word_1_507' title='bbox 1622 1467 1763 1505; x_wconf 89' lang='lat' dir='ltr'>autem</span> <span class='ocrx_word' id='word_1_508' title='bbox 1795 1464 1908 1505; x_wconf 91' lang='lat' dir='ltr'>salus</span> <span class='ocrx_word' id='word_1_509' title='bbox 1938 1467 2000 1505; x_wconf 87' lang='grc'>051</span> <span class='ocrx_word' id='word_1_510' title='bbox 2023 1466 2069 1506; x_wconf 88' lang='grc'>10</span> <span class='ocrx_word' id='word_1_511' title='bbox 2098 1466 2346 1510; x_wconf 86' lang='lat' dir='ltr'>liberatione</span> 
     </span>
     <span class='ocr_line' id='line_1_70' title="bbox 1317 1538 2348 1595; baseline 0.006 -18"><span class='ocrx_word' id='word_1_512' title='bbox 1317 1538 1369 1578; x_wconf 88' lang='lat' dir='ltr'>ab</span> <span class='ocrx_word' id='word_1_513' title='bbox 1395 1538 1597 1588; x_wconf 90' lang='lat' dir='ltr'>inimicis;</span> <span class='ocrx_word' id='word_1_514' title='bbox 1623 1538 1665 1578; x_wconf 91' lang='lat' dir='ltr'>id</span> <span class='ocrx_word' id='word_1_515' title='bbox 1684 1540 1760 1587; x_wconf 86' lang='lat' dir='ltr'>est,</span> <span class='ocrx_word' id='word_1_516' title='bbox 1784 1550 1808 1578; x_wconf 90' lang='lat' dir='ltr'>a</span> <span class='ocrx_word' id='word_1_517' title='bbox 1827 1538 2140 1580; x_wconf 66' lang='grc'>11011001111111512</span> <span class='ocrx_word' id='word_1_518' title='bbox 2164 1555 2203 1581; x_wconf 79' lang='lat' dir='ltr'>t«</span> <span class='ocrx_word' id='word_1_519' title='bbox 2222 1541 2348 1595; x_wconf 88' lang='lat' dir='ltr'>Eripe</span> 
     </span>
     <span class='ocr_line' id='line_1_71' title="bbox 1316 1602 2346 1662; baseline 0.006 -14"><span class='ocrx_word' id='word_1_520' title='bbox 1316 1602 1385 1649; x_wconf 80' lang='lat' dir='ltr'>me</span> <span class='ocrx_word' id='word_1_521' title='bbox 1405 1609 1455 1649; x_wconf 86' lang='lat' dir='ltr'>de</span> <span class='ocrx_word' id='word_1_522' title='bbox 1476 1609 1659 1649; x_wconf 87' lang='lat' dir='ltr'>inimicis</span> <span class='ocrx_word' id='word_1_523' title='bbox 1687 1609 1814 1659; x_wconf 82' lang='lat' dir='ltr'>meis,</span> <span class='ocrx_word' id='word_1_524' title='bbox 1843 1609 1953 1651; x_wconf 92' lang='lat' dir='ltr'>Deus</span> <span class='ocrx_word' id='word_1_525' title='bbox 1974 1622 2121 1662; x_wconf 83' lang='lat' dir='ltr'>meuS,</span> <span class='ocrx_word' id='word_1_526' title='bbox 2149 1614 2189 1653; x_wconf 89' lang='lat' dir='ltr'>et</span> <span class='ocrx_word' id='word_1_527' title='bbox 2208 1613 2260 1654; x_wconf 91' lang='lat' dir='ltr'>ab</span> <span class='ocrx_word' id='word_1_528' title='bbox 2281 1614 2346 1654; x_wconf 89' lang='lat' dir='ltr'>in-</span> 
     </span>
     <span class='ocr_line' id='line_1_72' title="bbox 1316 1681 2347 1733; baseline 0.005 -12"><span class='ocrx_word' id='word_1_529' title='bbox 1316 1681 1591 1733; x_wconf 80' lang='lat' dir='ltr'>surgentibus</span> <span class='ocrx_word' id='word_1_530' title='bbox 1610 1681 1655 1721; x_wconf 90' lang='lat' dir='ltr'>in</span> <span class='ocrx_word' id='word_1_531' title='bbox 1675 1693 1743 1722; x_wconf 89' lang='lat' dir='ltr'>me</span> <span class='ocrx_word' id='word_1_532' title='bbox 1762 1681 1895 1722; x_wconf 89' lang='lat' dir='ltr'>libera</span> <span class='ocrx_word' id='word_1_533' title='bbox 1916 1693 1999 1723; x_wconf 89' lang='lat' dir='ltr'>me.</span> <span class='ocrx_word' id='word_1_534' title='bbox 2021 1697 2039 1720; x_wconf 91' lang='grc'>))</span> <span class='ocrx_word' id='word_1_535' title='bbox 2069 1682 2123 1723; x_wconf 89' lang='grc' dir='ltr'>Ε1</span> <span class='ocrx_word' id='word_1_536' title='bbox 2148 1683 2175 1708; x_wconf 76' lang='lat'>²³</span> <span class='ocrx_word' id='word_1_537' title='bbox 2191 1699 2231 1725; x_wconf 87' lang='grc'>;((</span> <span class='ocrx_word' id='word_1_538' title='bbox 2250 1685 2347 1726; x_wconf 91' lang='lat' dir='ltr'>Eri-</span> 
     </span>
     <span class='ocr_line' id='line_1_73' title="bbox 1315 1753 2346 1806; baseline 0.003 -12"><span class='ocrx_word' id='word_1_539' title='bbox 1315 1753 1407 1806; x_wconf 92' lang='lat' dir='ltr'>puit</span> <span class='ocrx_word' id='word_1_540' title='bbox 1426 1765 1501 1794; x_wconf 89' lang='lat' dir='ltr'>nos</span> <span class='ocrx_word' id='word_1_541' title='bbox 1522 1754 1572 1794; x_wconf 88' lang='lat' dir='ltr'>de</span> <span class='ocrx_word' id='word_1_542' title='bbox 1592 1756 1796 1806; x_wconf 87' lang='lat' dir='ltr'>potestate</span> <span class='ocrx_word' id='word_1_543' title='bbox 1822 1754 2117 1804; x_wconf 85' lang='lat' dir='ltr'>tenebrarum,</span> <span class='ocrx_word' id='word_1_544' title='bbox 2141 1758 2182 1796; x_wconf 90' lang='lat' dir='ltr'>et</span> <span class='ocrx_word' id='word_1_545' title='bbox 2207 1758 2346 1797; x_wconf 89' lang='lat' dir='ltr'>trans-</span> 
     </span>
     <span class='ocr_line' id='line_1_74' title="bbox 1315 1824 2345 1881; baseline 0.005 -17"><span class='ocrx_word' id='word_1_546' title='bbox 1315 1824 1412 1864; x_wconf 90' lang='lat' dir='ltr'>tulit</span> <span class='ocrx_word' id='word_1_547' title='bbox 1431 1825 1475 1864; x_wconf 85' lang='grc'>10</span> <span class='ocrx_word' id='word_1_548' title='bbox 1497 1836 1683 1876; x_wconf 89' lang='lat' dir='ltr'>regnum</span> <span class='ocrx_word' id='word_1_549' title='bbox 1704 1824 1779 1864; x_wconf 84' lang='lat' dir='ltr'>filii</span> <span class='ocrx_word' id='word_1_550' title='bbox 1800 1824 2031 1866; x_wconf 90' lang='lat' dir='ltr'>dilectionis</span> <span class='ocrx_word' id='word_1_551' title='bbox 2051 1838 2160 1877; x_wconf 74' lang='lat' dir='ltr'>suae,</span> <span class='ocrx_word' id='word_1_552' title='bbox 2191 1827 2237 1868; x_wconf 92' lang='lat' dir='ltr'>in</span> <span class='ocrx_word' id='word_1_553' title='bbox 2261 1841 2345 1881; x_wconf 86' lang='lat' dir='ltr'>quo</span> 
     </span>
     <span class='ocr_line' id='line_1_75' title="bbox 1316 1895 2348 1952; baseline 0.005 -17"><span class='ocrx_word' id='word_1_554' title='bbox 1316 1895 1525 1935; x_wconf 86' lang='lat' dir='ltr'>habemus</span> <span class='ocrx_word' id='word_1_555' title='bbox 1543 1895 1876 1948; x_wconf 83' lang='lat' dir='ltr'>redemptionem</span> <span class='ocrx_word' id='word_1_556' title='bbox 1894 1898 1934 1936; x_wconf 88' lang='lat' dir='ltr'>et</span> <span class='ocrx_word' id='word_1_557' title='bbox 1948 1896 2240 1938; x_wconf 86' lang='lat' dir='ltr'>remissionem</span> <span class='ocrx_word' id='word_1_558' title='bbox 2254 1911 2348 1952; x_wconf 93' lang='lat' dir='ltr'>pec-</span> 
     </span>
     <span class='ocr_line' id='line_1_76' title="bbox 1316 1966 2348 2022; baseline 0.005 -16"><span class='ocrx_word' id='word_1_559' title='bbox 1316 1968 1523 2006; x_wconf 85' lang='lat' dir='ltr'>catorum.</span> <span class='ocrx_word' id='word_1_560' title='bbox 1547 1980 1565 2004; x_wconf 87' lang='grc'>))</span> <span class='ocrx_word' id='word_1_561' title='bbox 1589 1966 1639 2006; x_wconf 84' lang='grc' dir='ltr'>Ε1</span> <span class='ocrx_word' id='word_1_562' title='bbox 1658 1966 1800 2007; x_wconf 80' lang='lat' dir='ltr'>subdit</span> <span class='ocrx_word' id='word_1_563' title='bbox 1816 1967 1939 2008; x_wconf 87' lang='lat' dir='ltr'>tertio</span> <span class='ocrx_word' id='word_1_564' title='bbox 1959 1968 2154 2008; x_wconf 87' lang='lat' dir='ltr'>beneficii</span> <span class='ocrx_word' id='word_1_565' title='bbox 2169 1970 2348 2022; x_wconf 88' lang='lat' dir='ltr'>comple—</span> 
     </span>
     <span class='ocr_line' id='line_1_77' title="bbox 1315 2036 2344 2092; baseline 0.005 -15"><span class='ocrx_word' id='word_1_566' title='bbox 1315 2039 1531 2087; x_wconf 89' lang='lat' dir='ltr'>mentum,</span> <span class='ocrx_word' id='word_1_567' title='bbox 1555 2049 1652 2077; x_wconf 88' lang='lat' dir='ltr'>cum</span> <span class='ocrx_word' id='word_1_568' title='bbox 1675 2036 1776 2078; x_wconf 90' lang='lat' dir='ltr'>dicit</span> <span class='ocrx_word' id='word_1_569' title='bbox 1799 2051 1807 2078; x_wconf 95' lang='lat'>:</span> <span class='ocrx_word' id='word_1_570' title='bbox 1830 2037 1886 2080; x_wconf 76' lang='lat' dir='ltr'>Ec</span> <span class='ocrx_word' id='word_1_571' title='bbox 1913 2037 1964 2079; x_wconf 80' lang='lat' dir='ltr'>de</span> <span class='ocrx_word' id='word_1_572' title='bbox 1983 2049 2114 2080; x_wconf 80' lang='lat' dir='ltr'>manu</span> <span class='ocrx_word' id='word_1_573' title='bbox 2134 2041 2344 2092; x_wconf 70' lang='lat' dir='ltr'>omnium,</span> 
     </span>
     <span class='ocr_line' id='line_1_78' title="bbox 1316 2107 2343 2163; baseline 0.005 -16"><span class='ocrx_word' id='word_1_574' title='bbox 1316 2108 1392 2159; x_wconf 80' lang='lat' dir='ltr'>qui</span> <span class='ocrx_word' id='word_1_575' title='bbox 1411 2107 1591 2150; x_wconf 72' lang='lat' dir='ltr'>oderunt</span> <span class='ocrx_word' id='word_1_576' title='bbox 1610 2118 1686 2150; x_wconf 75' lang='lat' dir='ltr'>nos</span> <span class='ocrx_word' id='word_1_577' title='bbox 1698 2108 1769 2158; x_wconf 86' lang='lat' dir='ltr'>,id</span> <span class='ocrx_word' id='word_1_578' title='bbox 1789 2111 1864 2159; x_wconf 90' lang='lat' dir='ltr'>est,</span> <span class='ocrx_word' id='word_1_579' title='bbox 1885 2108 1936 2149; x_wconf 90' lang='lat' dir='ltr'>de</span> <span class='ocrx_word' id='word_1_580' title='bbox 1951 2121 2084 2150; x_wconf 88' lang='lat' dir='ltr'>manu</span> <span class='ocrx_word' id='word_1_581' title='bbox 2101 2110 2190 2151; x_wconf 86' lang='lat' dir='ltr'>sive</span> <span class='ocrx_word' id='word_1_582' title='bbox 2207 2114 2343 2163; x_wconf 85' lang='lat' dir='ltr'>potes-</span> 
     </span>
     <span class='ocr_line' id='line_1_79' title="bbox 1316 2179 2344 2232; baseline 0.004 -14"><span class='ocrx_word' id='word_1_583' title='bbox 1316 2181 1399 2219; x_wconf 83' lang='lat' dir='ltr'>tate</span> <span class='ocrx_word' id='word_1_584' title='bbox 1430 2179 1625 2219; x_wconf 89' lang='lat' dir='ltr'>omnium</span> <span class='ocrx_word' id='word_1_585' title='bbox 1657 2180 2032 2232; x_wconf 88' lang='lat' dir='ltr'>persequentium,</span> <span class='ocrx_word' id='word_1_586' title='bbox 2065 2180 2154 2221; x_wconf 89' lang='lat' dir='ltr'>sive</span> <span class='ocrx_word' id='word_1_587' title='bbox 2185 2181 2344 2222; x_wconf 68' lang='grc'>(100010-</span> 
     </span>
     <span class='ocr_line' id='line_1_80' title="bbox 1315 2249 2346 2300; baseline 0.003 -10"><span class='ocrx_word' id='word_1_588' title='bbox 1315 2262 1420 2290; x_wconf 89' lang='lat' dir='ltr'>num</span> <span class='ocrx_word' id='word_1_589' title='bbox 1434 2282 1444 2300; x_wconf 88' lang='lat'>,</span> <span class='ocrx_word' id='word_1_590' title='bbox 1468 2250 1556 2291; x_wconf 90' lang='lat' dir='ltr'>sive</span> <span class='ocrx_word' id='word_1_591' title='bbox 1576 2249 1817 2290; x_wconf 89' lang='lat' dir='ltr'>hominum.</span> <span class='ocrx_word' id='word_1_592' title='bbox 1833 2251 1860 2275; x_wconf 75' lang='lat'>¹¹⁴</span> <span class='ocrx_word' id='word_1_593' title='bbox 1885 2265 1904 2289; x_wconf 80' lang='lat'>&lt;‹</span> <span class='ocrx_word' id='word_1_594' title='bbox 1925 2250 2175 2292; x_wconf 88' lang='lat' dir='ltr'>Clamabunt</span> <span class='ocrx_word' id='word_1_595' title='bbox 2195 2252 2247 2292; x_wconf 89' lang='lat' dir='ltr'>ad</span> <span class='ocrx_word' id='word_1_596' title='bbox 2270 2252 2346 2293; x_wconf 92' lang='lat' dir='ltr'>Do-</span> 
     </span>
     <span class='ocr_line' id='line_1_81' title="bbox 1316 2320 2342 2372; baseline 0.005 -12"><span class='ocrx_word' id='word_1_597' title='bbox 1316 2320 1484 2360; x_wconf 88' lang='lat' dir='ltr'>minum</span> <span class='ocrx_word' id='word_1_598' title='bbox 1505 2333 1529 2360; x_wconf 91' lang='lat' dir='ltr'>a</span> <span class='ocrx_word' id='word_1_599' title='bbox 1547 2321 1650 2361; x_wconf 85' lang='lat' dir='ltr'>facie</span> <span class='ocrx_word' id='word_1_600' title='bbox 1669 2321 1933 2372; x_wconf 87' lang='lat' dir='ltr'>tribulantis,</span> <span class='ocrx_word' id='word_1_601' title='bbox 1959 2325 2000 2362; x_wconf 92' lang='lat' dir='ltr'>et</span> <span class='ocrx_word' id='word_1_602' title='bbox 2021 2323 2161 2363; x_wconf 88' lang='lat' dir='ltr'>mittet</span> <span class='ocrx_word' id='word_1_603' title='bbox 2181 2324 2241 2364; x_wconf 90' lang='lat' dir='ltr'>eis</span> <span class='ocrx_word' id='word_1_604' title='bbox 2260 2324 2342 2365; x_wconf 90' lang='lat' dir='ltr'>sal-</span> 
     </span>
     <span class='ocr_line' id='line_1_82' title="bbox 1315 2393 2339 2446; baseline 0.002 -15"><span class='ocrx_word' id='word_1_605' title='bbox 1315 2393 1505 2432; x_wconf 88' lang='lat' dir='ltr'>vatorem</span> <span class='ocrx_word' id='word_1_606' title='bbox 1521 2393 1561 2431; x_wconf 88' lang='lat' dir='ltr'>et</span> <span class='ocrx_word' id='word_1_607' title='bbox 1575 2394 1953 2443; x_wconf 81' lang='lat' dir='ltr'>propugnatorem,</span> <span class='ocrx_word' id='word_1_608' title='bbox 1971 2393 2044 2446; x_wconf 87' lang='lat' dir='ltr'>qui</span> <span class='ocrx_word' id='word_1_609' title='bbox 2058 2393 2207 2434; x_wconf 86' lang='lat' dir='ltr'>liberet</span> <span class='ocrx_word' id='word_1_610' title='bbox 2221 2406 2304 2435; x_wconf 89' lang='lat' dir='ltr'>eos.</span> <span class='ocrx_word' id='word_1_611' title='bbox 2320 2409 2339 2433; x_wconf 75' lang='grc' dir='ltr'>ι)</span> 
     </span>
     <span class='ocr_line' id='line_1_83' title="bbox 1313 2461 2341 2525; baseline 0.003 -22"><span class='ocrx_word' id='word_1_612' title='bbox 1313 2461 1390 2504; x_wconf 81' lang='lat' dir='ltr'>Job</span> <span class='ocrx_word' id='word_1_613' title='bbox 1412 2463 1439 2487; x_wconf 70' lang='lat'>¹5</span> <span class='ocrx_word' id='word_1_614' title='bbox 1460 2474 1474 2503; x_wconf 93' lang='lat'><em>:</em></span> <span class='ocrx_word' id='word_1_615' title='bbox 1493 2477 1511 2501; x_wconf 85' lang='grc'>((</span> <span class='ocrx_word' id='word_1_616' title='bbox 1533 2462 1711 2515; x_wconf 88' lang='lat' dir='ltr'>Dissipat</span> <span class='ocrx_word' id='word_1_617' title='bbox 1729 2463 2009 2514; x_wconf 89' lang='lat' dir='ltr'>cogitationes</span> <span class='ocrx_word' id='word_1_618' title='bbox 2029 2464 2341 2525; x_wconf 82' lang='lat' dir='ltr'>malignorum,</span> 
     </span>
     <span class='ocr_line' id='line_1_84' title="bbox 1314 2534 2342 2589; baseline 0.004 -15"><span class='ocrx_word' id='word_1_619' title='bbox 1314 2546 1367 2574; x_wconf 91' lang='lat' dir='ltr'>ne</span> <span class='ocrx_word' id='word_1_620' title='bbox 1387 2534 1547 2587; x_wconf 89' lang='lat' dir='ltr'>possint</span> <span class='ocrx_word' id='word_1_621' title='bbox 1562 2534 1742 2586; x_wconf 85' lang='lat' dir='ltr'>implere</span> <span class='ocrx_word' id='word_1_622' title='bbox 1770 2547 1922 2576; x_wconf 91' lang='lat' dir='ltr'>manus</span> <span class='ocrx_word' id='word_1_623' title='bbox 1953 2548 2104 2576; x_wconf 88' lang='lat' dir='ltr'>eorum</span> <span class='ocrx_word' id='word_1_624' title='bbox 2132 2537 2245 2589; x_wconf 89' lang='lat' dir='ltr'>quod</span> <span class='ocrx_word' id='word_1_625' title='bbox 2263 2549 2342 2578; x_wconf 69' lang='grc'>000-</span> 
     </span>
     <span class='ocr_line' id='line_1_85' title="bbox 1314 2604 2346 2658; baseline 0.004 -13"><span class='ocrx_word' id='word_1_626' title='bbox 1314 2607 1480 2658; x_wconf 89' lang='lat' dir='ltr'>perant.</span> <span class='ocrx_word' id='word_1_627' title='bbox 1505 2619 1523 2642; x_wconf 89' lang='grc'>))</span> <span class='ocrx_word' id='word_1_628' title='bbox 1561 2604 1612 2645; x_wconf 86' lang='grc' dir='ltr'>Ε1</span> <span class='ocrx_word' id='word_1_629' title='bbox 1640 2605 1691 2646; x_wconf 92' lang='lat' dir='ltr'>de</span> <span class='ocrx_word' id='word_1_630' title='bbox 1722 2607 1837 2646; x_wconf 89' lang='lat' dir='ltr'>tanto</span> <span class='ocrx_word' id='word_1_631' title='bbox 1868 2607 2075 2647; x_wconf 86' lang='lat' dir='ltr'>beneficio</span> <span class='ocrx_word' id='word_1_632' title='bbox 2110 2607 2346 2649; x_wconf 87' lang='lat' dir='ltr'>laudandus</span> 
     </span>
     <span class='ocr_line' id='line_1_86' title="bbox 1315 2675 2346 2732; baseline 0.004 -16"><span class='ocrx_word' id='word_1_633' title='bbox 1315 2678 1377 2717; x_wconf 89' lang='lat' dir='ltr'>est</span> <span class='ocrx_word' id='word_1_634' title='bbox 1396 2675 1600 2717; x_wconf 89' lang='lat' dir='ltr'>Dominus</span> <span class='ocrx_word' id='word_1_635' title='bbox 1626 2676 1735 2717; x_wconf 91' lang='lat' dir='ltr'>Deus</span> <span class='ocrx_word' id='word_1_636' title='bbox 1755 2677 1782 2699; x_wconf 75' lang='lat'>¹⁶</span> <span class='ocrx_word' id='word_1_637' title='bbox 1804 2692 1812 2717; x_wconf 90' lang='lat'>:</span> <span class='ocrx_word' id='word_1_638' title='bbox 1837 2692 1855 2715; x_wconf 86' lang='lat'>«</span> <span class='ocrx_word' id='word_1_639' title='bbox 1875 2677 1931 2718; x_wconf 92' lang='lat' dir='ltr'>De</span> <span class='ocrx_word' id='word_1_640' title='bbox 1961 2678 2128 2730; x_wconf 89' lang='lat' dir='ltr'>magnis</span> <span class='ocrx_word' id='word_1_641' title='bbox 2149 2679 2346 2732; x_wconf 89' lang='lat' dir='ltr'>periculis</span> 
     </span>
     <span class='ocr_line' id='line_1_87' title="bbox 1314 2747 2345 2802; baseline 0.003 -15"><span class='ocrx_word' id='word_1_642' title='bbox 1314 2760 1339 2788; x_wconf 89' lang='lat' dir='ltr'>a</span> <span class='ocrx_word' id='word_1_643' title='bbox 1370 2747 1454 2788; x_wconf 91' lang='lat' dir='ltr'>Deo</span> <span class='ocrx_word' id='word_1_644' title='bbox 1488 2747 1678 2799; x_wconf 89' lang='lat' dir='ltr'>liberati,</span> <span class='ocrx_word' id='word_1_645' title='bbox 1714 2749 1941 2800; x_wconf 82' lang='lat' dir='ltr'>magnifice</span> <span class='ocrx_word' id='word_1_646' title='bbox 1978 2749 2138 2801; x_wconf 83' lang='lat' dir='ltr'>gratias</span> <span class='ocrx_word' id='word_1_647' title='bbox 2170 2750 2345 2802; x_wconf 89' lang='lat' dir='ltr'>agimus</span> 
     </span>
     <span class='ocr_line' id='line_1_88' title="bbox 1313 2819 2345 2874; baseline 0.002 -14"><span class='ocrx_word' id='word_1_648' title='bbox 1313 2820 1407 2873; x_wconf 86' lang='lat' dir='ltr'>ipsi.</span> <span class='ocrx_word' id='word_1_649' title='bbox 1429 2834 1448 2858; x_wconf 77' lang='grc'>1)</span> <span class='ocrx_word' id='word_1_650' title='bbox 1473 2819 1521 2860; x_wconf 90' lang='lat' dir='ltr'>Et</span> <span class='ocrx_word' id='word_1_651' title='bbox 1542 2819 1738 2862; x_wconf 78' lang='lat' dir='ltr'>Psalmus</span> <span class='ocrx_word' id='word_1_652' title='bbox 1757 2822 1785 2846; x_wconf 85' lang='lat'>¹⁷</span> <span class='ocrx_word' id='word_1_653' title='bbox 1807 2833 1850 2861; x_wconf 89' lang='lat'>.·«</span> <span class='ocrx_word' id='word_1_654' title='bbox 1869 2820 2035 2874; x_wconf 85' lang='lat' dir='ltr'>Eripuit</span> <span class='ocrx_word' id='word_1_655' title='bbox 2055 2833 2124 2862; x_wconf 90' lang='lat' dir='ltr'>me</span> <span class='ocrx_word' id='word_1_656' title='bbox 2141 2821 2191 2862; x_wconf 91' lang='lat' dir='ltr'>de</span> <span class='ocrx_word' id='word_1_657' title='bbox 2208 2821 2345 2862; x_wconf 88' lang='lat' dir='ltr'>inimi-</span> 
     </span>
     <span class='ocr_line' id='line_1_89' title="bbox 1315 2891 2344 2946; baseline 0.002 -14"><span class='ocrx_word' id='word_1_658' title='bbox 1315 2891 1373 2932; x_wconf 88' lang='lat' dir='ltr'>cis</span> <span class='ocrx_word' id='word_1_659' title='bbox 1392 2892 1498 2933; x_wconf 89' lang='lat' dir='ltr'>meis</span> <span class='ocrx_word' id='word_1_660' title='bbox 1518 2892 1777 2941; x_wconf 83' lang='lat' dir='ltr'>fortissimis,</span> <span class='ocrx_word' id='word_1_661' title='bbox 1809 2895 1850 2933; x_wconf 89' lang='lat' dir='ltr'>et</span> <span class='ocrx_word' id='word_1_662' title='bbox 1879 2893 1930 2933; x_wconf 86' lang='lat' dir='ltr'>ab</span> <span class='ocrx_word' id='word_1_663' title='bbox 1962 2892 2030 2932; x_wconf 90' lang='lat' dir='ltr'>his</span> <span class='ocrx_word' id='word_1_664' title='bbox 2061 2893 2135 2946; x_wconf 84' lang='lat' dir='ltr'>qui</span> <span class='ocrx_word' id='word_1_665' title='bbox 2164 2893 2344 2934; x_wconf 85' lang='lat' dir='ltr'>oderunt</span> 
     </span>
     <span class='ocr_line' id='line_1_90' title="bbox 1314 2962 2343 3017; baseline 0.001 -13"><span class='ocrx_word' id='word_1_666' title='bbox 1314 2975 1398 3004; x_wconf 90' lang='lat' dir='ltr'>me.</span> <span class='ocrx_word' id='word_1_667' title='bbox 1416 2978 1435 3000; x_wconf 88' lang='lat'>»</span> <span class='ocrx_word' id='word_1_668' title='bbox 1453 2962 1503 3005; x_wconf 91' lang='lat' dir='ltr'>Et</span> <span class='ocrx_word' id='word_1_669' title='bbox 1516 2963 1709 3006; x_wconf 78' lang='lat' dir='ltr'>Psalmus</span> <span class='ocrx_word' id='word_1_670' title='bbox 1723 2963 1751 2984; x_wconf 78' lang='lat'>¹⁸</span> <span class='ocrx_word' id='word_1_671' title='bbox 1766 2977 1808 3005; x_wconf 83' lang='lat'><strong>.·&lt;‹</strong></span> <span class='ocrx_word' id='word_1_672' title='bbox 1821 2963 1988 3017; x_wconf 88' lang='lat' dir='ltr'>Eripuit</span> <span class='ocrx_word' id='word_1_673' title='bbox 2000 2963 2189 3004; x_wconf 88' lang='lat' dir='ltr'>animam</span> <span class='ocrx_word' id='word_1_674' title='bbox 2203 2976 2343 3006; x_wconf 86' lang='lat' dir='ltr'>meam</span> 
     </span>
     <span class='ocr_line' id='line_1_91' title="bbox 1314 3035 2342 3089; baseline 0 -13"><span class='ocrx_word' id='word_1_675' title='bbox 1314 3035 1365 3076; x_wconf 92' lang='lat' dir='ltr'>de</span> <span class='ocrx_word' id='word_1_676' title='bbox 1397 3038 1552 3086; x_wconf 84' lang='lat' dir='ltr'>morte,</span> <span class='ocrx_word' id='word_1_677' title='bbox 1589 3035 1734 3077; x_wconf 90' lang='lat' dir='ltr'>oculos</span> <span class='ocrx_word' id='word_1_678' title='bbox 1766 3047 1881 3076; x_wconf 90' lang='lat' dir='ltr'>meos</span> <span class='ocrx_word' id='word_1_679' title='bbox 1908 3048 1934 3077; x_wconf 90' lang='lat' dir='ltr'>a</span> <span class='ocrx_word' id='word_1_680' title='bbox 1963 3035 2183 3089; x_wconf 89' lang='lat' dir='ltr'>lacrymis,</span> <span class='ocrx_word' id='word_1_681' title='bbox 2216 3036 2342 3089; x_wconf 88' lang='lat' dir='ltr'>pedes</span> 
     </span>
     <span class='ocr_line' id='line_1_92' title="bbox 1313 3106 1673 3159; baseline -0.008 -12"><span class='ocrx_word' id='word_1_682' title='bbox 1313 3118 1431 3147; x_wconf 86' lang='lat' dir='ltr'>meos</span> <span class='ocrx_word' id='word_1_683' title='bbox 1449 3119 1474 3147; x_wconf 88' lang='lat' dir='ltr'>a</span> <span class='ocrx_word' id='word_1_684' title='bbox 1492 3106 1629 3159; x_wconf 89' lang='lat' dir='ltr'>lapsu.</span> <span class='ocrx_word' id='word_1_685' title='bbox 1654 3121 1673 3144; x_wconf 71' lang='lat' dir='ltr'>n</span> 
     </span>
    </p>
   </div>
   <div class='ocr_carea' id='block_1_7' title="bbox 1313 3236 2339 3372">
    <p class='ocr_par' dir='ltr' id='par_1_9' title="bbox 1313 3236 2339 3372">
     <span class='ocr_line' id='line_1_93' title="bbox 1313 3236 2339 3279; baseline 0.003 -11"><span class='ocrx_word' id='word_1_686' title='bbox 1313 3255 1354 3261; x_wconf 97' lang='lat'>—</span> <span class='ocrx_word' id='word_1_687' title='bbox 1370 3238 1392 3256; x_wconf 83' lang='lat'>¹¹</span> <span class='ocrx_word' id='word_1_688' title='bbox 1411 3238 1420 3268; x_wconf 88' lang='lat' dir='ltr'>l</span> <span class='ocrx_word' id='word_1_689' title='bbox 1437 3238 1542 3276; x_wconf 65' lang='lat' dir='ltr'>Petr„</span> <span class='ocrx_word' id='word_1_690' title='bbox 1563 3246 1586 3278; x_wconf 89' lang='lat'>1,</span> <span class='ocrx_word' id='word_1_691' title='bbox 1605 3239 1655 3270; x_wconf 79' lang='lat'>10.</span> <span class='ocrx_word' id='word_1_692' title='bbox 1673 3254 1714 3260; x_wconf 90' lang='lat'>—</span> <span class='ocrx_word' id='word_1_693' title='bbox 1730 3237 1752 3255; x_wconf 85' lang='lat'>¹²</span> <span class='ocrx_word' id='word_1_694' title='bbox 1771 3236 1861 3269; x_wconf 76' lang='lat' dir='ltr'>Psal.</span> <span class='ocrx_word' id='word_1_695' title='bbox 1880 3244 1979 3278; x_wconf 88' lang='lat' dir='ltr'>Lv111,</span> <span class='ocrx_word' id='word_1_696' title='bbox 2000 3239 2031 3269; x_wconf 76' lang='lat'>2.</span> <span class='ocrx_word' id='word_1_697' title='bbox 2053 3255 2094 3261; x_wconf 95' lang='lat'>—</span> <span class='ocrx_word' id='word_1_698' title='bbox 2114 3237 2139 3259; x_wconf 75' lang='lat'>¹3</span> <span class='ocrx_word' id='word_1_699' title='bbox 2160 3237 2296 3279; x_wconf 65' lang='lat' dir='ltr'>Cotoss„</span> <span class='ocrx_word' id='word_1_700' title='bbox 2314 3247 2339 3279; x_wconf 88' lang='lat'>1,</span> 
     </span>
     <span class='ocr_line' id='line_1_94' title="bbox 1316 3284 2339 3325; baseline 0 -9"><span class='ocrx_word' id='word_1_701' title='bbox 1316 3286 1366 3316; x_wconf 83' lang='lat'>13.</span> <span class='ocrx_word' id='word_1_702' title='bbox 1384 3303 1423 3308; x_wconf 92' lang='lat'><strong>—</strong></span> <span class='ocrx_word' id='word_1_703' title='bbox 1445 3285 1466 3303; x_wconf 70' lang='lat'>¹⁴</span> <span class='ocrx_word' id='word_1_704' title='bbox 1483 3285 1561 3323; x_wconf 59' lang='lat' dir='ltr'>Im„</span> <span class='ocrx_word' id='word_1_705' title='bbox 1582 3292 1659 3325; x_wconf 71' lang='grc' dir='ltr'>ΣΙΧ,</span> <span class='ocrx_word' id='word_1_706' title='bbox 1678 3286 1728 3316; x_wconf 81' lang='lat'>20.</span> <span class='ocrx_word' id='word_1_707' title='bbox 1751 3301 1787 3306; x_wconf 91' lang='lat'>—-</span> <span class='ocrx_word' id='word_1_708' title='bbox 1808 3285 1834 3307; x_wconf 73' lang='lat'>¹⁵</span> <span class='ocrx_word' id='word_1_709' title='bbox 1853 3284 1925 3324; x_wconf 84' lang='lat' dir='ltr'>Job,</span> <span class='ocrx_word' id='word_1_710' title='bbox 1943 3292 1976 3323; x_wconf 94' lang='lat' dir='ltr'>v,</span> <span class='ocrx_word' id='word_1_711' title='bbox 2001 3286 2051 3316; x_wconf 80' lang='lat'>12.</span> <span class='ocrx_word' id='word_1_712' title='bbox 2070 3301 2110 3307; x_wconf 94' lang='grc'>--</span> <span class='ocrx_word' id='word_1_713' title='bbox 2129 3285 2151 3303; x_wconf 73' lang='lat'>¹⁶</span> <span class='ocrx_word' id='word_1_714' title='bbox 2172 3285 2198 3315; x_wconf 91' lang='lat' dir='ltr'>ll</span> <span class='ocrx_word' id='word_1_715' title='bbox 2219 3284 2339 3325; x_wconf 61' lang='lat' dir='ltr'>Mach„</span> 
     </span>
     <span class='ocr_line' id='line_1_95' title="bbox 1315 3331 2186 3372; baseline -0.001 -9"><span class='ocrx_word' id='word_1_716' title='bbox 1315 3339 1339 3372; x_wconf 88' lang='lat'>1,</span> <span class='ocrx_word' id='word_1_717' title='bbox 1364 3335 1414 3364; x_wconf 86' lang='lat'>11.</span> <span class='ocrx_word' id='word_1_718' title='bbox 1436 3348 1476 3354; x_wconf 94' lang='lat'><strong>—</strong></span> <span class='ocrx_word' id='word_1_719' title='bbox 1496 3332 1521 3354; x_wconf 83' lang='lat'>¹⁷</span> <span class='ocrx_word' id='word_1_720' title='bbox 1540 3331 1628 3364; x_wconf 79' lang='lat' dir='ltr'>Psal.</span> <span class='ocrx_word' id='word_1_721' title='bbox 1651 3339 1735 3371; x_wconf 79' lang='lat' dir='ltr'>xvn,</span> <span class='ocrx_word' id='word_1_722' title='bbox 1758 3333 1807 3364; x_wconf 85' lang='lat'>18.</span> <span class='ocrx_word' id='word_1_723' title='bbox 1827 3349 1868 3354; x_wconf 89' lang='lat'><strong>—</strong></span> <span class='ocrx_word' id='word_1_724' title='bbox 1887 3331 1914 3353; x_wconf 78' lang='lat'>¹⁸</span> <span class='ocrx_word' id='word_1_725' title='bbox 1932 3332 2021 3363; x_wconf 79' lang='lat' dir='ltr'>Psal.</span> <span class='ocrx_word' id='word_1_726' title='bbox 2045 3339 2136 3370; x_wconf 71' lang='lat' dir='ltr'>cmv,</span> <span class='ocrx_word' id='word_1_727' title='bbox 2157 3333 2186 3362; x_wconf 87' lang='lat'>8.</span> 
     </span>
    </p>
   </div>
   <div class='ocr_carea' id='block_1_8' title="bbox 1358 3401 2338 3444">
    <p class='ocr_par' dir='ltr' id='par_1_10' title="bbox 1358 3401 2338 3444">
     <span class='ocr_line' id='line_1_96' title="bbox 1358 3401 2338 3444; baseline 0.001 -10"><span class='ocrx_word' id='word_1_728' title='bbox 1358 3404 1401 3444; x_wconf 83' lang='lat' dir='ltr'>(a)</span> <span class='ocrx_word' id='word_1_729' title='bbox 1427 3404 1507 3436; x_wconf 79' lang='lat' dir='ltr'>Caet.</span> <span class='ocrx_word' id='word_1_730' title='bbox 1531 3403 1612 3435; x_wconf 77' lang='lat' dir='ltr'>edit.</span> <span class='ocrx_word' id='word_1_731' title='bbox 1635 3402 1860 3444; x_wconf 82' lang='lat' dir='ltr'>refrigerium.</span> <span class='ocrx_word' id='word_1_732' title='bbox 1881 3421 1921 3428; x_wconf 93' lang='lat'><strong>—</strong></span> <span class='ocrx_word' id='word_1_733' title='bbox 1943 3402 1987 3444; x_wconf 85' lang='lat' dir='ltr'>(b)</span> <span class='ocrx_word' id='word_1_734' title='bbox 2011 3403 2090 3434; x_wconf 81' lang='lat' dir='ltr'>Item</span> <span class='ocrx_word' id='word_1_735' title='bbox 2112 3401 2338 3442; x_wconf 84' lang='lat' dir='ltr'>precationes.</span> 
     </span>
    </p>
   </div>
  </div>
 </body>
</html>
