2587 3845
315 124 368 160 90
917 105 1190 149 EXPOSITIO
1221 105 1272 146 IN
1301 103 1501 163 LIBRUM
1529 106 1841 149 SAPIENTIAE.

309 207 392 247 tius
409 204 617 246 infelicem
639 202 826 243 animam
841 197 1024 238 retinent
1037 195 1270 246 obligatam
1287 207 1295 232 ε
1314 207 1333 230 ))

312 278 359 318 in
379 277 453 318 via
471 274 648 324 erroris,
668 272 709 312 id
729 273 809 320 est,
839 265 1115 314 infidelitati5‚
1147 274 1243 315 quae
1262 274 1336 302 an-

309 347 583 390 tonomastice
615 344 767 385 dicitur
796 351 928 381 error.
964 338 1017 378 De
1042 337 1120 376 hac
1145 335 1214 375 via
1235 334 1339 374 dici-

309 423 380 460 tur
402 423 437 458 ¹:
467 433 485 455 a
505 417 577 458 Est
596 415 688 463 via,
711 423 807 465 quae
828 409 996 450 videtur
1024 405 1188 446 homiui
1205 407 1337 455 recta,

310 494 347 530 et
371 488 601 529 novissima
619 487 709 536 ejus
731 482 893 522 ducunt
911 478 962 518 ad
984 479 1178 517 mortem.
1204 490 1223 512 ›)
1240 475 1340 516 Deos

309 561 569 601 (estimantes
598 556 710 604 liceo,
747 562 840 604 (μαι)
871 551 919 591 in
951 546 1210 590 animalibus
1238 549 1341 588 sunt

309 638 569 682 supervacua
585 657 596 675 ,
644 624 685 664 id
724 624 785 662 est
830 619 1028 660 animalia
1069 616 1341 657 artificialiter

309 700 496 751 sculpta,
536 707 621 736 non
655 691 878 734 naturalia.
916 688 1163 730 Artisicialia
1196 689 1340 726 autem

308 767 509 809 animalia
526 766 725 806 dicuntur
742 770 1019 814 supervacua,
1037 758 1138 811 quia
1153 757 1336 807 inutilia;

305 837 516 878 naturalia
535 838 676 877 autem
699 833 842 874 onmia
864 832 1023 871 habent
1049 829 1236 881 aliquam
1255 827 1341 867 uti-

305 909 488 958 litatem,
520 910 568 948 ut
595 905 694 947 dicit
725 904 1005 945 Damascenus
1035 901 1066 940 ².
1099 900 1202 941 Deos
1224 900 1338 940 cesti·-

306 983 486 1030 mantes,
506 981 605 1019 etc.:
629 978 642 1000 ³
661 992 679 1015 «
701 976 974 1017 Mutaverunt
996 972 1179 1025 gloriam
1198 971 1337 1010 incor-

306 1051 519 1104 ruptibilis
553 1050 625 1090 Dei
644 1080 654 1097 ,
692 1048 736 1087 in
777 1044 1099 1086 similitudinem
1137 1041 1340 1093 imaginis

305 1121 588 1174 corruptibilis
619 1117 817 1160 hominis.
848 1131 866 1153 »
899 1115 1005 1155 Item
1028 1117 1068 1153 ὁε
1099 1127 1118 1150 ((
1146 1112 1337 1152 Mutave-

306 1194 406 1233 runt
439 1191 622 1242 gloriam
650 1200 771 1229 suam
794 1187 837 1226 in
869 1184 1192 1225 similitudinem
1216 1182 1340 1223 vituli

305 1260 565 1303 comedentis
595 1261 773 1300 foenum.
797 1272 815 1294 »
840 1256 969 1305 Nota,
993 1253 1107 1307 quod
1133 1264 1218 1292 non
1242 1252 1341 1292 dicit

305 1335 354 1375 in
373 1332 579 1380 vitulum,
602 1331 674 1371 sed
691 1326 1025 1371 similitudinem
1048 1323 1198 1372 vituli,
1227 1323 1340 1375 quod

305 1404 447 1444 minus
470 1406 551 1452 est,
581 1404 623 1443 et
642 1402 778 1454 pejuS,
812 1398 1005 1440 videlicet
1027 1397 1340 1438 insensatorum

305 1475 541 1526 infantium
569 1481 679 1514 more
707 1472 919 1519 viventes,
951 1466 1091 1519 quoad
1109 1467 1277 1518 peccata
1295 1464 1340 1504 in

306 1545 498 1585 moribus
521 1556 529 1583 ε
554 1544 566 1565 ⁵
593 1557 612 1581 α
633 1541 770 1582 Nolite
799 1538 920 1592 pueri
953 1537 1061 1578 effici
1086 1535 1292 1576 sensibus.
1314 1548 1334 1571 ›)

307 1616 410 1656 Item
427 1614 462 1655 ⁶:
491 1612 654 1662 «Quasi
682 1611 808 1652 modo
841 1608 975 1661 geniti
996 1607 1189 1656 infantes,
1211 1605 1339 1646 ratio-

304 1685 463 1726 nabiles
485 1685 560 1736 (α),
598 1698 616 1721 ι)
653 1695 738 1723 non
769 1679 986 1722 insensati.
1022 1678 1070 1719 In
1102 1677 1182 1717 hoc
1211 1688 1336 1727 vero,

304 1766 421 1796 more
459 1752 685 1793 infantium
701 1783 713 1803 ,
754 1752 1071 1792 insensatorum
1112 1749 1336 1797 vivebant,

303 1825 404 1878 quia
432 1824 644 1876 imagines
661 1826 709 1864 ut
736 1822 859 1875 pueri
877 1821 1105 1870 faciebant,
1129 1822 1169 1860 et
1188 1819 1339 1860 adora-

302 1899 419 1948 bant,
442 1897 549 1937 sicut
568 1895 718 1935 Ismael
737 1905 834 1935 cum
854 1892 969 1933 Isaac
987 1891 1147 1944 legitur
1168 1891 1333 1941 lusisse,

303 1979 403 2008 enm
429 1967 603 2008 adorare
633 1966 768 2006 luteas
793 1963 1006 2015 imagines
1042 1962 1256 2014 cogendo,
1290 1962 1339 2001 ut

305 2038 450 2079 dicunt
469 2037 653 2078 Hebraei.

358 2111 424 2149 25.
441 2109 616 2161 Propter
633 2107 707 2149 hoo
723 2109 925 2158 tanquam
943 2105 1089 2157 pueris
1107 2102 1339 2145 insensatis

298 2180 518 2232 judicium
537 2181 585 2221 in
605 2178 794 2220 derisum
808 2175 987 2224 dedisti,
1004 2174 1044 2215 id
1059 2176 1134 2225 est,
1151 2185 1336 2227 poenam,

304 2252 349 2291 in
369 2264 453 2304 qua
473 2250 788 2297 deridebantur,
809 2247 910 2300 quia
928 2257 1003 2299 per
1017 2256 1159 2296 ranas,
1177 2247 1216 2285 et
1230 2256 1339 2285 mus-

306 2334 397 2372 cas,
426 2324 466 2361 et
493 2318 742 2372 hujUsmodi
769 2317 934 2358 modica
954 2316 1154 2356 animalia
1175 2318 1213 2356 et
1234 2327 1338 2356 con-

305 2391 552 2445 temptibilia
580 2389 904 2441 affligebantur3
938 2399 1023 2427 non
1048 2398 1123 2439 per
1153 2388 1336 2439 majora,

304 2467 345 2504 et
359 2462 580 2510 nobiliora,
596 2464 643 2501 ut
658 2472 731 2513 per
749 2460 888 2500 leones
906 2461 946 2498 et
961 2469 1099 2507 urSOS,
1118 2460 1165 2497 ut
1180 2459 1292 2509 patet
1306 2457 1335 2498 ⁷.

359 2537 425 2574 26.
451 2533 537 2584 Qui
555 2536 698 2575 autem
718 2531 768 2573 in
792 2529 997 2572 ludibriis
1018 2531 1054 2570 et
1079 2529 1336 2580 increpatio-

306 2604 446 2654 nibus,
464 2604 506 2643 id
519 2605 594 2653 est,
608 2600 967 2653 increpationibus
986 2599 1167 2639 ludibrio
1188 2598 1335 2650 plenis,

306 2684 391 2716 non
418 2677 519 2715 sunt
546 2672 747 2721 correcti,
771 2670 928 2710 seilicet
955 2669 1006 2709 ab
1028 2668 1273 2709 infidelitate
1299 2670 1339 2708 et

307 2745 601 2798 perversitate,
633 2742 814 2794 diqnwn
833 2739 1051 2793 judicium
1072 2740 1153 2781 Dei
1175 2740 1340 2791 emperia·

306 2819 427 2866 sunt,
459 2814 614 2854 scilieet
639 2811 999 2853 condemnationis
1029 2812 1069 2851 et
1090 2810 1252 2850 mortis.
1275 2810 1339 2851 Ex

307 2886 387 2926 hoe
406 2884 573 2925 videtur
593 2882 793 2930 innuere,
827 2880 938 2934 quod
971 2881 1101 2933 aliqui
1119 2881 1234 2932 ,inter
1261 2881 1337 2921 ssa-

309 2955 421 3008 gella
439 2953 613 2995 correcti
630 2954 742 2994 sunt.
766 2949 884 2991 Unde
905 2953 944 2992 et
965 2951 1095 3003 aliqui
1121 2951 1340 3005 AEgyptio-

308 3037 406 3066 rum
430 3036 525 3065 cum
546 3022 743 3064 Israelitis
762 3022 958 3072 iverunt,
990 3024 1036 3061 ut
1065 3022 1277 3073 colligitur
1296 3023 1340 3063 in

311 3094 488 3138 Eoe0d0;
518 3095 559 3133 et
595 3091 837 3132 Gabaonitae
862 3090 1130 3131 confoederati
1167 3092 1213 3144 (b)
1242 3095 1342 3134 sunt

309 3177 407 3207 cum
423 3164 501 3215 eis,
524 3178 542 3201 ›>
570 3165 617 3203 ut
638 3164 750 3215 patet
769 3162 906 3204 Josue.
929 3161 980 3202 In
1001 3162 1059 3203 iis
1080 3163 1207 3213 enim,
1232 3165 1309 3204 etc.
1327 3178 1337 3214 ;

353 3249 360 3266 ¹
388 3248 497 3285 Pron„
527 3252 601 3285 XVI,
631 3245 681 3276 25.
704 3261 743 3266 —
774 3243 784 3261 ²
814 3244 982 3284 Damaso„
1015 3242 1052 3274 de
1078 3243 1157 3276 Fid.
1191 3245 1340 3286 Ortlzod„

309 3294 367 3326 lib.
399 3295 445 3333 ll,
470 3301 501 3323 c.
527 3300 562 3323 x.
588 3308 628 3314 --
653 3291 667 3312 3
686 3291 787 3330 Rom„
811 3298 842 3329 1,
870 3291 923 3322 23.
946 3307 980 3312 -
1011 3291 1020 3308 ⁴
1042 3290 1133 3324 Psal.
1155 3299 1209 3332 CV,
1230 3293 1281 3323 20.
1302 3311 1342 3316 -

311 3342 324 3363 ⁵
344 3342 353 3372 1
376 3340 468 3377 Cor„
496 3346 569 3378 X1v,
588 3340 639 3370 2ο.
662 3353 700 3360 -
725 3338 737 3355 ⁰
755 3338 767 3368 1
787 3338 890 3377 Peon,
911 3344 956 3377 11,
976 3339 1004 3368 1.
1027 3354 1067 3360 -
1088 3338 1098 3355 ⁷
1121 3337 1243 3372 Exod„
1263 3347 1338 3380 vni,

312 3389 343 3428 7,
363 3390 413 3427 21,
441 3389 505 3421 etc.
526 3403 568 3411 —
590 3386 600 3404 ³
622 3383 741 3423 Eccti„
766 3390 896 3424 xxxin,
918 3385 949 3414 5.
968 3401 1008 3407 —
1027 3384 1041 3406 ⁹
1059 3384 1191 3426 Bar-uc„
1213 3393 1269 3426 111,
1292 3389 1340 3418 19.

1412 196 1532 247 quasi
1563 196 1697 236 dicat:
1733 196 1782 236 Et
1814 194 1988 236 merito:
2022 196 2070 237 in
2095 195 2153 237 iis
2184 196 2322 243 enim,
2348 205 2441 247 quae

1411 267 1694 318 patiebantur,
1714 266 1868 306 scilicet
1894 266 1936 305 in
1956 266 2133 317 flagellis
2160 266 2335 315 divinis,
2354 277 2441 308 mo-

1412 335 1508 378 leste
1531 337 1732 387 serebant,
1755 335 2021 388 impatienter
2039 336 2259 388 portando,
2281 338 2330 378 in
2349 338 2443 388 qui-

1414 406 1488 449 bus
1515 410 1740 459 patientes,
1763 408 1805 447 id
1834 409 1895 447 est
1931 406 2209 456 sustinentes,
2244 408 2302 447 ita
2330 408 2443 460 quod

1414 478 1618 530 patientes
1636 479 1827 519 dicantur
1847 490 1871 516 a
1890 477 2103 529 passione,
2126 489 2209 517 non
2232 490 2256 517 a
2278 478 2440 529 patien-

1413 548 1496 598 tia;
1535 548 1903 601 indignabantur,
1941 546 2096 587 scilicet
2133 549 2444 589 murmurando

1413 623 1558 660 contra
1579 621 1724 661 Deum.
1739 624 1752 645 ⁸
1775 635 1794 658 (ι
1814 618 2052 660 Praecordia
2072 617 2190 667 fatui,
2212 618 2333 670 quasi
2353 621 2445 658 rota

1414 690 1536 730 carri.
1558 705 1576 728 ›)
1598 691 1675 731 Per
1696 690 1782 731 hoec
1801 694 1894 742 'quse
1918 688 2127 741 putabant
2153 686 2266 737 deos,
2290 688 2446 729 scilicet

1414 759 1539 799 bruta
1559 760 1780 809 animalia,
1810 761 1858 800 in
1888 759 2020 810 ipsis,
2051 758 2090 797 id
2115 759 2198 806 est,
2227 770 2302 810 per
2330 758 2443 810 ipsa,

1413 839 1508 870 cum
1537 831 1944 879 eoeterininarentm,
1975 829 2017 869 id
2049 830 2110 869 est
2139 828 2392 880 punirentur
2414 832 2443 868 ⁹:

1420 915 1438 938 «
1459 900 1739 941 Exterminati
1767 903 1887 951 sunt,
1907 903 1948 940 et
1967 900 2019 940 ad
2044 900 2201 940 inferos
2222 899 2447 939 descende-

1413 973 1527 1010 runt.
1554 971 1781 1014 »Videntes
1803 971 1955 1020 illum,
1984 970 2023 1010 id
2045 973 2126 1022 est,
2150 970 2306 1020 Deum,
2327 970 2447 1022 quasi

1413 1040 1598 1080 sensibili
1631 1041 1921 1093 experimento
1954 1041 2291 1092 perpendentes:
2327 1040 2372 1080 in
2404 1052 2448 1080 se

1413 1111 1527 1151 enim
1541 1111 1675 1152 videri
1689 1123 1774 1151 non
1790 1113 1926 1163 potest
1941 1111 1967 1132 ¹⁰
1984 1124 2023 1149 :«
2044 1110 2177 1150 Deum
2197 1122 2323 1150 nemo
2342 1110 2449 1151 vidit

1413 1193 1624 1234 unquam:
1650 1196 1668 1219 ))
1700 1192 1820 1233 quem
1849 1181 1971 1230 olim,
1993 1180 2149 1220 scilicet
2168 1180 2210 1219 in
2231 1181 2447 1233 prosperi-

1412 1254 1511 1302 tate,
1550 1252 1761 1304 neqabanc
1798 1264 1842 1292 se
1877 1263 2000 1292 nosse
2014 1283 2026 1301 ,
2068 1251 2303 1291 secundum
2344 1251 2448 1292 illud

1415 1322 1566 1364 Exodi
1582 1324 1606 1346 ¹¹
1626 1335 1666 1363 :«
1676 1322 1819 1363 Nescio
1833 1322 2078 1372 Dominum,
2095 1325 2134 1362 et
2147 1321 2273 1362 Israel
2287 1334 2373 1362 non
2387 1322 2449 1362 di-

1413 1393 1579 1433 mittam
1597 1407 1605 1432 :
1632 1408 1650 1431 »
1666 1393 1820 1435 Verum
1837 1394 1999 1443 Deum,
2021 1403 2104 1434 esse
2126 1393 2288 1445 supple,
2313 1403 2447 1446 aqno-

1413 1467 1583 1514 verunt,
1614 1464 1857 1504 credulitate
1886 1476 1972 1504 non
1998 1463 2260 1514 voluntaria,
2283 1463 2355 1504 sed
2376 1475 2449 1516 per

1412 1546 1559 1589 poenas
1588 1537 1773 1585 extorta3
1799 1534 1893 1574 talis
1913 1537 1975 1575 est
1998 1534 2101 1575 fides
2121 1534 2368 1574 daemonum
2386 1535 2415 1557 ¹²
2437 1549 2445 1574 :

1418 1623 1437 1646 c(
1456 1607 1676 1648 Daemones
1705 1606 1902 1655 eredunt,
1924 1619 1943 1642 ›)
1971 1607 2049 1646 etc.
2084 1605 2213 1645 Isaias
2237 1605 2263 1626 ¹³
2293 1619 2301 1645 :
2329 1620 2348 1643 (ι
2369 1604 2449 1646 Do-

1414 1678 1541 1728 mine,
1563 1677 1607 1717 in
1627 1676 1825 1728 angustia
1840 1675 2128 1727 requisierunt
2142 1677 2196 1716 te.
2220 1690 2238 1713 »
2257 1691 2276 1714 c(
2297 1675 2447 1716 Oculos

1413 1748 1544 1798 enim,
1566 1759 1672 1800 quos
1691 1746 1815 1799 culpa
1834 1745 2012 1796 claudit,
2036 1757 2161 1798 poena
2181 1746 2335 1799 aperit,
2361 1760 2380 1784 ›)
2397 1750 2446 1786 ut

1413 1818 1512 1859 dicit
1540 1817 1772 1870 Gregorius
1790 1816 1831 1857 ¹¹'.
1860 1816 2017 1857 Littera
2048 1817 2107 1857 sic
2132 1818 2413 1858 construenda
2436 1832 2444 1859 :

1420 1889 1641 1939 videntes,
1678 1887 1834 1928 scilicet
1872 1887 2063 1940 AEgyptii
2110 1891 2152 1928 et
2198 1888 2444 1939 Chananaei,

1413 1960 1554 2011 illum,
1583 1970 1702 2012 quem
1722 1959 1825 2001 olim
1844 1958 2056 2011 neqabant
2075 1969 2117 2000 se
2145 1969 2291 2010 nosse,
2318 1970 2451 2012 agyno-

1413 2035 1565 2074 verunt
1594 2041 1737 2073 verum
1767 2031 1917 2080 Deum,
1948 2040 2032 2071 esse
2068 2030 2232 2082 supple.
2256 2031 2447 2083 Agnove-

1413 2107 1531 2153 rant,
1553 2102 1752 2155 inquam,
1774 2111 1845 2153 per
1866 2101 1964 2151 liceo,
1986 2112 2083 2153 quce
2102 2101 2313 2153 putabant
2334 2102 2447 2153 deos,

1413 2174 1454 2214 id
1475 2176 1555 2224 est,
1578 2185 1652 2226 per
1672 2173 1797 2216 bruta
1816 2172 2017 2212 animalia
2036 2187 2044 2213 :
2073 2175 2113 2213 et
2134 2172 2214 2213 hoc
2233 2173 2332 2224 fuit,
2357 2184 2452 2215 cum

1413 2245 1803 2287 eoeterminarencur
1838 2244 1886 2284 in
1920 2244 2031 2295 ipsis
2045 2255 2061 2295 ,·
2097 2246 2268 2295 propter
2304 2244 2420 2295 quod
2432 2276 2444 2294 ‚

1414 2316 1590 2367 scilicet,
1612 2316 1718 2368 qnia
1737 2318 1997 2368 aqnoverunt
2025 2315 2176 2364 Deam,
2198 2326 2285 2354 non
2308 2317 2451 2355 tamen

1414 2389 1555 2441 ipsum
1588 2387 1959 2439 glorificaverunt,
1989 2384 2222 2425 secundum
2263 2384 2370 2425 illud
2391 2385 2448 2425 ²5:

1416 2473 1435 2498 a
1453 2458 1558 2508 Quia
1572 2458 1616 2510 (c)
1637 2469 1734 2497 cum
1755 2456 1885 2497 Deum
1899 2455 2217 2508 cognovissent,
2233 2467 2320 2495 non
2334 2455 2440 2496 sieut

1415 2529 1548 2569 Deum
1569 2527 1935 2580 glorificaverunt,
1957 2541 1976 2564 »
2003 2528 2081 2567 etc.
2105 2526 2233 2567 Finis
2254 2525 2452 2568 condem-

1413 2600 1604 2641 nationis
1622 2598 1813 2648 illorwn,
1837 2597 1880 2638 id
1900 2600 1982 2647 est,
2013 2596 2151 2636 finalis
2179 2608 2329 2637 eorum
2349 2608 2449 2637 con-

1414 2669 1639 2719 demnatio,
1656 2668 1706 2709 de
1721 2680 1804 2720 qua
1820 2668 1862 2706 in
1874 2666 2140 2716 Matthoeo(ct)
2156 2667 2183 2688 ¹⁶
2202 2680 2240 2706 z«
2253 2665 2453 2707 Discedite

1414 2751 1439 2780 a
1459 2751 1547 2788 me,
1567 2738 1797 2788 maledicti,
1819 2738 1864 2777 in
1881 2737 2028 2788 ignem
2047 2739 2272 2777 aeternum.
2299 2750 2318 2773 >)
2344 2736 2451 2777 Con-

1415 2809 1694 2851 demnationis
1708 2808 1879 2849 initium
1891 2810 1954 2849 est
1965 2808 2007 2847 in
2021 2807 2286 2860 separatione
2297 2807 2452 2848 animae

1415 2893 1440 2920 a
1461 2892 1653 2933 corpore3
1672 2879 1858 2920 medium
1877 2878 1921 2918 in
1943 2878 2134 2918 cruciatu
2156 2877 2313 2919 animae
2332 2889 2452 2930 sepa-

1415 2953 1544 3001 ratae3
1577 2950 1674 2990 finis
1708 2961 1810 2991 vero
1844 2950 1887 2989 in
1918 2948 2247 2999 resurrectione,
2281 2948 2453 3001 quando

1416 3020 1671 3062 cruciabitur
1703 3020 1747 3060 in
1778 3020 1944 3060 inferno
1973 3031 2072 3060 cum
2105 3020 2325 3071 resumpto
2359 3030 2453 3059 cor-

1417 3104 1532 3146 pore.
1554 3092 1676 3133 Finis
1691 3123 1701 3143 ,
1734 3092 1933 3144 inquam,
1954 3089 2327 3132 condemnationis
2358 3089 2453 3130 illo-

1423 3204 1461 3210 -
1483 3187 1506 3208 ¹⁰
1521 3186 1630 3226 Joan„
1653 3194 1678 3225 1,
1703 3187 1754 3217 18.
1771 3202 1810 3208 -
1837 3185 1858 3205 ¹¹
1878 3183 2002 3222 Exod„
2022 3190 2056 3222 v,
2077 3185 2110 3213 2.
2130 3199 2169 3204 —
2190 3182 2216 3203 ¹2
2235 3182 2319 3220 Jac„
2339 3190 2378 3222 11,
2402 3184 2453 3214 19.

1420 3251 1460 3257 —
1488 3233 1512 3254 ¹³
1538 3233 1614 3270 lsa„
1635 3239 1736 3272 xxvi,
1761 3234 1810 3263 16.
1834 3249 1874 3254 —
1902 3231 1926 3252 Ψ
1946 3231 2061 3271 Greg.,
2086 3228 2223 3269 Marah,
2247 3228 2306 3260 lib.
2333 3229 2452 3269 xxtll,

1420 3290 1450 3312 c.
1472 3288 1532 3312 v11.
1552 3295 1592 3303 -
1614 3279 1640 3301 ¹⁵
1660 3279 1804 3319 Itom.,1,
1826 3280 1876 3309 21.
1895 3294 1934 3301 -
1957 3277 1981 3297 ¹³
2002 3275 2140 3316 Mattlz„
2160 3283 2240 3316 xxv,
2261 3277 2312 3307 41.

1464 3338 1509 3379 (a)
1542 3338 1638 3378 Vulq.
1674 3336 1884 3369 rationabile.
1921 3353 1956 3358 —
1989 3335 2030 3376 (b)
2063 3334 2145 3367 Caet.
2175 3335 2256 3366 edit.
2281 3333 2454 3366 confoede-

1425 3387 1520 3419 ratae.
1535 3402 1574 3410 —
1596 3385 1634 3425 (c)
1650 3384 1706 3418 Al.
1729 3384 1803 3422 Qui.
1825 3401 1864 3408 —
1883 3382 1929 3424 (d)
1946 3382 2002 3416 Al.
2024 3382 2215 3415 Matthaeus.
2445 3407 2456 3413 -
