2634 3853
298 287 376 326 482

297 376 344 414 ut
357 374 625 416 adamantem
640 378 679 416 et
693 375 849 415 silicem
866 374 960 414 dedi
978 373 1124 413 faciem
1142 376 1275 413 tuam.
1295 387 1314 410 ›>

296 443 403 485 Vere
417 446 541 486 firma
557 449 643 486 erat
657 446 794 495 facies,
810 456 906 497 quae
920 456 1005 485 non
1019 444 1069 496 (a)
1084 444 1219 484 solum
1234 456 1320 483 non

297 516 420 568 fugit,
443 517 514 557 sed
540 517 666 556 etiam
695 516 745 555 ad
771 516 918 555 mortis
939 515 1213 567 opprobrium
1235 526 1320 554 non

296 599 498 627 concussa
511 586 692 635 accessit,
709 586 764 626 ita
778 586 891 638 quod
904 586 1122 638 oportebat
1135 598 1233 625 eum
1248 598 1321 637 per

295 661 451 698 terram
475 657 812 707 alienigenarum
844 657 1044 707 transire,
1070 658 1193 708 juxta
1215 657 1319 696 illud

295 728 407 781 quod
437 728 587 767 dicitur
616 728 725 767 infra
750 728 759 750 ¹
791 742 799 767 :
839 743 856 766 «
882 729 989 768 Dum
1020 727 1101 768 iret
1129 726 1248 767 Jesus
1274 726 1320 765 in

292 798 540 848 Jerusalem,
562 799 765 839 transibat
787 811 861 850 per
881 799 1063 839 mediam
1084 797 1319 838 Samariam

293 872 332 909 et
354 869 583 910 Galilaeam.
605 884 623 907 n
652 872 699 910 Et
719 870 777 911 ita
796 871 1014 922 oportebat
1034 881 1131 910 eum
1154 868 1317 908 mendi-

292 953 385 981 carc
406 941 542 981 aliena
569 941 769 994 hospitia,
789 942 914 993 juxta
940 941 1043 981 illud
1065 941 1081 964 ²
1104 954 1113 980 :
1143 955 1161 977 «
1182 939 1320 988 Quare

291 1012 413 1064 quasi
438 1012 612 1052 colonus
641 1024 684 1052 es
710 1012 879 1052 futurus
904 1011 949 1050 in
977 1013 1106 1060 terra,
1130 1012 1171 1050 et
1198 1009 1319 1062 quasi

294 1083 427 1123 viator
449 1083 663 1123 declinans
682 1082 733 1122 ad
757 1081 1043 1122 manendum?
1062 1095 1080 1118 »

346 1154 536 1194 Secundo
562 1153 815 1205 adjungitur
844 1151 1068 1192 auctoritas
1097 1149 1319 1202 discipulo-

291 1235 410 1274 rum,
433 1236 517 1276 qua
544 1223 779 1276 hospitium
808 1223 1101 1276 requirebant,
1134 1234 1232 1262 cum
1262 1221 1320 1261 ait

292 1303 354 1347 (v.
378 1296 449 1345 δῇ)
473 1309 481 1334 2
513 1297 572 1337 Et
592 1295 710 1337 misit
729 1296 904 1337 nuntias
933 1300 1028 1336 ame
1054 1296 1319 1345 conspectum

289 1378 428 1409 suum.
456 1367 579 1407 Decet
608 1367 721 1407 enim
754 1379 964 1419 magnum
994 1366 1216 1407 dominum
1248 1366 1320 1405 ha-

289 1438 389 1478 bere
409 1438 581 1478 nuntios
603 1449 900 1490 praecursores.
922 1437 1050 1477 Juxta
1074 1436 1186 1489 quod
1215 1435 1320 1475 dici-

290 1511 360 1549 tur
382 1508 395 1529 ³
418 1523 426 1549 z
454 1524 472 1547 (1
494 1508 596 1549 Ecce
620 1521 703 1560 ego
730 1509 852 1549 mitto
874 1508 1078 1560 angelum
1106 1519 1270 1556 meum,
1294 1520 1313 1543 ›)

290 1579 330 1620 id
352 1583 426 1631 est,
448 1580 666 1630 nuntium,
685 1595 703 1617 «
724 1579 797 1632 qui
815 1578 1071 1632 praeparabit
1087 1578 1202 1618 viam
1223 1579 1318 1617 ante

290 1651 440 1691 faciem
460 1663 645 1691 meam.»
666 1651 733 1692 Sic
749 1651 876 1691 etiam
895 1650 1080 1702 legimus
1095 1650 1145 1689 de
1162 1649 1289 1690 Jacob
1305 1652 1318 1673 Α

289 1722 401 1774 quod
425 1737 444 1759 «
464 1722 577 1762 misit
594 1722 767 1762 nuntios
787 1724 882 1762 ante
904 1734 961 1761 se.
983 1736 1001 1758 »
1028 1721 1079 1760 Et
1098 1720 1198 1773 quia
1217 1720 1318 1760 boni

288 1794 425 1834 nuntii
454 1793 631 1834 fideliter
657 1795 698 1833 et
716 1793 916 1834 velociter
937 1794 1212 1845 exequuntur
1233 1791 1317 1831 im-

288 1864 454 1917 perium
472 1864 648 1914 domini,
670 1864 763 1904 ideo
786 1864 953 1904 additur
975 1875 985 1902 2
1009 1864 1064 1905 Ec
1085 1867 1228 1904 euntes
1248 1863 1317 1904 in-

289 1939 509 1977 traveram
536 1937 585 1977 in
611 1937 827 1978 civitatem
850 1936 1251 1983 Samaritanorum,
1273 1937 1319 1976 ul

284 2010 491 2059 pararent
519 2006 600 2048 illi.
631 2006 884 2047 Samaritani
905 2006 970 2046 isti
993 2007 1165 2047 fuerunt
1184 2005 1319 2045 coloni

289 2079 414 2130 positi
433 2079 477 2118 in
498 2078 737 2119 civitatibus
758 2077 959 2118 Samariae
977 2090 1052 2130 pro
1072 2078 1170 2118 filiis
1191 2077 1319 2118 Israel

288 2148 333 2188 in
364 2148 558 2202 Assyrios
586 2148 820 2198 translatiS,
847 2148 955 2188 sicut
980 2149 1133 2189 dicitur
1165 2149 1177 2170 ⁵
1205 2149 1319 2201 quod

295 2234 314 2258 (‹
338 2231 415 2259 rex
445 2219 718 2276 Assyriorum
744 2218 922 2259 adduxit
952 2218 1002 2258 de
1030 2218 1245 2271 Babylone
1280 2220 1320 2258 et

289 2291 340 2331 de
369 2291 524 2340 Cutha,
551 2305 570 2328 ›)
595 2294 690 2341 etc.;
721 2290 911 2342 sequitur
941 2304 950 2330 ε
981 2289 1073 2330 «Et
1102 2289 1320 2330 collocavit

289 2373 359 2401 eos
385 2361 431 2400 in
459 2361 699 2402 civitatibus
724 2361 927 2401 Samariae
949 2372 1024 2413 pro
1051 2350 1147 2400 filiis
1165 2360 1316 2411 Israe13

288 2432 363 2484 qui
382 2433 658 2485 possederunt
678 2431 935 2482 Samariam,
958 2435 998 2473 et
1018 2432 1320 2473 habitaverunt

288 2503 334 2542 111
356 2503 534 2544 urbibus
554 2505 646 2556 ejus
665 2516 673 2542 :
696 2518 715 2540 ›)
741 2507 781 2543 et
801 2503 851 2544 de
876 2503 965 2543 istis
985 2502 1182 2542 subditur
1206 2505 1319 2554 post-

289 2574 463 2614 modum
503 2574 683 2625 ibidem,
718 2574 831 2626 quod
865 2589 884 2611 «
917 2573 1089 2614 fuerunt
1123 2573 1320 2614 timentes

289 2643 537 2695 Dominum,
573 2644 646 2684 sed
676 2644 955 2685 nihilominus
1000 2646 1040 2685 et
1080 2644 1201 2684 idolis
1231 2643 1320 2684 suis

290 2714 536 2755 servientes.
570 2729 589 2751 »
621 2714 669 2755 In
700 2715 859 2755 horum
888 2714 1101 2755 civitatem
1131 2714 1317 2755 intrave-

290 2786 391 2824 runt
409 2796 495 2824 non
515 2797 592 2825 sua
612 2785 844 2835 voluntate,
866 2797 966 2825 cum
986 2785 1150 2825 dicatur
1170 2785 1183 2806 ⁶
1204 2785 1320 2837 quod

299 2868 318 2891 «
335 2853 471 2895 Judaei
498 2867 586 2896 non
614 2858 845 2896 coutuntur
877 2855 1173 2905 Samaritanis3
1203 2870 1222 2893 »
1250 2856 1321 2896 sed

292 2924 361 2966 vel
395 2926 640 2967 necessitate
671 2926 901 2979 compulsi,
934 2939 1032 2979 quae
1064 2926 1205 2978 legem
1235 2939 1321 2967 non

292 2994 439 3046 habet,
479 2997 568 3036 sive
606 2996 656 3036 de
693 2997 892 3037 mandato
931 2997 1096 3037 Domini
1134 2997 1318 3049 speciali.

292 3064 398 3107 Nam
418 3066 464 3106 in
483 3067 684 3108 missione
697 3068 985 3121 apostolorum
1002 3069 1157 3109 dicitur
1170 3069 1183 3090 ⁷
1204 3083 1212 3110 :
1235 3085 1254 3107 «
1274 3068 1322 3109 In

295 3137 407 3177 viam
440 3138 634 3188 gentium
666 3150 720 3178 ne
753 3139 956 3190 abieritis,
988 3142 1029 3180 et
1058 3140 1104 3179 in
1132 3139 1321 3180 civitates

293 3207 656 3249 Samaritanorum
682 3221 734 3249 ne
759 3209 1032 3251 intraveritis.
1062 3224 1081 3248 ›>
1107 3210 1188 3251 Sed
1218 3211 1321 3251 illud

292 3276 446 3318 dicitur
482 3278 535 3318 ad
581 3279 898 3330 praedicandum
913 3312 924 3331 ,
963 3292 1049 3321 non
1086 3283 1228 3321 autem
1269 3281 1322 3321 ad

293 3347 527 3400 hospitium
554 3349 872 3401 requirendum.
900 3350 1007 3391 Nam
1034 3351 1084 3391 de
1112 3352 1194 3391 hac
1218 3351 1323 3392 civi-

337 3430 343 3447 ¹
366 3430 441 3471 1nf.‚
468 3439 558 3472 xvii,
586 3433 636 3463 11.
658 3447 699 3453 —
720 3431 731 3449 ²
757 3432 889 3472 Jerem„
911 3441 982 3473 xw,
1007 3434 1037 3465 8.
1059 3450 1099 3456 —
1124 3433 1137 3454 3
1163 3433 1322 3475 Malach.,

295 3480 398 3516 111,1.
416 3495 456 3501 —-
473 3479 483 3497 ⁴
507 3479 603 3516 Gen„
624 3486 743 3519 xxxn,
764 3482 794 3510 3.
815 3498 849 3502 —
871 3481 1059 3521 ⁵1VRey„
1081 3488 1171 3520 Xvu,
1197 3483 1250 3521 24,
1269 3484 1321 3512 41.

293 3539 335 3548 --
356 3524 368 3542 ὓ
385 3525 496 3564 Ιοαπ.,
520 3533 567 3565 lv,
593 3527 623 3558 9.
644 3542 685 3548 --
711 3526 721 3544 ⁷
743 3526 878 3567 Mutila„
901 3534 979 3566 x111,
1000 3528 1030 3558 5.
1051 3544 1092 3550 -—
1112 3527 1125 3548 ⁸
1143 3528 1252 3565 deam,
1273 3534 1322 3567 iv,

295 3572 327 3602 8.
343 3588 384 3594 —
401 3571 414 3593 ⁹
433 3572 511 3612 lnf.,
532 3579 573 3612 x,
594 3574 651 3612 36,
671 3573 723 3605 37.
743 3591 777 3595 —
801 3575 825 3595 ¹⁰
841 3575 949 3613 Jocm„
973 3582 999 3613 1,
1024 3577 1073 3605 11.
1093 3591 1134 3596 -—
1157 3575 1179 3595 ¹¹
1199 3574 1318 3613 dudm,

1030 283 1312 326 EVANGELII
1343 284 1525 325 SANCTI
1552 285 1703 327 LUCAE

1396 374 1481 414 tate
1507 373 1657 414 dicitur
1677 373 1690 395 ⁸
1711 375 1824 426 quod
1851 390 1870 413 α
1897 375 2089 429 discipuli
2118 379 2210 430 ejus
2237 377 2429 418 abierant

1395 443 1440 483 in
1467 445 1679 484 civitatem
1708 447 1754 484 ut
1780 445 1894 486 cibos
1924 449 2129 496 emerent3
2161 461 2179 485 1)
2205 451 2245 488 01
2274 448 2354 488 1100
2377 448 2428 489 (10

1396 515 1593 555 mandato
1626 516 1790 555 Domini
1821 516 2050 566 faciebant,
2079 517 2151 568 qui
2183 519 2428 559 ostendebat

1396 584 1562 624 nullum
1576 585 1795 626 hominem
1811 587 2183 635 contemnendum,
2200 588 2270 628 sed
2285 601 2429 641 quem-

1395 653 1496 694 libet
1527 656 1758 695 amanslum
1792 660 1837 696 ut
1871 657 2143 708 proximum,
2181 657 2287 697 sicut
2322 659 2428 699 infra

1396 724 1549 765 dicitur
1572 730 1585 749 ⁹
1612 726 1662 766 de
1690 726 1957 772 Samaritano
1984 727 2028 766 111
2060 726 2286 779 parabola,
2315 729 2427 779 quod

1402 796 1653 847 «proximus
1673 797 1753 836 suit
1771 797 1843 848 illi,
1866 797 1938 849 qui
1955 796 2101 837 incidit
2121 796 2164 836 in
2185 796 2382 837 latrones.
2404 812 2423 835 ›)

1449 864 1588 906 Tertio
1611 866 1865 918 adjungitur
1883 866 2174 907 inhumanitas
2195 866 2426 907 Samarita-

1395 948 1575 987 norum,
1611 950 1695 990 qua
1730 938 1963 991 hospitium
2001 938 2290 989 denegabant,
2327 950 2425 978 cum

1395 1007 1550 1048 dicitur
1584 1008 1646 1060 (v.
1682 1009 1752 1058 53)
1787 1023 1794 1048 :
1831 1009 1885 1051 Et
1914 1019 2000 1051 ηοη
2031 1012 2276 1060 receperant
2306 1019 2430 1061 01011,-

1395 1089 1493 1117 cum
1523 1080 1666 1119 tamen
1697 1080 1784 1131 ipse
1813 1084 1921 1120 esset
1950 1080 2154 1120 Dominus
2181 1092 2352 1131 eorum,
2382 1083 2430 1120 ut

1396 1148 1645 1200 impleretur
1678 1149 1781 1190 illud
1812 1149 1839 1171 ¹⁰
1868 1164 1876 1191 :
1912 1165 1931 1187 «
1952 1150 1997 1190 In
2020 1150 2192 1203 propria
2219 1150 2358 1200 venit,
2389 1153 2431 1191 et

1396 1219 1462 1259 sui
1491 1231 1591 1260 eum
1617 1233 1705 1261 non
1733 1223 1997 1273 receperunt.
2026 1235 2044 1259 1)
2071 1220 2229 1261 Similis
2262 1222 2341 1262 fuit
2370 1222 2430 1261 in-

1394 1289 1641 1331 humanitas
1674 1292 1976 1332 inhumanitati
2007 1292 2180 1332 illorum
2210 1292 2261 1332 de
2292 1291 2432 1332 Gabaa

1395 1362 1448 1402 ad
1467 1362 1673 1405 Levitam.
1694 1363 1853 1404 Dicitur
1872 1364 1986 1404 enim
2008 1365 2033 1386 ²¹
2055 1365 2167 1416 quod
2194 1379 2212 1401 «
2233 1365 2432 1405 sedebant

1394 1433 1439 1473 in
1469 1434 1606 1486 platea
1628 1420 1847 1486 civitatis,
1888 1439 1928 1475 et
1966 1435 2110 1475 nullus
2142 1447 2212 1476 eos
2246 1436 2430 1488 recipere

1394 1504 1560 1545 volebat
1585 1506 1784 1558 hospitio.
1813 1521 1832 1543 »
1856 1506 1928 1546 Isti
1955 1505 2209 1546 Samaritani
2236 1519 2325 1547 non
2352 1507 2425 1548 ad-

1394 1575 1671 1617 mittebantur
1703 1590 1728 1616 a
1761 1577 1921 1618 Judaeis
1959 1578 2012 1617 ad
2051 1577 2214 1617 cultum
2246 1578 2341 1627 Dei3
2386 1581 2427 1618 et

1394 1645 1485 1686 ideo
1508 1648 1707 1687 euntibus
1733 1648 1778 1687 in
1804 1647 2038 1688 Jerusalem
2064 1650 2185 1687 erant
2208 1648 2424 1688 contrarii.

1394 1715 1446 1756 Et
1479 1719 1700 1768 propterea
1739 1717 1934 1757 subditur
1969 1730 1977 1757 :
2017 1717 2126 1765 Quia
2167 1718 2299 1768 facies
2340 1718 2430 1771 effus

1394 1790 1484 1828 erat
1505 1788 1644 1829 euntis
1665 1789 1715 1829 in
1735 1787 1983 1838 Jerusalem,
2005 1787 2047 1828 id
2068 1791 2144 1838 est,
2168 1788 2269 1841 quia
2292 1789 2428 1828 mani-

1394 1857 1495 1897 feste
1525 1858 1606 1898 1100
1634 1858 1949 1911 cognoscebant
1980 1858 2095 1911 quod
2126 1859 2207 1900 iret
2238 1859 2282 1899 111
2306 1859 2427 1900 Jeru-

1393 1929 1524 1969 salem
1552 1931 1605 1971 ad
1636 1930 1861 1971 colendum
1892 1930 2026 1970 Deum
2051 1931 2176 1983 juxta
2205 1930 2337 1971 ritum
2359 1932 2430 1983 ju-

1394 2000 1576 2042 daicum.
1592 2000 1709 2041 Unde
1727 2001 1882 2041 mulier
1903 2000 2170 2041 Samaritana
2186 2001 2291 2042 dixit
2311 2001 2349 2042 ei
2370 2002 2397 2023 ¹²
2416 2014 2427 2043 ε

1397 2086 1416 2109 «
1444 2071 1638 2123 Domine,
1661 2075 1801 2125 patres
1818 2072 1950 2112 nostri
1967 2072 2013 2112 in
2031 2074 2174 2112 monte
2190 2072 2271 2113 hoc
2286 2073 2429 2113 adora-

1393 2146 1569 2193 verunt,
1593 2146 1633 2182 et
1662 2156 1738 2184 vos
1766 2143 1926 2195 dicitis,
1949 2143 2051 2196 quia
2076 2143 2348 2196 Jerosolymis
2368 2148 2429 2184 est

1391 2212 1509 2253 locus
1529 2214 1602 2254 ubi
1622 2214 1798 2254 adorare
1818 2216 1994 2266 oportet.
2016 2229 2035 2251 »
2060 2213 2111 2254 Et
2129 2214 2240 2254 inter
2259 2214 2428 2256 Judaeos

1393 2287 1434 2326 et
1463 2285 1752 2326 Salnaritanos
1779 2286 1830 2326 de
1854 2285 1946 2326 loco
1971 2285 2175 2326 orationis
2206 2288 2296 2326 erat
2323 2298 2428 2326 con-

1393 2356 1605 2405 trarietas3
1629 2357 1737 2397 sicut
1757 2356 1885 2396 etiam
1902 2356 2179 2409 spiritualiter
2198 2368 2312 2397 nunc
2333 2369 2429 2398 0011-

1393 2427 1520 2479 tingit
1560 2428 1671 2479 quod
1718 2428 1801 2469 viri
1847 2427 2087 2480 spirituales
2105 2458 2116 2477 ,
2156 2429 2197 2468 01
2244 2428 2428 2470 001011105

1394 2497 1548 2548 Deum,
1580 2497 1824 2538 deridentur
1854 2500 1895 2538 et
1927 2497 2217 2550 despiciuntur
2246 2500 2288 2538 et
2318 2498 2428 2551 abji-

1393 2568 1564 2609 ciuntur
1580 2569 1632 2608 ab
1654 2569 1719 2619 iis,
1738 2570 1812 2621 qui
1829 2572 1975 2609 amant
1990 2569 2217 2610 mundum.
2243 2569 2355 2610 Unde
2370 2570 2398 2591 ¹³
2415 2584 2424 2610 ε

1400 2653 1420 2677 «
1437 2634 1674 2680 Ambulans
1703 2642 1817 2681 recto
1850 2639 2000 2680 itinere
2027 2642 2068 2679 et
2099 2640 2254 2680 timens
2283 2639 2426 2681 Domi-

1394 2723 1522 2761 num,
1547 2710 1775 2762 despicitur
1803 2710 1856 2750 ab
1883 2722 1932 2750 eo
1957 2709 2032 2762 qui
2058 2710 2205 2750 infami
2232 2712 2428 2763 graditur

1394 2782 1479 2824 via.
1501 2796 1520 2820 ›)
1547 2781 1597 2822 Et
1615 2781 1713 2821 alibi
1740 2777 1767 2803 1*
1791 2795 1800 2821 z
1830 2796 1848 2819 «
1870 2780 1915 2821 Si
1941 2781 2272 2821 communicabit
2300 2782 2428 2834 lupus

1395 2865 1494 2893 cum
1521 2864 1634 2904 agno
1661 2851 1906 2904 aliquando,
1940 2851 2000 2892 510
2027 2854 2219 2904 peccator
2242 2853 2372 2904 justo.
2401 2865 2420 2889 ›)

1395 2923 1513 2965 Unde
1534 2924 1561 2945 ¹⁵
1583 2937 1622 2962 z«
1639 2922 1844 2963 Dixerunt
1863 2922 1982 2975 impii
2006 2936 2014 2962 ε
2040 2922 2426 2963 circumveniamus

1390 2995 1577 3047 justum3
1600 3008 1618 3031 »
1645 2993 1837 3046 sequitur
1860 3006 1868 3032 :
1905 3007 1924 3030 «
1951 2991 2160 3040 Quoniam
2191 2992 2426 3032 contrarius

1395 3068 1457 3106 est
1476 3065 1676 3117 operibus
1695 3063 1863 3104 nostris.
1884 3077 1903 3100 ›)
1928 3061 1978 3103 Et
1998 3062 2124 3114 paulo
2144 3063 2239 3114 post
2261 3077 2270 3102 ε
2294 3078 2313 3100 «
2330 3061 2427 3103 Gra-

1396 3137 1460 3178 vis
1481 3138 1543 3177 est
1561 3135 1685 3176 nobis
1712 3135 1841 3175 etiam
1864 3133 1916 3173 ad
1946 3132 2199 3184 videndum,
2222 3133 2425 3185 quoniam

1395 3207 1613 3248 dissimilis
1641 3208 1704 3247 051
1727 3205 1818 3246 aliis
1841 3204 1928 3246 vita
1957 3202 2089 3254 1111115,
2119 3206 2159 3243 01
2189 3203 2425 3246 immutatae

1396 3281 1496 3319 sunt
1514 3278 1596 3319 viae
1617 3278 1725 3329 ejus.
1749 3291 1768 3314 1)
1797 3274 1877 3324 Qui
1896 3272 2010 3313 enim
2030 3273 2189 3314 habent
2208 3275 2422 3316 dissimili—

1395 3349 1588 3390 tudinem
1607 3348 1728 3397 vitae,
1751 3357 1839 3386 non
1857 3344 1977 3384 facile
1998 3344 2158 3385 habent
2183 3345 2424 3387 societatem

1395 3479 1474 3510 xix,
1507 3472 1556 3501 15.
1580 3486 1622 3492 —-
1651 3467 1682 3489 ¹2
1702 3469 1812 3506 Joan„
1842 3473 1888 3506 1ν,
1918 3467 1970 3497 20.
1995 3482 2035 3489 —
2058 3466 2086 3487 1³
2111 3466 2220 3508 Prov„
2243 3474 2311 3508 xiv,
2333 3468 2363 3499 2.
2384 3485 2424 3491 —-

1399 3518 1422 3539 1⁴
1439 3516 1558 3554 Eeclz'.;
1584 3523 1667 3555 xlu,
1692 3517 1721 3546 1.
1742 3531 1782 3537 ——
1806 3514 1831 3535 ¹¹⁵
1850 3514 1941 3554 Sap„
1964 3520 2003 3553 11,
2026 3514 2077 3554 12,
2099 3514 2150 3553 13,
2171 3515 2221 3545 15.

1439 3574 1482 3614 (α)
1505 3573 1585 3605 Caet.
1602 3572 1684 3603 vdit.
1705 3571 1794 3602 deest
1815 3580 1896 3602 uon.
