2587 3845
143 141 193 177 60
744 132 1016 176 EXPOSITIO
1048 134 1098 175 ΙΝ
1127 132 1324 173 LIBRUM
1354 132 1666 175 SAPIENTIAE.

142 226 242 264 runt
278 223 457 264 virtutes
500 223 726 276 perfectas,
765 223 835 264 sed
872 224 1162 276 imperfectas,

142 294 243 347 quia
259 294 348 334 sine
365 294 529 344 merito,
551 298 590 335 et
606 294 803 335 informes
811 306 823 345 3
843 294 909 334 vel
924 294 1167 334 habuerunt

142 376 212 404 eas
243 377 267 404 a
298 363 381 405 Deo
413 376 488 417 per
521 364 702 416 gratiam
736 364 870 415 gratis
899 364 1064 412 datam,
1095 361 1165 401 sed

143 447 227 475 non
256 447 330 487 per
353 434 534 486 gratiam
556 437 728 484 gratum
748 434 981 474 facientem.
1010 433 1166 479 Quibus

146 505 255 547 nihil
283 509 342 546 est
364 504 513 546 utilius
534 505 581 545 in
609 505 699 545 vita
724 503 965 545 hominibus
981 534 992 553 ,
1027 502 1068 543 id
1089 506 1164 553 est,

145 577 188 616 in
211 576 298 616 vita
329 575 516 616 humana
541 574 723 614 hominis
748 574 798 614 ad
823 574 1056 614 hominem.
1088 573 1168 615 Sed

144 647 352 699 numquid
374 645 623 696 theologicae
653 646 830 685 virtutes
856 645 1050 686 meliores
1083 657 1169 686 non

143 720 244 758 sunt
263 720 301 757 et
322 715 533 757 utiliores?
554 715 782 756 Dicendum
804 716 930 768 quod,
954 716 1165 756 510111100-

143 791 235 828 tum
263 790 346 837 est,
374 786 563 838 loquitur
591 786 635 826 in
657 786 744 827 vita
773 786 964 827 humana
986 786 1170 827 hominis

144 858 188 897 in
208 856 519 909 comparatione
534 855 584 896 ad
597 855 833 905 hominem,
846 868 933 896 non
956 857 1008 897 ad
1023 856 1167 905 Deum,

143 928 345 981 quoniam
373 927 662 979 praesupponit
692 938 701 966 ε
730 926 780 966 i’s
805 930 948 967 autem
977 927 1087 967 nihil
1107 930 1170 967 est

144 999 291 1041 utilius
311 999 569 1049 hominibus,
588 998 686 1051 quia
703 998 928 1049 proficiunt
941 998 1105 1039 homini
1126 998 1171 1041 in

144 1070 325 1122 agendo,
348 1072 388 1110 et
407 1070 451 1109 in
472 1070 686 1122 patiendo:
708 1069 752 1109 in
772 1070 956 1121 agendo,
984 1070 1082 1122 quia
1099 1082 1173 1123 per

144 1140 412 1193 prudentiam
439 1142 500 1179 est
521 1140 565 1179 in
581 1140 750 1191 agendo
775 1143 886 1180 recta
911 1140 1076 1191 electio,
1099 1152 1174 1193 per

139 1210 349 1263 ,iustitiam
381 1212 493 1250 recta
517 1210 732 1259 executi03
762 1210 806 1249 in
831 1210 1051 1262 patiendo,
1075 1211 1174 1263 quia

144 1292 218 1333 per
256 1280 580 1333 temperantiam
616 1282 728 1321 recte
765 1292 842 1321 nos
878 1281 1088 1321 babemus
1123 1281 1174 1322 ad

144 1352 359 1404 passiones
396 1350 648 1401 mulcebres,
688 1363 761 1403 per
794 1351 1083 1392 fortitudinem
1123 1351 1176 1392 ad

145 1423 360 1476 passiones
376 1422 616 1463 tristabiles.
632 1422 727 1463 Ideo
739 1422 838 1463 dicit
859 1421 1003 1464 Glossa
1021 1437 1029 1463 :
1055 1438 1075 1462 «
1095 1422 1176 1472 Qui

146 1498 388 1547 temperans
415 1497 497 1544 est,
529 1497 569 1534 et
593 1494 645 1546 (a)
674 1494 873 1546 prudens,
896 1496 936 1534 et
966 1494 1105 1544 fortis,
1137 1498 1178 1535 et

141 1567 303 1618 justus,
325 1565 426 1618 quid
445 1565 504 1605 illi
522 1564 662 1606 deest?
682 1580 701 1603 ι)

200 1639 240 1677 8.
262 1637 316 1679 Et
339 1638 381 1678 si
407 1637 725 1680 multitudinem
742 1639 958 1688 scientioe,
988 1640 1065 1678 etc.
1088 1637 1176 1677 Ali-

147 1708 222 1761 qui
240 1707 423 1749 hahent:
450 1710 503 1751 Et
519 1708 853 1752 similitudinem
869 1710 1064 1752 scientioe
1073 1723 1082 1758 3
1106 1708 1178 1748 sed

146 1779 250 1819 falsa
269 1782 332 1819 est
343 1779 480 1820 littera
496 1780 579 1830 illa,
595 1781 794 1832 quamvis
807 1792 993 1833 praesens
1007 1781 1179 1821 scientia

148 1849 334 1890 bominis
353 1850 495 1902 magis
520 1851 649 1903 possit
674 1851 755 1892 dici
787 1850 1018 1892 similitudo
1038 1851 1178 1891 scien-

148 1921 232 1972 tiae,
254 1933 384 1971 (fuam
400 1921 590 1971 scientia,
609 1933 659 1963 eo
675 1922 789 1974 quod
809 1922 956 1962 multae
975 1921 1179 1963 dubietati

150 1995 190 2032 et
218 1992 367 2033 multae
385 1993 640 2044 ignorantiae
667 1996 729 2033 est
748 1994 971 2046 permixta.
999 1993 1046 2035 Si
1068 1992 1180 2034 mul-

151 2063 403 2113 titudinem,
425 2063 618 2116 inquam,
634 2065 838 2116 scientiae,
863 2065 1018 2105 scilicet
1037 2076 1182 2117 specu-

150 2135 306 2186 lativae,
329 2134 544 2176 desiderat
559 2135 674 2187 quis,
697 2136 935 2176 secundum
955 2135 1057 2176 illud
1078 2134 1182 2177 Phi-

150 2205 315 2258 losophi
343 2207 354 2228 ¹
381 2220 389 2247 :
419 2221 438 2243 «
471 2205 626 2246 Omnes
660 2206 853 2247 homines
884 2206 991 2247 scire
1021 2206 1181 2247 deside-

152 2280 269 2319 rant:
287 2291 307 2315 1>
326 2277 413 2319 Scit
425 2278 658 2329 praeterita,
678 2277 833 2318 scilicet
849 2278 1055 2330 sapientia
1070 2278 1178 2331 ipsa:

153 2347 209 2391 Et
228 2348 279 2390 de
302 2350 464 2400 futuris
485 2350 669 2391 oestimat
685 2349 1063 2399 certitudinaliter‚
1086 2361 1185 2390 cum

155 2422 296 2460 tamen
313 2420 404 2471 {sint
431 2420 595 2460 occulta
619 2432 673 2460 ex
699 2421 937 2461 conditione
956 2421 1158 2474 temporis
1172 2435 1182 2471 ;

155 2490 254 2543 quia
275 2490 487 2543 praeterita
508 2492 600 2543 jam
621 2492 898 2540 transierunt,
921 2492 1064 2533 futura
1084 2503 1186 2533 vero

158 2561 349 2602 nondum
380 2565 628 2603 evenerunt.
655 2563 774 2613 Scit,
807 2563 1003 2616 inquam,
1035 2567 1187 2616 proete-

158 2632 268 2682 rita,
291 2635 393 2682 etc.;
423 2632 537 2673 unde
559 2644 634 2685 per
661 2633 797 2685 ipsam
822 2633 995 2674 edoctus
1025 2633 1188 2687 Moyses

159 2702 430 2756 prophetavit
463 2702 513 2742 de
545 2702 768 2754 praeteritis
787 2703 827 2744 ²:
858 2718 877 2742 α
905 2702 953 2743 111
983 2704 1188 2757 principio

161 2774 318 2814 creavit
336 2773 446 2814 Deus
466 2773 622 2814 coelum
645 2776 685 2814 et
706 2776 876 2815 terram.
897 2788 916 2812 1)
934 2773 1038 2815 Item
1055 2775 1106 2815 de
1127 2775 1190 2816 fu-

162 2843 322 2884 turis⁸z
350 2858 368 2882 «
387 2843 641 2897 Prophetam
660 2844 878 2885 suscitabit
907 2844 1110 2886 Dominus
1140 2846 1190 2887 de

162 2917 288 2967 gente
310 2917 404 2965 tua,
432 2918 473 2956 et
498 2916 548 2956 de
572 2916 772 2958 fratribus
790 2916 890 2958 tuis,
917 2930 937 2954 ›>
963 2917 1018 2960 Et
1043 2927 1190 2960 versu-

164 2987 249 3029 tias
267 2997 528 3038 sermonum,
554 2987 596 3028 id
617 2991 698 3038 est,
720 2988 977 3041 simplicium
999 2989 1189 3042 proposi-

163 3057 355 3108 tionum,
388 3060 435 3099 ut
466 3058 745 3111 aenigmatum
773 3060 971 3100 obscuras
1000 3061 1189 3112 astutIas,

165 3139 243 3169 1100
263 3131 427 3170 tantum
454 3129 711 3182 simplicium
730 3131 1068 3184 propositionum
1095 3143 1194 3174 ver-

168 3199 314 3250 sutias,
335 3199 408 3240 sed
427 3202 468 3240 et
488 3201 960 3253 compositarum.Unde
980 3202 1190 3256 sequitur:

213 3331 218 3347 ¹
241 3330 357 3370 Arist„
381 3331 542 3371 Metaplt„
572 3330 628 3361 lib.
661 3332 688 3371 Ι,
718 3340 746 3363 c.
777 3339 799 3363 1.
826 3349 866 3355 —
892 3332 903 3351 ²
928 3333 1022 3372 Gen„
1049 3341 1079 3374 1,
1106 3337 1135 3365 1.
1155 3350 1195 3357 —

169 3377 180 3394 ³
199 3377 310 3417 Deut„
335 3385 440 3419 xviii,
462 3380 512 3410 15.
533 3395 573 3401 —
592 3379 606 3400 ⁴
624 3378 743 3419 Eccli„
762 3388 886 3420 xxxix,
912 3383 942 3412 3.
965 3398 1000 3404 -
1023 3382 1034 3400 ⁵
1059 3380 1193 3421 Coloss„

170 3430 219 3462 11,
240 3425 268 3455 3.
291 3441 331 3448 -
355 3426 366 3443 ⁶
385 3425 521 3466 inatile„
541 3433 634 3464 xxn,
660 3429 709 3458 1.·3.
741 3443 779 3450 -
811 3428 886 3459 7111
911 3428 1000 3469 Κεφ,
1031 3437 1071 3469 x,
1102 3431 1132 3461 3.
1155 3446 1194 3452 —

1238 223 1300 264 Et
1322 221 1617 265 dissolutiones
1638 222 2003 274 arqumentorum,
2025 219 2067 259 id
2086 221 2169 268 est,
2196 231 2265 259 ra-

1239 293 1426 342 tionum,
1458 306 1553 346 quae
1582 296 1724 334 tamen
1754 292 1886 333 latent
1917 304 1971 332 ex
1998 291 2268 344 perplexione

1241 363 1440 405 humanae
1470 364 1689 404 callidiatis
1719 367 1762 403 *ε
1795 377 1814 400 (1
1843 361 2012 403 Occulta
2043 363 2269 414 proverbia

1241 434 1454 487 exquiret,
1476 449 1494 472 n
1515 435 1669 475 50111001
1699 434 1884 486 sapienS,
1912 447 1932 470 «
1957 433 2064 473 01111
2090 433 2266 473 abscon-

1241 504 1337 544 ditis
1385 504 1681 556 parabolarum
1721 502 2056 545 conversabitur.
2095 516 2114 539 »
2154 502 2272 544 Unde

1242 574 1451 625 Christus,
1472 575 1518 615 in
1538 586 1624 627 quo
1643 576 1762 615 erant
1781 572 1970 613 thesauri
1997 572 2213 624 sapientiae
2233 576 2274 614 et

1243 645 1429 687 scientiae
1457 644 1710 694 absconditi,
1742 658 1760 682 n
1787 644 1831 684 in
1854 654 2049 683 sermone
2072 643 2165 694 capi
2185 654 2273 683 non

1243 717 1401 770 potuit,
1427 719 1475 758 ut
1498 719 1611 770 patet
1632 717 1746 769 apud
1765 716 2014 759 Matthoeum
2034 715 2063 755 ⁶.
2085 714 2135 755 Et
2156 714 2273 756 Salo—

1243 799 1416 828 monem
1442 787 1635 828 edoctum
1666 787 1871 839 sapientia
1902 786 2072 826 nullum
2094 784 2275 826 verbum

1244 858 1408 910 reginae
1435 857 1545 898 Saba
1569 856 1698 897 latere
1718 857 1874 909 potuit,
1898 859 1944 897 ut
1968 858 2080 909 patet
2103 855 2146 895 in
2169 855 2276 896 libro

1246 929 1399 982 Requm
1412 930 1442 969 ⁷.
1459 930 1609 981 Signa,
1627 928 1780 968 scilicet
1800 927 1979 978 minora,
2005 939 2102 980 quae
2123 929 2277 980 praeter

1245 1004 1443 1041 naturam
1462 1000 1593 1050 fiunt,
1617 1002 1655 1041 et
1677 1002 1886 1049 monstra,
1909 1010 2007 1051 quae
2027 1001 2174 1039 contra
2200 1010 2277 1039 na-

1246 1073 1353 1111 turae
1380 1081 1653 1110 communem
1682 1080 1856 1109 cursum
1885 1069 2014 1118 fiunt,
2048 1069 2130 1110 scit
2156 1072 2278 1110 ante-

1247 1150 1375 1193 quam
1392 1140 1516 1192 fiant,
1536 1140 1594 1179 ita
1609 1140 1730 1188 bene,
1751 1138 1860 1178 sicut
1879 1138 2048 1191 quando
2064 1139 2153 1190 jam
2173 1138 2280 1178 facta

1248 1213 1361 1252 sunt.
1389 1210 1445 1251 De
1463 1211 1515 1251 iis
1541 1211 1706 1251 duobus
1723 1209 1758 1250 ⁸:
1789 1224 1808 1247 <‹
1829 1208 1871 1250 Si
1897 1209 1946 1261 (b)
1976 1209 2101 1260 signa
2121 1212 2162 1249 et
2180 1220 2278 1262 pro-

1249 1282 1366 1334 digia
1398 1281 1614 1331 videbitis,
1646 1293 1733 1321 non
1763 1280 1943 1321 creditis.
1969 1295 1988 1317 ›>
2016 1279 2114 1321 llaec
2134 1282 2277 1320 autem

1250 1353 1444 1394 similiter
1465 1352 1629 1394 occulta
1650 1351 1812 1392 ratione
1834 1351 2039 1392 naturalis
2057 1351 2279 1392 difficulta—

1249 1425 1322 1475 tis,
1359 1425 1458 1477 quia
1494 1422 1769 1473 miraculum,
1807 1422 2041 1463 secundum
2072 1422 2282 1473 Augusti—

1250 1508 1354 1536 num
1375 1498 1404 1544 ⁹,
1427 1496 1490 1535 est
1509 1506 1613 1548 opus
1639 1494 1822 1534 arduum
1842 1495 1883 1533 01
1908 1493 2123 1533 insolitum
2151 1504 2281 1544 supra

1252 1578 1370 1619 spem
1397 1569 1437 1606 et
1456 1565 1699 1606 facultatem
1718 1563 1981 1605 admirantis.
2003 1577 2022 1600 n
2042 1563 2096 1605 Et
2114 1563 2282 1605 309011ίο-

1251 1647 1367 1685 rum,
1397 1636 1438 1676 id
1466 1638 1528 1676 est
1556 1635 1848 1688 sequentium,
1881 1645 1979 1686 quae
2008 1633 2211 1675 eveniunt
2238 1632 2282 1672 in

1253 1708 1488 1749 aeternitate
1519 1709 1559 1747 et
1583 1707 1628 1746 in
1656 1707 1800 1747 futuro
1826 1718 1836 1746 ε
1870 1706 1962 1746 haec
1988 1708 2131 1746 autem
2162 1716 2284 1746 nosse

1252 1791 1340 1820 non
1359 1782 1422 1820 est
1441 1778 1646 1828 hominis;
1666 1778 1777 1819 unde
1798 1778 1846 1818 ¹⁰:
1869 1793 1887 1816 α
1901 1776 1994 1818 Νο11
2014 1781 2075 1818 051
2092 1779 2284 1819 vestrum

1252 1862 1375 1892 nosse
1394 1852 1587 1903 tempora
1605 1849 1673 1891 vel
1699 1851 1934 1899 momenta,
1958 1860 2054 1901 quae
2075 1847 2197 1888 Pater
2214 1860 2285 1900 po-

1254 1921 1339 1962 suit.
1366 1921 1411 1961 in
1434 1932 1511 1960 sua
1543 1922 1748 1973 potestate
1769 1934 1777 1960 :
1799 1935 1818 1958 »
1845 1920 1937 1960 haec
1961 1922 2105 1960 autem
2126 1918 2287 1959 occulta

1255 1995 1354 2034 sunt
1374 1992 1536 2032 ratione
1554 2002 1694 2031 causae
1719 1990 1901 2031 latentis.

1307 2066 1348 2104 9.
1363 2064 1573 2115 Proposui
1592 2072 1702 2115 erqo,
1713 2064 1791 2102 etc.
1809 2060 1947 2114 Supra
1965 2059 2144 2101 ostendit
2159 2071 2289 2112 quan-

1255 2137 1348 2175 tum
1369 2136 1528 2174 amaret
1548 2132 1820 2186 sapientiam,
1843 2134 1883 2172 et
1904 2132 1985 2172 hoc
2009 2143 2063 2171 ex
2082 2130 2288 2172 desiderio

1256 2205 1455 2255 habendi;
1476 2205 1545 2245 hic
1563 2217 1617 2245 ex
1633 2204 1848 2258 proposito
1868 2202 2129 2256 acquirendi,
2151 2204 2192 2242 et
2207 2201 2288 2242 hoc

1256 2280 1426 2332 propter
1447 2277 1578 2326 bona,
1611 2288 1708 2329 quae
1733 2288 1786 2316 ex
1806 2275 1896 2328 ipsa
1925 2275 1972 2326 (c)
2007 2272 2286 2327 proveniunt:

1257 2350 1299 2389 et
1324 2348 1463 2400 primo
1488 2350 1660 2400 propter
1677 2347 1789 2387 bona
1817 2345 2070 2399 pertinentia
2096 2355 2289 2384 commu-

1258 2419 1368 2459 niter
1394 2419 1445 2459 ad
1470 2421 1698 2471 utramque
1715 2418 1869 2468 vitam3
1892 2415 2097 2466 secundo,
2119 2416 2291 2468 propter

1259 2490 1513 2543 pertinentia
1538 2490 1589 2530 ad
1617 2489 1751 2532 vitam
1778 2488 1956 2531 activam
1983 2502 1992 2528 :
2027 2486 2194 2529 Habebo
2216 2496 2292 2538 per

1260 2562 1393 2612 hanc,
1425 2565 1527 2612 etc.;
1553 2561 1698 2612 tertio,
1723 2562 1892 2613 propter
1920 2559 2173 2612 pertinentia
2197 2570 2290 2611 spe-

1261 2632 1422 2673 cialiter
1448 2632 1499 2672 ad
1525 2624 1914 2683 contemplativam:
1939 2630 2114 2672 Intrans
2141 2630 2191 2670 in
2221 2628 2292 2671 do-

1262 2713 1397 2753 mum,
1419 2705 1497 2743 etc.

1316 2773 1453 2825 Ergo,
1475 2773 1577 2826 quia
1596 2772 1690 2813 talis
1709 2774 1791 2822 051,
1811 2771 2034 2823 proposui,
2063 2769 2105 2810 id
2123 2772 2204 2820 est,
2226 2769 2293 2809 fir-

1265 2847 1388 2886 miter
1409 2845 1454 2885 in
1484 2843 1607 2885 corde
1631 2855 1724 2883 meo
1747 2842 1956 2894 disposui,
1985 2841 2094 2882 hanc
2105 2871 2117 2891 ,
2140 2839 2296 2880 scilicet

1264 2916 1513 2970 sapientiam
1529 2915 1733 2965 divinam,
1750 2925 1836 2954 non
1853 2913 1980 2953 aliam
1994 2912 2293 2962 adulterinam,

1265 2991 1313 3030 ut
1333 2987 1513 3042 poeticas
1531 2986 1782 3039 disciplinas,
1799 2996 1902 3037 quas
1921 2986 2042 3025 vocat
2061 2982 2230 3023 Boetius
2247 2983 2290 3032 ¹¹,

1267 3059 1317 3101 de
1357 3058 1674 3107 Consolatione,
1724 3054 2010 3096 meretriculas
2025 3085 2035 3105 ,
2084 3053 2295 3095 adducere

1267 3131 1398 3181 mihi,
1432 3141 1519 3170 non
1548 3130 1714 3169 tantum
1745 3126 1885 3176 alteri,
1925 3127 2070 3166 contra
2100 3124 2192 3164 illos
2223 3124 2296 3176 qui

1267 3204 1435 3243 tantum
1464 3200 1569 3241 alios
1599 3199 1769 3249 docent,
1799 3208 1843 3238 se
1872 3196 1983 3248 ipsos
2011 3207 2098 3236 non
2124 3195 2294 3247 docent,

1268 3280 1282 3301 ⁸
1303 3281 1397 3320 Joan,
1418 3286 1464 3319 lv,
1490 3279 1541 3309 48.
1567 3293 1607 3300 —-
1631 3278 1643 3294 ⁹
1667 3277 1768 3316 Aug.,
1787 3274 1825 3305 de
1851 3273 1961 3305 Utilz’t.
1986 3272 2087 3312 cred„
2114 3280 2143 3305 0.
2167 3280 2236 3305 XVI.
2257 3289 2297 3296 —

1270 3328 1298 3349 ¹⁰
1318 3327 1404 3367 Act„
1426 3334 1451 3365 1,
1473 3326 1503 3356 7.
1524 3342 1565 3348 —
1588 3325 1610 3346 ¹¹
1629 3325 1739 3364 Boet.,
1757 3322 1796 3354 cle
1819 3320 1962 3361 Consol„
1981 3320 2038 3352 lib.
2064 3321 2087 3360 1,
2110 3329 2139 3351 0.
2161 3327 2184 3351 1.

1313 3380 1356 3421 (α)
1386 3380 1466 3412 Coet.
1491 3377 1571 3409 edit.
1599 3379 1791 3418 temperans
1815 3377 1865 3407 est
1885 3374 2045 3416 prudens.
2066 3391 2107 3397 -—
2128 3373 2170 3414 (h)
2200 3372 2296 3414 Vulq.

1270 3428 1404 3460 Nisi.-
1426 3426 1464 3468 (c)
1486 3425 1580 3460 Edit.
1601 3425 1678 3457 Ven.
1696 3424 1783 3465 ipso.
