2634 3853
303 105 380 144 226

354 194 421 232 23.
444 191 494 232 Ec
515 190 672 241 factum
701 192 780 231 est,
814 194 860 228 ut
893 187 1057 239 impleti
1087 190 1211 234 sunt,
1246 188 1324 226 etc.

301 261 508 315 Superius
533 259 748 312 descripsit
778 257 1051 309 Evangetista
1084 256 1326 297 Prsecurso-

300 335 360 375 ris
398 333 713 385 conceptionem
757 332 965 382 quantum
1015 328 1065 368 ad
1102 330 1327 380 parentum

300 406 597 452 conditionem,
626 401 861 453 angelicam
881 399 1263 443 denunciationem,
1289 401 1329 440 et

299 474 631 517 denunciationis
684 470 1066 511 confirmationem.
1115 470 1190 510 llic.
1232 483 1325 523 pos-

298 550 433 588 tremo
452 545 643 587 describit
663 546 870 596 quantum
902 543 954 582 ad
988 542 1327 583 denunciationis

297 616 731 665 consummationem,
766 614 854 655 sive
884 613 1187 666 impletionem.
1213 613 1327 653 Circa

296 689 408 742 quod
422 692 605 741 quatuor
617 686 737 727 nobis
756 685 941 726 breviter
954 685 1234 737 explicantur,
1247 685 1327 725 sci-

293 760 390 801 licet
407 762 557 800 mutua
577 757 847 806 cohabitatio,
874 756 1066 796 foecunda
1091 756 1321 808 conceptio,

293 831 533 873 verecunda
554 830 775 871 occultatio
791 861 802 880 ,
825 831 865 869 et
887 828 1129 869 laetabunda
1159 828 1322 869 exulta-

291 904 364 945 tio.
391 903 580 944 Primum
599 901 769 954 respicit
788 901 928 952 legem
942 899 1157 951 conjugii3
1182 911 1325 939 secun-

291 975 409 1025 dum,
430 975 633 1014 virtutem
668 972 885 1021 miraculi;
909 971 1096 1021 tertium,
1122 971 1323 1011 recorda-

290 1046 448 1086 tionem
486 1043 759 1098 praecedentis
797 1042 1014 1095 opprobrii
1053 1057 1062 1082 ε
1101 1044 1321 1095 quartum,

288 1117 626 1169 recognitionem
646 1114 867 1167 praecentis
898 1113 1105 1154 beneficii.
1128 1113 1320 1153 Insinua-

288 1191 358 1229 tur
375 1201 480 1240 ergo
504 1188 642 1240 primo
665 1189 815 1226 mutua
837 1186 1119 1235 cohabitatio,
1142 1198 1239 1226 cum
1258 1185 1323 1225 di-

289 1261 343 1301 cit
371 1275 380 1300 2
404 1261 463 1302 Ec
495 1260 656 1311 facwm
689 1261 773 1305 est,
813 1261 861 1298 ut
895 1256 1063 1309 impleti
1095 1261 1195 1298 sunt
1230 1256 1322 1298 dies

289 1333 427 1384 officii
448 1331 552 1383 cius,
576 1331 680 1372 abiit
700 1331 748 1372 in
779 1329 950 1371 (tomum
977 1340 1113 1377 suam,
1149 1328 1318 1378 scilicet,

288 1405 341 1446 ad
378 1403 708 1445 cohabitandum
757 1404 796 1441 et.
834 1400 1097 1441 reddendum
1132 1400 1321 1440 debitum

288 1477 428 1518 uxori.
456 1475 570 1516 Unde
597 1475 925 1527 Chrysostomus
950 1487 957 1513 :
988 1488 1006 1509 α
1029 1472 1147 1520 Quod
1175 1473 1322 1513 eadem

287 1551 409 1589 nocte
424 1548 562 1587 filium
583 1546 746 1598 genuit.
766 1559 785 1582 >1
812 1544 899 1585 1100
919 1545 1063 1584 autem
1096 1544 1191 1583 fecit
1219 1556 1319 1584 000-

282 1619 542 1672 ι11131110901
570 1633 578 1658 :
607 1617 774 1658 «Nolite
794 1617 988 1656 fraudare
1007 1615 1216 1666 invicem,
1242 1615 1322 1655 nisi

286 1690 393 1730 forte
413 1690 463 1730 ad
494 1692 690 1742 tempus,
731 1700 785 1728 ex
804 1699 1038 1738 consensu,
1079 1689 1126 1727 01
1163 1687 1321 1741 vacetis

288 1761 468 1802 orationi
485 1775 493 1810 ;
508 1763 548 1801 et
561 1761 716 1800 iterum
733 1758 996 1800 revertimini
1016 1758 1060 1798 in
1079 1758 1121 1798 id
1136 1758 1315 1810 ipsum.»

286 1832 339 1873 Et
359 1832 451 1873 ideo
472 1831 678 1884 quamdiu
696 1829 917 1870 Zacharias
931 1829 1018 1870 dies
1035 1829 1160 1870 officii
1177 1828 1321 1882 imple-

288 1903 373 1955 bat,
398 1904 449 1944 ad
468 1915 647 1944 uxorem
682 1913 770 1941 non
800 1900 1021 1941 accedebat
1044 1905 1057 1925 ²
1091 1913 1100 1940 ε
1133 1915 1152 1939 «
1172 1900 1320 1941 Sacer-

287 1974 404 2015 dotes
437 1985 605 2027 quoque
634 1975 674 2012 et
701 1971 899 2024 populus,
924 1971 997 2023 qui
1033 1971 1237 2011 accedunt
1268 1971 1320 2011 ad

286 2046 530 2094 Dominum,
545 2044 873 2093 sanctificentur,
887 2055 940 2083 ne
952 2043 1184 2095 percutiam
1205 2055 1313 2084 eos.»

285 2116 338 2158 Et
361 2130 413 2158 ex
433 2118 513 2157 hac
535 2128 660 2156 causa
687 2115 833 2155 dicunt
861 2114 1027 2154 Hebraei
1065 2113 1190 2154 Ozam
1223 2126 1318 2167 per-

286 2201 482 2239 cussum,
521 2188 620 2240 quia
657 2189 781 2226 noete
820 2197 1000 2226 uxorem
1039 2188 1316 2237 cognoverat,

286 2261 455 2314 quando
476 2260 614 2312 tetigit
635 2270 793 2299 arcam.
824 2256 918 2298 Non
953 2258 1064 2297 enim
1098 2258 1248 2298 licebat
1266 2258 1319 2298 ab

286 2333 487 2385 amplexu
497 2330 583 2371 Liae
597 2330 648 2370 ad
671 2329 894 2370 Rachelem
918 2328 1161 2369 immediate
1180 2330 1320 2368 trans-

286 2404 363 2453 ire,
387 2403 494 2443 51001
525 2401 680 2443 (1101101
699 2401 751 2441 ad
773 2400 899 2441 Jacob
918 2400 932 2421 ³
961 2414 969 2440 ε
999 2415 1017 2438 (ι
1054 2399 1185 2452 Imple
1210 2400 1316 2440 heb-

287 2475 511 2517 domadam
530 2473 695 2514 dierum
719 2473 850 2523 buJ‘us
879 2471 1058 2523 copulae.
1080 2485 1098 2508 n
1126 2470 1318 2511 Secundo

287 2545 528 2586 insinnatur
572 2543 769 2584 foecunda
812 2542 1027 2594 conceptio
1044 2573 1057 2591 ,
1107 2554 1205 2582 cum
1253 2542 1316 2582 di-

287 2616 342 2656 cit
365 2616 419 2666 (v.
444 2616 515 2665 24)
539 2626 548 2654 :
573 2615 672 2655 Post
706 2613 780 2655 hos
817 2616 957 2654 autem
997 2612 1090 2654 dies
1130 2614 1319 2665 concepit

286 2687 520 2736 Elisab61h3
546 2686 654 2726 sicut
685 2685 837 2726 dicitur
857 2688 870 2710 ⁴
895 2699 903 2725 ε
933 2700 952 2723 (ι
978 2684 1076 2725 Post
1110 2684 1316 2725 circulum

285 2759 451 2800 dierum
466 2758 652 2809 concepit
666 2757 804 2797 Anna.
822 2770 840 2794 ›)
861 2757 956 2798 Post
969 2756 1040 2798 lios
1058 2756 1313 2806 claternam,

130 2848 265 2877 earnalia
283 2830 476 2872 videlicet
507 2829 654 2878 officii;
687 2828 733 2868 in
776 2840 861 2880 qno
901 2827 1160 2878 ostenditur,
1201 2827 1315 2880 quod

125 2891 264 2926 spiritua-

152 2931 229 2959 libus

131 2974 252 3041 pssffi‘ss‘
284 2975 378 3017 ideo
397 2974 505 3014 infra
523 2976 536 2997 ⁵
561 2984 572 3012 ι
602 2987 620 3009 «
640 2971 770 3012 Maria
791 2972 996 3025 optimam
1029 2972 1194 3023 partem
1229 2970 1312 3011 ele-

284 2901 468 2943 earnalia
488 2899 781 2952 postponenda
808 2901 907 2939 sunt
934 2898 1243 2951 spiritualibus,
1275 2902 1315 2939 et

285 3049 364 3102 git.
391 3062 411 3086 n
450 3046 589 3087 Tertio
621 3045 871 3085 describitur
900 3043 1141 3084 verecunda
1170 3043 1310 3082 occul-

281 3121 400 3171 tatio,
421 3129 518 3159 cum
546 3115 700 3157 dicitur
722 3128 731 3154 :
756 3115 809 3156 Ec
829 3114 1059 3156 occultabat
1088 3124 1130 3155 se
1156 3114 1311 3155 mensi-

282 3191 357 3234 bus
377 3191 576 3244 quinque.
598 3186 685 3228 Hoc
704 3187 817 3227 enim
836 3188 925 3226 erat
945 3185 1120 3237 signum
1142 3185 1312 3224 humili-

323 3325 334 3345 ¹
361 3325 370 3355 l
400 3324 490 3364 Corn,
515 3329 584 3362 v11,
613 3322 644 3352 5.
675 3336 710 3342 -
735 3318 746 3336 ²
774 3316 896 3356 Exod„
927 3325 1007 3356 xix,
1035 3318 1086 3348 22.
1107 3334 1146 3339 -
1176 3315 1189 3336 ³
1216 3316 1308 3354 Gen„

279 3379 382 3411 xxtx,
407 3373 458 3401 27.
484 3388 526 3394 --
553 3369 563 3387 ⁴
599 3369 607 3399 1
643 3367 734 3406 Req..
769 3373 797 3404 1,
823 3366 873 3395 20.
900 3381 940 3386 —
971 3364 983 3383 ⁵
1013 3364 1102 3403 Luc„
1129 3372 1169 3401 x,
1199 3365 1247 3395 42.
1270 3381 1309 3386 —

283 3419 295 3437 ⁸
310 3418 404 3456 Gen„
424 3425 509 3456 xvn,
532 3419 560 3448 li.
578 3416 644 3439 —7
666 3413 836 3451 Ambros„
858 3412 888 3440 in
913 3412 1000 3448 Luc„
1018 3411 1075 3442 lib.
1102 3411 1123 3450 t,
1142 3420 1176 3441 n.
1199 3413 1247 3441 413.
1269 3429 1309 3432 —

1028 94 1307 138 EVANGELH
1336 63 1517 137 SANCTi
1554 95 1700 138 LUCE

1403 187 1498 226 tatis
1519 189 1559 226 et
1586 186 1813 239 pudicitiae.
1847 185 1939 227 Non
1977 187 2083 229 sicut
2111 188 2231 241 Agar
2263 187 2428 238 ancilla,

1402 256 1453 296 de
1474 269 1557 309 qua
1594 257 1749 297 dicitur
1767 261 1779 283 ⁶
1807 270 1815 296 :
1845 272 1863 295 α
1881 256 1983 306 Quae
2021 260 2257 312 concepisse
2288 271 2332 301 se
2362 259 2428 301 vi-

1402 326 1517 377 dens,
1541 328 1732 380 despexit
1763 327 1978 367 dominam
2007 341 2141 369 suam.
2164 344 2183 367 »
2207 329 2326 371 Ratio
2345 330 2428 371 hu-

1397 398 1470 449 jus
1486 399 1593 439 bene
1615 398 1804 439 redditur
1825 398 1868 438 in
1901 397 2045 438 Glossa
2070 399 2276 440 Ambrosii
2297 401 2327 440 ⁷.
2350 400 2431 441 Sed

1402 470 1675 522 spiritualiter
1695 470 1929 520 erudimur,
1953 471 2064 523 quod
2084 471 2214 511 sancti
2230 472 2432 524 propositi

1401 542 1617 594 conceptio
1638 546 1698 583 est
1727 543 1769 583 in
1792 543 1998 596 principio
2032 543 2304 593 occultanda,
2327 543 2434 583 sicut

1401 611 1553 653 dicitur
1571 617 1584 638 Β
1620 628 1628 654 :
1665 628 1684 652 «
1725 602 1870 655 Simile
1907 616 1968 655 cst
2004 626 2190 666 regnum
2227 614 2432 655 coelorum

1400 682 1598 725 thesauro
1619 685 1864 725 abscondito
1890 685 1935 725 in
1961 697 2068 737 agro
2093 700 2101 725 z
2125 699 2144 723 »
2168 685 2242 725 ubi
2277 685 2433 737 Grego-

1399 754 1489 795 rius
1509 759 1556 795 9:
1586 771 1604 794 α
1635 756 1878 797 Thesaurus
1914 758 2112 798 inventus
2143 757 2430 809 absconditur,

1399 829 1447 866 ut
1465 830 1659 868 servetur
1681 840 1691 868 ε
1713 829 1814 880 (1013
1835 828 2024 869 studium
2038 828 2218 869 coelestis
2239 828 2433 869 desiderii

1399 909 1424 938 a
1443 898 1645 949 malignis
1677 898 1893 951 spiritibus
1913 900 2124 941 custodire
2144 912 2232 941 non
2260 900 2428 952 sufficit,

1399 969 1470 1021 qui
1494 969 1575 1009 hoc
1593 969 1646 1008 ab
1665 969 1856 1009 humana
1880 970 2006 1011 laude
2035 983 2122 1011 non
2153 971 2385 1012 abscondit.
2407 986 2425 1009 n

1453 1043 1518 1080 25.
1543 1040 1700 1088 Quarto
1734 1041 1926 1092 tangitur
1954 1041 2197 1082 laetabunda
2230 1041 2432 1083 exultatio

1400 1111 1443 1151 in
1463 1112 1756 1163 recognitione
1770 1112 1977 1162 beneficii,
1998 1112 2053 1152 ibi
2077 1127 2086 1153 :
2114 1113 2223 1159 Quia
2243 1114 2303 1154 Sic
2325 1113 2433 1155 milii

1399 1183 1500 1234 fecit
1520 1184 1741 1225 Dominus.
1765 1183 1909 1224 Simile
1930 1183 2033 1224 illud
2056 1184 2083 1206 ¹⁰
2102 1196 2111 1224 ε
2130 1199 2148 1222 a
2172 1183 2318 1225 Risum
2339 1184 2432 1225 fecit

1398 1254 1505 1294 mihi
1526 1254 1635 1295 Deus
1660 1267 1670 1294 ε
1693 1255 1955 1307 quicumque
1979 1255 2183 1306 audierit,
2207 1255 2431 1296 corridebit

1397 1326 1517 1365 mihi.
1535 1339 1554 1363 ›>
1574 1326 1626 1366 In
1641 1325 1787 1367 diebus
1801 1326 1953 1378 quibus
1974 1327 2255 1379 respeoeitauf
2253 1337 2341 1369 erre
2355 1337 2427 1380 op—

1393 1397 1613 1449 probi-ium
1628 1408 1765 1438 meum
1778 1398 1887 1439 inter
1907 1397 2097 1439 homines
2120 1410 2134 1439 .·
2153 1398 2429 1450 opprobrium

1397 1468 1551 1508 scilicet
1586 1468 1827 1508 sterilitatis.
1866 1469 1894 1492 ¹¹
1929 1468 2126 1521 Concepit
2169 1468 2350 1520 Rachel,
2391 1473 2431 1509 01

1396 1539 1558 1592 peperit
1588 1539 1726 1579 filium
1743 1569 1755 1586 ,
1782 1539 1923 1579 dicens
1945 1553 1953 1578 :
1987 1538 2207 1580 «Abstulit
2226 1539 2335 1580 Deus
2354 1551 2428 1592 op-

1398 1610 1622 1662 probrium
1643 1622 1803 1650 meum.
1825 1625 1843 1647 »
1870 1609 1971 1650 Erat
2005 1611 2282 1663 opprobrium
2321 1611 2431 1652 inter

1395 1680 1593 1721 homines
1613 1683 1784 1733 propter
1803 1681 1908 1722 illud
1928 1682 1956 1703 ¹³
1976 1695 1984 1722 :
2006 1696 2025 1719 «
2042 1681 2133 1722 Non
2153 1683 2232 1722 erit
2252 1682 2366 1734 apud
2389 1684 2430 1723 te

1397 1752 1549 1793 sterilis
1563 1752 1787 1805 utriusque
1807 1764 1949 1794 sexus.
1973 1752 2119 1793 »Unde
2139 1753 2429 1806 dicitur‚quod

1396 1823 1554 1865 aemula
1584 1824 1720 1865 Annae
1740 1824 1768 1846 ¹³
1795 1840 1814 1863 (t
1833 1824 2051 1876 affligebat
2079 1837 2198 1875 eam,
2229 1826 2271 1865 et
2303 1824 2430 1867 vehe-

1396 1898 1560 1937 menter
1579 1896 1778 1948 angebat,
1798 1896 1842 1936 in
1862 1898 2046 1947 tantum,
2068 1898 2116 1937 01
2136 1896 2428 1949 exprobraret,

1395 1967 1509 2019 quod
1528 1967 1732 2008 Dominus
1761 1967 2032 2008 conclusisset
2068 1968 2244 2010 vulvam
2265 1969 2372 2021 ejus.
2403 1980 2424 2005 r>

1395 2037 1446 2078 Et
1457 2040 1629 2090 propter
1648 2038 1730 2078 hoc
1749 2039 1977 2090 gaudebat,
1994 2039 2230 2080 secundum
2250 2038 2395 2080 illudst
2417 2054 2425 2081 z

1399 2124 1418 2148 «
1443 2109 1521 2159 Qui
1552 2110 1745 2151 habitare
1770 2111 1867 2151 facit
1898 2111 2084 2152 sterilem
2105 2112 2150 2151 in
2180 2111 2320 2163 domo,
2344 2124 2430 2153 ma-

1395 2185 1517 2233 trem,
1542 2197 1560 2220 ))
1587 2185 1665 2223 010.

1448 2256 1514 2294 26.
1537 2255 1589 2295 In
1609 2264 1748 2295 mense
1771 2258 1911 2296 autem
1936 2257 2056 2297 seoeto
2075 2255 2233 2296 missus
2257 2258 2318 2298 est
2346 2266 2426 2297 an-

1394 2327 1508 2378 qelus
1532 2325 1710 2376 Gabriel,
1728 2328 1805 2366 etc.
1831 2325 1928 2378 Egit
1948 2325 2107 2366 Auctor
2121 2337 2248 2379 supra
2261 2326 2425 2368 (100011-Δ

1394 2398 1585 2450 ceptione
1612 2396 1892 2438 Praecursoris
1909 2428 1918 2446 ,
1949 2409 2047 2450 quae
2078 2397 2158 2438 fuit
2178 2410 2253 2450 per
2271 2398 2427 2439 foecun-

1394 2468 1607 2510 dationem
1630 2469 1802 2517 sterilis3
1825 2468 1871 2508 in
1893 2468 1973 2508 hac
1994 2471 2111 2521 parte
2138 2469 2230 2520 agit
2251 2469 2301 2510 de
2324 2481 2424 2510 con-

1393 2540 1582 2593 ceptione
1602 2539 1854 2589 Salvatoris,
1888 2551 1985 2591 quae
2004 2539 2083 2579 fuit
2113 2551 2189 2591 per
2215 2539 2427 2580 foecunda-

1392 2611 1552 2651 tionem
1569 2610 1764 2661 virginis.
1782 2609 1881 2650 Haec
1892 2612 2035 2649 autem
2048 2609 2303 2650 foecundatio
2317 2610 2424 2650 facta

1392 2685 1476 2732 est,
1516 2682 1600 2723 Deo
1635 2682 1895 2732 destinante,
1933 2681 2089 2733 angelo
2119 2682 2361 2732 nuntiante,
2383 2685 2424 2723 et

1391 2754 1562 2806 virgine
1600 2753 1885 2795 consentiente
1899 2785 1910 2804 ,
1961 2754 2010 2793 ut
2045 2752 2255 2805 reparatio
2285 2752 2422 2805 lapsui

1391 2825 1681 2878 responderet,
1709 2825 1815 2865 sicut
1834 2824 1933 2865 dicit
1952 2823 2192 2865 Bernardus
2214 2824 2241 2850 ¹5
2261 2838 2269 2864 :
2292 2838 2312 2861 (ι
2328 2822 2421 2863 Pla-

1391 2897 1476 2938 cuit
1507 2896 1590 2937 Deo
1618 2895 1767 2936 eodem
1799 2895 1925 2936 modo
1945 2897 1986 2935 et
2004 2895 2150 2935 ordine
2171 2894 2248 2935 sibi
2271 2906 2418 2935 recon-
2458 2886 2461 2887 ⁷

1390 2968 1533 3008 ciliare
1564 2967 1808 3017 hominem,
1843 2978 1927 3019 quo
1953 2968 2128 3008 noverat
2162 2965 2414 3006 cecidisse.»

1390 3040 1486 3081 Ideo
1503 3051 1601 3092 pars
1637 3039 1716 3078 ista
1738 3038 1863 3078 habet
1881 3039 1965 3077 tres
1987 3038 2137 3089 1131105,
2157 3040 2197 3077 01
2218 3037 2263 3077 in
2279 3037 2420 3090 prima

1388 3111 1629 3151 insinuatur
1639 3107 1862 3149 destinatio
1870 3106 2008 3147 nuntii
2016 3119 2041 3147 a
2051 3106 2133 3147 Deo
2145 3121 2154 3157 3
2167 3107 2209 3147 in
2220 3107 2417 3159 secunda,

1388 3181 1580 3224 executio
1608 3177 1830 3220 ministerii
1862 3177 1914 3217 ab
1940 3176 2128 3229 Angelo,
2149 3177 2208 3218 ibi
2239 3180 2294 3229 (v.
2316 3180 2382 3229 28)
2405 3191 2416 3219 :

1387 3268 1397 3285 ⁸
1417 3263 1551 3305 Mami„
1565 3270 1643 3302 xin,
1657 3262 1708 3293 44.
1723 3278 1763 3284 -—
1783 3260 1795 3279 ⁹
1809 3261 1922 3301 Greg„
1939 3260 1973 3291 in
1989 3260 2130 3302 Evanq„
2150 3261 2244 3293 hom.
2263 3268 2311 3302 xi,
2332 3269 2367 3293 n.
2387 3264 2416 3292 ¹1.

1385 3332 1425 3338 --
1451 3314 1477 3336 1⁰
1500 3312 1594 3349 Gen„
1620 3317 1698 3349 xxi,
1725 3310 1757 3340 6.
1778 3325 1818 3332 -
1840 3309 1866 3330 ¹¹
1886 3307 1985 3348 ibid„
2011 3315 2100 3349 xxx,
2126 3310 2176 3340 23.
2199 3325 2240 3332 -
2263 3309 2288 3330 ¹2
2306 3308 2419 3342 Dent„

1386 3369 1455 3400 vn,
1484 3353 1542 3391 14.¹
1565 3375 1606 3381 -—
1640 3357 1663 3378 ¹³
1692 3358 1698 3386 Ι
1726 3357 1817 3397 neq„
1851 3364 1879 3396 1,
1914 3358 1944 3387 6.
1972 3374 2012 3380 -
2039 3357 2061 3374 ¹⁴
2087 3355 2176 3388 Psal.
2202 3363 2292 3394 cxn,
2320 3357 2349 3388 9.
2378 3373 2413 3378 -—

1388 3407 1414 3430 ¹⁵
1436 3409 1550 3446 Rern„
1571 3413 1673 3444 super
1692 3403 1815 3434 Missus
1833 3405 1894 3440 est,
1917 3402 2010 3434 hom.
2029 3410 2070 3434 11.
