2634 3853
296 206 373 245 576

296 292 419 343 dum,
448 293 489 333 et
517 291 701 345 Spiritus
728 292 859 333 sancti
888 291 1047 333 donum
1075 303 1173 333 cum
1201 303 1323 332 reve-

294 363 429 404 rentia
447 363 783 417 suscipiendum:
807 362 906 415 quia
926 361 1106 403 Joannes
1132 363 1142 384 ¹
1162 377 1170 402 :
1193 377 1213 401 c<
1243 361 1323 411 Qui

295 447 381 476 non
400 436 652 477 honorificat
674 436 810 475 filium
824 466 834 485 ‚
865 446 951 474 non
973 434 1223 474 honorificat
1243 432 1323 473 Pa-

295 509 426 558 trem,
448 522 467 545 ›)
487 511 563 548 etc.
585 507 749 547 justum
773 508 835 546 est
855 505 980 546 etiam
998 505 1190 557 judicare
1210 504 1322 557 quod

296 578 405 620 Deus
426 582 437 601 ²
464 579 701 631 «judicabit
721 578 866 618 orbem
890 580 1100 618 terrarum
1122 577 1166 616 in
1188 576 1323 629 eequi-

295 654 377 692 tate
387 666 396 701 3
408 666 426 689 ))
443 654 481 691 et
493 651 679 703 seipsum
690 650 934 703 Judica11do,
950 649 1071 690 debet
1084 648 1323 701 praevenire

295 723 396 763 illud
413 723 642 774 judicium,
666 722 767 775 quia
788 726 801 747 ⁸
820 734 829 762 ε
857 720 936 761 «Si
956 720 1235 773 nosmetipsos
1258 718 1324 758 di-

290 793 580 843 judicaremus
597 824 607 842 ,
635 805 722 833 non
750 793 899 845 utique
924 791 1270 844 dijudicaremur.
1300 803 1319 827 n

301 864 413 904 [nde
431 864 685 905 conscientia
698 862 945 904 naturaliter
961 864 1266 911 remurmurat,
1286 863 1327 901 et

295 933 383 986 ipsa
404 936 581 974 testatur
602 934 715 987 quod
736 933 848 974 mala
867 935 1012 973 nostra
1030 944 1116 973 non
1137 943 1327 972 remane-

295 1005 401 1045 bunt
420 1005 569 1046 inulta.
593 1005 643 1046 Et
662 1005 755 1046 ideo
776 1017 830 1045 ex
849 1005 939 1058 ipsa
959 1004 1161 1044 debemus
1181 1001 1327 1042 sollici-

295 1077 375 1117 tari
409 1078 461 1118 ad
495 1077 684 1119 divinam
717 1077 901 1128 gratiam
936 1074 1261 1129 promerendam
1280 1073 1322 1113 “:

301 1163 320 1186 α
341 1148 443 1189 Cum
464 1150 612 1200 gentes
629 1159 726 1201 quae
742 1147 883 1199 legem
904 1158 991 1187 non
1011 1146 1184 1196 habent,
1203 1147 1328 1185 natu-

295 1218 438 1260 raliter
458 1231 528 1270 ea,
546 1231 642 1271 quae
656 1218 763 1271 legis
782 1220 895 1269 sunt,
912 1217 1067 1258 faciunt
1083 1230 1092 1267 ;
1114 1214 1326 1269 ejusmodi

294 1291 435 1343 legem
457 1302 543 1331 non
563 1291 788 1341 habentes,
809 1289 889 1342 ipsi
910 1289 991 1329 sibi
1012 1291 1113 1329 sunt
1129 1288 1199 1329 lex
1220 1302 1228 1327 :
1253 1286 1327 1340 qui

295 1362 521 1403 ostendunt
545 1373 653 1414 opus
679 1361 787 1414 legis
817 1360 1022 1414 scriptum
1054 1360 1097 1400 in
1131 1359 1328 1400 cordibus

295 1434 401 1484 suis,
423 1434 714 1475 testimonium
741 1433 941 1475 reddente
966 1433 1050 1474 illis
1071 1431 1327 1474 conscientia

295 1507 510 1559 ipsorum⁷
533 1520 552 1544 ›>
577 1509 656 1547 etc.

350 1577 513 1628 Tertio,
540 1579 749 1630 quantum
776 1578 827 1619 ad
857 1577 1232 1618 commonitionem
1260 1588 1328 1617 su-

296 1648 472 1701 perioris
499 1649 636 1698 edicti,
663 1649 805 1690 subdit
840 1649 893 1702 (v.
919 1648 981 1701 58)
1016 1661 1025 1689 :
1057 1648 1159 1689 Cum
1188 1651 1327 1690 autem

295 1720 423 1762 vadis
442 1731 535 1762 cum
555 1720 804 1762 adversario
826 1724 895 1762 zuo
923 1719 981 1762 ad
997 1720 1253 1772 principem,
1277 1720 1327 1760 in

294 1793 381 1843 via,
399 1794 476 1833 eto.
498 1791 610 1833 Beda
628 1792 640 1814 ⁵
663 1807 671 1833 :
692 1807 711 1831 ((
731 1791 1008 1833 Adversarius
1026 1793 1170 1833 noster
1190 1791 1236 1831 in
1257 1791 1327 1833 via

295 1867 355 1904 est
382 1876 521 1904 sermo
546 1863 618 1904 Dei
639 1863 872 1904 contrarius
901 1863 1056 1903 nostris
1085 1862 1328 1903 carnalibus

294 1934 511 1976 desideriis
535 1935 579 1975 in
607 1935 806 1988 praesenti
825 1935 933 1985 vita;
964 1934 1158 1988 princeps
1186 1937 1328 1975 noster

296 2008 357 2046 est
371 2005 559 2047 Christus
575 2006 588 2027 ⁶
610 2019 620 2047 ε
643 2022 662 2045 ((
681 2006 881 2058 Princeps
898 2018 946 2046 ea
960 2017 1057 2058 quaa
1076 2005 1208 2058 digna
1227 2007 1328 2047 sunt

293 2077 479 2130 principe
521 2078 740 2130 cogitabit.
782 2092 801 2115 »
846 2077 910 2118 Ad
941 2077 1056 2118 hunc
1093 2077 1327 2130 principem

293 2160 431 2189 sermo
451 2148 523 2189 Dei
552 2148 701 2200 dirigit
719 2159 796 2189 nos
820 2147 978 2200 triplici
1003 2148 1086 2200 via,
1110 2149 1267 2190 scilicet
1287 2153 1324 2190 1.

293 2219 560 2268 innocentiae,
583 2219 634 2259 de
659 2232 744 2272 qua
776 2219 820 2259 in
850 2219 1015 2262 Psalmo
1040 2224 1053 2246 ⁷
1081 2234 1089 2260 :
1121 2235 1140 2258 <‹
1160 2220 1326 2261 Ambu-

294 2290 385 2330 lans
414 2290 457 2330 in
484 2290 554 2330 via
573 2290 858 2341 immaculata,
883 2289 954 2330 hic
982 2290 1088 2330 mihi
1113 2289 1328 2331 ministra-

294 2361 365 2401 bat
378 2376 387 2411 ;
409 2376 427 2399 »
448 2361 573 2403 2.via
587 2361 871 2414 poenitentiaeS
890 2374 899 2400 ι
918 2378 932 2396 «
951 2361 1073 2403 Viam
1091 2361 1223 2402 trium
1245 2362 1329 2403 die-

294 2444 391 2472 rum
411 2444 644 2485 pergemus
671 2432 714 2472 in
736 2432 1030 2484 solitudinem3
1053 2446 1071 2470 ›)
1099 2436 1136 2474 3.
1166 2433 1237 2474 via
1264 2445 1329 2474 sa-

294 2503 510 2556 pientiae⁹z
531 2503 682 2544 «Viam
701 2504 918 2556 sapientiae
930 2505 1166 2546 monstravi
1180 2505 1269 2557 tihi,
1288 2508 1330 2547 et

294 2574 398 2615 duxi
422 2574 473 2627 (a)
498 2576 539 2615 te
557 2586 632 2627 per
657 2575 825 2615 semitas
845 2575 1074 2628 aequitatis,
1096 2590 1116 2614 ›)
1145 2579 1222 2618 etc.
1244 2578 1328 2619 Has

295 2645 387 2686 vias
418 2646 585 2698 petebat
616 2645 826 2699 Propheta
845 2646 1129 2688 demonstrari
1155 2647 1249 2699 sibi,
1270 2648 1329 2689 di-

295 2728 393 2756 cens
425 2716 453 2738 ¹⁰
486 2731 494 2756 :
531 2732 549 2755 (‹
569 2716 666 2758 Vias
703 2720 822 2769 tuas,
855 2718 1057 2769 Domine,
1087 2719 1330 2762 demonstra

296 2787 415 2837 mihi,
432 2790 473 2829 et
492 2788 659 2829 semitas
679 2792 774 2830 tuas
795 2790 921 2830 edoce
936 2802 1017 2830 me.
1037 2805 1056 2828 n
1082 2790 1167 2831 Has
1185 2794 1328 2832 autem

296 2859 476 2900 ostendit
495 2861 691 2914 exemplo
712 2862 738 2883 ¹¹
760 2877 800 2902 ια
820 2862 909 2914 Ego
930 2875 1027 2903 sum
1048 2864 1133 2914 via,
1157 2865 1324 2917 veritas,

297 2932 337 2970 et
355 2931 456 2972 vita.
479 2946 498 2969 »
524 2932 710 2973 Ostendit
739 2935 869 2975 verbo
900 2936 1030 2978 lsaiae
1053 2934 1078 2956 ¹²
1108 2950 1116 2976 ε
1146 2950 1164 2973 (‹
1193 2935 1329 2977 Erunt

296 3002 406 3043 oculi
425 3003 488 3043 tui
502 3003 691 3045 videntes
710 3008 1013 3060 praeceptorem
1031 3010 1169 3059 tuum,
1191 3012 1231 3048 et
1250 3021 1327 3049 au-

296 3085 362 3113 res
391 3077 477 3115 tuae
503 3075 673 3116 audient
697 3078 878 3119 verbum
906 3082 1001 3131 post
1030 3081 1202 3131 tergum
1231 3091 1329 3120 mo·-

296 3145 450 3186 nentis.
479 3145 579 3187 Haec
606 3149 669 3187 est
697 3148 781 3199 via,
803 3149 1017 3191 ambulate
1040 3149 1085 3190 in
1113 3162 1174 3191 ea.
1196 3165 1216 3189 »
1254 3150 1326 3193 Os-

296 3216 430 3257 tendit
462 3217 587 3258 etiam
621 3217 730 3259 dono
761 3219 966 3262 divinitus
990 3221 1217 3274 inspirato;
1249 3223 1331 3264 Sa-

343 3324 479 3362 ¹J01171.,
501 3332 533 3365 v,
551 3326 603 3356 23.
621 3342 659 3347 —-
679 3324 690 3342 2
710 3325 803 3357 Psal.
824 3335 880 3367 xv,
901 3330 951 3359 43.
972 3346 1007 3350 ——
1029 3329 1040 3345 ³
1058 3329 1066 3358 l
1092 3329 1182 3368 For„
1205 3337 1254 3369 xi,
1277 3331 1327 3362 31.

297 3390 337 3396 —
362 3372 375 3393 ¹0
394 3372 499 3411 Hom„
526 3379 567 3412 11,
597 3374 709 3404 lsi-15.
736 3390 774 3395 —
800 3374 812 3395 ὅ
838 3376 933 3413 Ded„
960 3375 1018 3406 ubi
1046 3385 1118 3416 sup.
1147 3394 1186 3399 —
1211 3377 1225 3398 ⁶
1250 3377 1329 3416 Isa„

298 3427 418 3458 xxxn,
447 3420 478 3450 8.
505 3437 544 3443 -
570 3421 583 3441 ⁷
612 3420 705 3451 Psal.
733 3429 769 3460 c,
798 3424 827 3452 (5.
857 3439 896 3445 -
926 3424 936 3439 ’³
961 3423 1085 3462 Escozl„
1112 3431 1195 3464 viii,
1218 3425 1270 3455 27.
1292 3442 1328 3447 —

301 3467 312 3484 ³³
334 3466 442 3503 Proin,
466 3474 512 3505 iv,
539 3469 589 3499 11.
610 3484 650 3490 -
674 3468 701 3490 ¹⁰
723 3468 812 3500 Psal.
837 3477 932 3510 xxiv2
955 3472 986 3501 4.
1006 3487 1045 3493 -
1071 3471 1097 3492 ¹¹
1118 3471 1228 3510 Joan„
1257 3479 1330 3512 xlv,

301 3515 330 3546 6.
352 3532 392 3538 -
408 3516 436 3537 ¹²
456 3516 537 3554 Iso„
553 3523 635 3555 xxx,
652 3518 762 3550 20-21.
780 3535 815 3540 —
834 3517 863 3538 ¹³
881 3518 974 3559 Sap„
988 3527 1022 3559 x,
1043 3520 1144 3550 10.—
1167 3520 1191 3541 ¹¹0
1209 3519 1330 3561 Eccli„

1028 200 1310 244 EVANGELII
1341 199 1526 243 SANCTl
1556 200 1706 243 LUCAE

1393 292 1518 344 piens
1534 291 1584 332 ¹³:
1608 306 1627 329 «
1645 291 1666 332 J
1671 292 1815 332 ustum
1830 290 2002 333 deduxit
2021 291 2225 336 Dominus
2245 307 2319 349 per
2338 296 2429 338 vias

1396 366 1544 414 rectas,
1566 365 1607 403 et
1637 362 1817 404 ostendit
1845 362 1905 402 illi
1930 375 2115 415 regnum
2147 366 2275 407 Dei.»
2314 368 2417 415 Quo·

1395 435 1510 475 niam
1536 446 1641 486 ergo
1672 446 1810 475 sermo
1836 433 1908 474 Dei
1936 434 2085 487 dirigit
2110 450 2186 478 nos
2212 451 2286 492 per
2316 438 2430 480 viam

1396 509 1554 546 rectam
1583 518 1658 559 per
1686 518 1815 559 quam
1844 506 2066 546 carnalitas
2097 507 2158 548 ire
2190 513 2368 561 recusat,
2391 512 2431 550 et

1395 578 1503 618 ratio
1534 578 1672 630 magis
1696 579 1819 619 debet
1843 577 2013 618 credere
2039 579 2170 620 verbo
2192 581 2278 632 Dei,
2301 594 2430 635 quam

1397 649 1667 701 suggestioni
1687 649 1860 701 carnali,
1884 649 1976 690 ideo
1998 650 2162 690 subdit:
2182 653 2246 693 Da
2265 662 2432 705 operam

1397 720 1572 762 liberari
1604 720 1654 762 ab
1686 721 1772 772 illo,
1806 720 2018 773 implendo
2050 724 2275 774 praecepta,
2306 724 2433 764 decli-

1397 791 1536 832 nando
1563 791 1795 844 prohibita,
1824 791 2029 844 sperando
2061 792 2284 844 promissa,
2307 796 2347 834 et
2377 795 2434 835 ti-

1398 862 1551 903 mendo
1582 862 1948 903 comminationes.
1981 863 2060 912 Qui
2099 862 2191 904 haec
2224 864 2335 913 facit,
2368 877 2431 906 se-

1399 945 1529 973 curus
1551 935 1612 974 est
1631 934 1684 973 ab
1709 933 1950 975 adversario
1972 934 2000 955 ¹³*
2023 948 2031 973 :
2061 948 2080 972 «
2101 933 2263 975 Extolle
2286 935 2332 988 (b)
2361 935 2434 976 ad-

1398 1005 1652 1056 versarium,
1676 1007 1718 1046 et
1745 1005 1887 1057 afflige
1914 1004 2153 1046 inimicum.
2175 1020 2194 1043 >)
2222 1005 2301 1055 Qui
2322 1006 2435 1046 enim

1399 1077 1580 1117 verbum
1599 1076 1794 1118 divinum
1824 1077 2000 1126 extollit,
2026 1076 2264 1127 inimicum,
2285 1077 2327 1118 id
2356 1079 2434 1128 est,

1400 1161 1585 1200 carnem,
1600 1149 1830 1200 mundum,
1848 1152 1889 1190 et
1904 1149 2121 1190 diabolum
2138 1149 2302 1201 affligit.
2319 1149 2438 1190 Unde

1400 1219 1511 1260 Beda
1532 1220 1559 1241 ¹⁵
1588 1234 1596 1261 ε
1626 1235 1645 1259 «
1666 1219 1770 1261 Cum
1792 1220 1837 1261 in
1858 1220 1937 1260 hac
1957 1220 2045 1262 vita
2072 1232 2288 1273 praeparas
2319 1223 2359 1261 te
2385 1220 2438 1262 ad

1400 1291 1597 1344 placitam
1622 1290 1665 1343 (c)
1684 1292 1834 1333 faciem
1850 1292 2007 1345 judicis
2024 1291 2266 1342 videndam,
2290 1304 2437 1345 quam-

1401 1363 1466 1405 vis
1492 1375 1630 1404 sermo
1656 1363 1728 1404 Dei
1752 1363 1805 1403 sit
1836 1363 2073 1404 contrarius
2100 1365 2186 1404 tuae
2214 1362 2346 1413 carni,
2371 1365 2434 1404 ta-

1401 1446 1501 1475 men
1520 1447 1569 1475 eo
1598 1436 1717 1475 utere
1742 1434 1850 1475 sicut
1869 1434 2057 1475 custodia
2076 1434 2173 1475 data
2197 1434 2273 1475 tihi
2293 1434 2337 1474 in
2357 1434 2437 1475 hoc

1400 1505 1563 1557 itinere,
1599 1518 1653 1546 ne
1687 1508 1954 1558 contemptus
1991 1507 2032 1545 te
2069 1507 2249 1546 accuset.
2283 1520 2302 1543 ›)
2340 1505 2437 1547 ldeo

1401 1577 1573 1617 subdit:
1602 1577 1661 1619 Ne
1681 1578 1790 1628 forte
1819 1577 1963 1619 trahat
1994 1580 2030 1618 ze
2052 1575 2333 1627 adjudicent,
2356 1577 2437 1616 sci-

1401 1647 1497 1687 licet
1516 1647 1729 1688 Christum
1755 1648 1782 1669 11
1804 1661 1812 1687 :
1850 1662 1868 1685 «
1887 1647 1980 1699 Ipse
2000 1649 2062 1686 est
2089 1646 2163 1698 qui
2187 1646 2438 1688 constitutus

1401 1722 1463 1759 est
1477 1732 1501 1759 a
1515 1719 1598 1760 Deo
1606 1720 1741 1772 Judex
1753 1720 1955 1761 vivorum
1970 1722 2011 1760 et
2025 1721 2310 1770 mortuorum,
2320 1734 2338 1757 »
2358 1722 2435 1761 etc.

1402 1791 1458 1834 Ετ
1470 1791 1614 1844 judex·
1639 1792 1784 1835 tradat
1812 1795 1848 1835 te
1872 1792 2078 1842 exactori,
2100 1792 2141 1833 id
2167 1794 2230 1833 est
2256 1791 2435 1843 diabolo,

1401 1862 1475 1915 qui
1495 1863 1639 1916 exiget
1660 1863 1713 1917 (d)
1734 1866 1915 1917 peccata.
1933 1863 2005 1906 Job
2024 1865 2052 1890 ¹⁷
2068 1878 2102 1905 :<‹
2126 1863 2219 1904 Non
2239 1863 2439 1904 exaudie-

1401 1938 1504 1976 runt
1524 1948 1670 1977 vocem
1704 1937 1926 1978 exactoris.
1953 1952 1972 1975 »
2005 1937 2061 1980 Εἰ
2090 1940 2263 1981 exactor
2292 1938 2439 1980 mittat

1403 2011 1440 2050 ze
1459 2008 1508 2050 in
1528 2019 1749 2061 carcerem,
1772 2009 1929 2050 scilicet
1947 2009 2197 2050 infernalem
2219 2009 2246 2032 ¹⁸
2269 2023 2311 2050 z«
2339 2008 2439 2051 Con-

1405 2079 1708 2131 gregabuntur
1727 2080 1774 2120 in
1805 2080 2140 2133 congregatione
2173 2080 2300 2122 unius
2318 2080 2438 2121 fascis

1403 2150 1446 2190 in
1466 2150 1623 2202 lacum«.
1645 2153 1686 2192 et
1704 2151 1953 2192 claudentur
1971 2151 2030 2192 ibi
2042 2152 2087 2192 in
2102 2164 2281 2203 carcere,
2295 2166 2314 2190 »
2339 2151 2439 2205 quia

1403 2233 1528 2274 poena
1547 2222 1626 2261 ista
1645 2224 1707 2262 est
1728 2222 2072 2273 irremediabilis;
2094 2226 2316 2276 propterea
2333 2223 2435 2263 sub-

1403 2292 1603 2345 iungitur
1632 2294 1689 2343 (v.
1715 2292 1777 2345 59)
1805 2307 1814 2333 ε
1846 2294 1951 2335 Dico
1979 2294 2071 2344 tibi,
2094 2304 2179 2336 non
2198 2295 2316 2336 exies
2336 2293 2437 2336 inde

1404 2362 1531 2405 donec
1556 2363 1840 2408 novissimum
1858 2364 2073 2406 minutum
2092 2364 2266 2415 reddas,
2290 2364 2334 2405 id
2358 2366 2435 2415 est,

1405 2446 1644 2487 nunquam,
1666 2434 1767 2486 quia
1795 2446 2018 2487 nunquam
2040 2435 2203 2476 reddes.
2228 2435 2340 2477 Beda
2368 2436 2396 2457 ¹⁹
2425 2447 2435 2477 :

1410 2521 1428 2544 (1
1459 2505 1616 2546 Reddet
1645 2517 1811 2558 semper
1847 2518 1993 2559 poenas
2029 2519 2105 2560 pro
2143 2507 2323 2561 peccatis
2361 2519 2439 2560 pa-

1404 2576 1562 2628 tiendo,
1586 2577 1659 2618 sed
1678 2589 1902 2630 nunquam
1922 2577 2094 2618 veniam
2114 2578 2391 2632 assequendo.
2413 2592 2432 2616 ›)

1404 2648 1522 2689 Unde
1546 2648 1676 2691 donec
1703 2661 1788 2690 non
1816 2648 1937 2702 ponit
1961 2648 2031 2690 hic
2061 2650 2308 2702 terminum,
2331 2649 2440 2690 sicut

1404 2731 1481 2760 nec
1511 2719 1570 2760 ibi
1596 2721 1626 2746 20
1652 2732 1662 2761 t
1691 2719 1842 2761 «Dixit
1877 2720 2084 2762 Dominus
2112 2721 2292 2762 Domino
2326 2732 2436 2772 meO,

1404 2791 1501 2832 sede
1520 2804 1545 2831 a
1564 2791 1723 2832 dextris
1743 2792 1862 2843 meiS‚
1890 2793 2021 2834 donec
2051 2805 2209 2846 ponam
2242 2792 2439 2833 inimicos

1403 2866 1499 2904 tuos
1529 2863 1760 2905 scabellum
1797 2864 1954 2917 pedum
1984 2867 2174 2906 tuorum.
2202 2880 2222 2904 ›)
2265 2865 2439 2917 Augus-

1402 2935 1518 2976 tinus
1535 2936 1562 2960 2¹
1579 2948 1619 2977 ια
1638 2936 1775 2982 Donec
1794 2948 1880 2978 non
1898 2937 2132 2979 terminum
2152 2949 2291 2990 poenae
2308 2936 2339 2977 si
2346 2936 2439 2988 gni-

1403 3008 1516 3059 ficat,
1544 3008 1616 3049 sed
1648 3020 1814 3062 semper
1851 3009 1988 3052 solves
2017 3012 2058 3051 et
2087 3020 2437 3062 nunquamper-

1404 3079 1555 3122 solves.
1576 3093 1596 3118 ›)
1621 3079 1671 3121 Et
1698 3080 1852 3121 dicitur
1873 3081 2036 3124 solvere
2056 3072 2340 3123 novissimum
2360 3079 2438 3120 mi-

1404 3156 1574 3205 nutum,
1602 3153 1702 3207 quia
1730 3166 1817 3195 non
1849 3157 2015 3197 tantum
2047 3166 2124 3208 pro
2157 3154 2343 3207 magniS,
2366 3152 2438 3195 sed

1404 3274 1524 3308 xxxvi,
1543 3269 1571 3299 9.
1591 3285 1632 3291 —
1655 3267 1680 3289 ¹⁵
1701 3268 1809 3300 Gloss.
1831 3277 1871 3299 ex
1896 3267 1992 3308 Bed.>
2014 3267 2073 3299 ubi
2092 3277 2166 3308 sup.
2188 3285 2229 3291 -
2251 3268 2274 3289 ¹¹
2295 3267 2381 3307 Act„
2402 3274 2437 3308 x,

1406 3316 1456 3347 42.
1477 3332 1519 3338 ——
1540 3315 1563 3335 ¹7
1581 3314 1652 3354 Job,
1675 3322 1732 3355 111,
1754 3317 1805 3347 18.
1827 3333 1868 3338 —
1894 3316 1918 3336 ¹⁸
1939 3315 2018 3354 Isa„
2044 3323 2140 3357 xxiv,
2163 3316 2216 3346 22.
2235 3331 2277 3338 —-
2298 3314 2321 3336 ¹⁹
2341 3314 2436 3355 Bed.‚

1405 3362 1463 3393 ubi
1483 3371 1557 3403 sup.
1577 3379 1619 3385 -—
1644 3363 1671 3383 ἲ·
1697 3362 1788 3394 Psal.
1819 3370 1894 3402 CIX,
1922 3364 1960 3402 1,
1980 3364 2009 3393 2-
2033 3378 2073 3385 ——
2098 3363 2121 3384 ²¹
2148 3364 2249 3404 Aug.,
2274 3361 2313 3394 de
2337 3371 2437 3393 serm.

1406 3410 1503 3442 Dom.
1526 3412 1560 3442 in
1581 3413 1701 3450 monte,
1722 3411 1779 3442 lib.
1801 3411 1828 3451 l,
1848 3420 1878 3442 0.
1899 3418 1947 3450 xl,
1968 3420 2002 3444 n.
2025 3413 2076 3443 30.

1451 3471 1495 3512 (α)
1535 3470 1630 3512 Vulq.
1667 3470 1906 3502 monstrabo...
1942 3471 2075 3502 ducam.
2107 3489 2148 3494 —
2183 3469 2224 3511 (b)
2261 3469 2363 3502 Tolle.
2398 3485 2438 3492 —

1408 3519 1444 3560 (c)
1462 3518 1589 3551 Forsan'
1606 3518 1778 3560 teqendum
1792 3518 1971 3559 placidam.
1988 3536 2030 3542 —
2049 3518 2096 3560 (d)
2115 3519 2197 3552 Caet.
2214 3518 2293 3551 edit.
2312 3517 2435 3559 exegit.
