2634 3853
969 164 1240 207 EXPOSITIO
1270 165 1323 205 IN
1355 164 1471 206 CAP.
1503 162 1592 204 vll.

220 262 453 303 incredulos
477 261 486 282 ¹
511 271 521 300 ε
555 274 574 298 <‹
601 258 692 310 Ego
713 257 810 299 veni
836 257 880 297 in
906 255 1079 296 nomine
1110 253 1243 294 Patris

221 332 318 381 mei,
338 333 377 370 et
404 342 492 370 11011
517 330 729 382 accepistis
758 330 808 381 (a)
838 340 906 368 me
937 340 946 367 :
970 326 1004 366 si
1031 326 1139 366 alius
1170 337 1245 365 ve-

220 401 327 441 nerit
345 401 390 441 in
410 401 581 441 nomine
602 413 692 452 suo,
710 401 839 441 illum
860 397 1083 451 accipietis.
1109 411 1127 433 n

273 471 562 524 Subjungi’tur
617 475 757 513 autem
810 470 933 511 tertio
983 468 1245 509 demandatae

219 543 466 594 quaestionis
495 543 641 584 relatio
667 541 970 594 discipulorum
997 537 1243 586 ministerio,

219 625 316 652 cum
336 613 530 654 subditur
551 616 605 667 (v.
626 614 688 664 ΞΟ)
716 625 725 653 :
758 613 859 654 Cum
879 616 1018 652 aulem
1038 610 1249 651 venissent

221 683 278 725 ad
296 694 390 725 eum
410 686 511 735 viri,
529 687 605 725 etc.
630 684 701 724 lsti
722 684 804 724 duo
824 682 906 722 viri
926 680 1133 732 designati
1153 680 1250 718 sunt

221 766 296 806 per
321 755 426 796 duos
455 757 741 808 exploratores
759 756 772 776 ²
795 754 944 794 missos
971 752 1082 792 ultra
1109 750 1250 791 Jorda-

221 837 336 865 nem.
352 825 401 866 Et
421 827 619 868 dicuntur
637 826 730 877 viri,
748 826 847 878 quia
866 824 1044 865 viriliter
1060 825 1100 863 et
1119 821 1252 862 fideli-

225 899 289 937 ter
305 898 591 950 impleverunt
613 898 723 950 quod
744 898 805 937 eis
823 897 959 937 fuerat
979 895 1248 947 imperatum.

224 967 339 1009 Unde
359 969 550 1009 subditur
567 982 576 1009 :
593 970 809 1010 Dioeerunc
827 980 839 1008 :
856 968 1038 1009 ι1011111105
1057 966 1253 1017 Baptista

224 1040 345 1081 misit
373 1049 448 1081 nos
479 1040 537 1081 ad
565 1045 617 1090 Ie,
639 1043 687 1080 ut
716 1039 870 1079 scilicet
892 1050 970 1078 nos
1000 1038 1043 1077 in
1074 1048 1254 1089 persona

225 1121 301 1150 sua
320 1122 610 1162 quaereremus
627 1124 652 1151 a
671 1114 725 1152 te.
747 1110 862 1159 Quod
883 1111 1016 1157 notat,
1041 1120 1139 1148 00111
1160 1107 1255 1147 sub-

226 1180 285 1221 dit
322 1196 330 1222 :
363 1182 547 1224 Dicens:
581 1183 641 1224 Tu
673 1194 714 1224 es
742 1183 817 1235 qui
847 1184 1051 1223 venturus
1076 1183 1159 1227 est,
1197 1190 1254 1220 αη

227 1251 360 1293 alium
381 1254 683 1305 expectamus?
711 1252 827 1293 Unde
853 1255 951 1292 nota
983 1251 1093 1304 quod
1115 1262 1254 1303 quaes-

226 1321 284 1361 tio
315 1322 394 1362 ista
419 1317 672 1376 proponitur
699 1336 724 1362 a
754 1322 970 1374 discipulis
1002 1322 1046 1361 in
1077 1332 1256 1373 persona

225 1390 247 1431 J
250 1392 414 1442 oannis,
431 1395 479 1432 ut
498 1393 757 1442 ostendatur,
778 1393 892 1444 quod
905 1391 1098 1443 discipuli
1116 1392 1256 1431 ferunt

226 1465 338 1505 intra
356 1478 400 1506 se
427 1466 620 1507 animun]
643 1466 834 1516 dubium,
857 1464 928 1505 5011
958 1477 1033 1517 per
1051 1464 1257 1504 Joannem

228 1537 474 1589 diriguntur
510 1538 556 1590 (b)
589 1538 641 1578 ad
673 1537 900 1578 Christum.
931 1535 1047 1577 Unde
1078 1535 1259 1576 Joannes

228 1618 314 1647 non
336 1619 410 1659 per
430 1620 473 1648 se
493 1609 773 1661 quaestionem
794 1607 1026 1661 proposuit,
1049 1606 1146 1659 quia
1172 1619 1259 1647 11011

230 1677 275 1717 111
299 1689 357 1729 50,
376 1679 448 1719 sed
468 1679 511 1719 in
536 1679 749 1732 discipulis
771 1679 991 1720 dubitavit.
1015 1678 1065 1718 Et
1083 1678 1163 1717 1100
1182 1680 1257 1728 est,

230 1749 343 1800 quod
371 1749 470 1790 dicit
497 1749 818 1803 Chrysostomus
839 1753 852 1774 ³
876 1764 884 1789 ε
918 1765 936 1788 α
957 1748 1036 1798 Qui
1056 1761 1080 1788 a
1101 1747 1261 1800 Spiritu

231 1819 443 1872 didicerat,
463 1821 539 1874 qui
558 1834 706 1863 vocem
724 1821 854 1862 Patris
872 1821 1077 1870 audierat,
1095 1820 1261 1872 [101000-

232 1893 331 1932 teris
357 1894 669 1946 praedicaverat,
694 1894 766 1947 qui
797 1893 1086 1934 testimonium
1122 1892 1264 1945 perhi-

233 1963 405 2014 buerat,
428 1965 641 2017 quomodo
667 1968 759 2017 post
778 1964 913 2005 multa
943 1964 1167 2014 miracula,
1190 1976 1264 2016 per

235 2045 330 2086 quae
348 2034 439 2075 aliis
458 2035 715 2086 innotuerat,
731 2035 982 2076 dubitabat?
1002 2050 1020 2073 ))
1048 2034 1265 2087 Numquid

234 2104 421 2146 timidior
440 2109 611 2159 propter
629 2106 1002 2146 incarcerationem
1021 2105 1154 2145 factus
1174 2105 1265 2144 fue-

233 2177 327 2215 rat?
358 2176 493 2226 Absit,
523 2189 623 2217 cum
656 2189 756 2217 eum
797 2176 1001 2216 Dominus
1037 2176 1146 2216 dicat
1180 2188 1267 2216 non

235 2257 324 2287 esse
354 2247 605 2288 arundinem
632 2250 760 2288 vento
787 2247 1008 2299 agitatam.
1033 2246 1149 2287 Unde
1181 2259 1267 2287 non

235 2317 467 2368 dubitavit;
490 2319 561 2359 sed
580 2319 712 2360 verba
731 2319 961 2359 dubitantis
980 2318 1197 2371 proposuit
1216 2318 1268 2358 ad

239 2387 532 2428 certitudinem
548 2388 870 2440 discipulorum3
889 2389 997 2428 sicut
1012 2387 1240 2428 Dominus‘·
1256 2399 1264 2424 :

246 2473 265 2496 (‹
297 2458 371 2499 Ubi
403 2458 598 2511 posuistis
626 2460 754 2499 eum?
774 2472 793 2495 »
822 2457 873 2498 Et
894 2459 906 2480 ⁵
930 2470 938 2497 ε
973 2473 992 2495 «
1018 2457 1134 2498 Unde
1159 2469 1269 2498 eme-

239 2541 336 2570 mus
354 2531 514 2583 panes?
541 2544 559 2568 n
586 2529 814 2582 Gregorius
840 2532 982 2570 tamen
1013 2529 1105 2570 vult
1123 2533 1136 2554 ⁶
1158 2528 1271 2581 quod

238 2601 511 2653 dubitaverit,
532 2604 573 2643 et
597 2601 840 2654 quaesiverit
859 2613 946 2642 non
966 2601 1017 2641 de
1037 2599 1175 2653 primo
1195 2599 1269 2640 ad-

239 2676 385 2723 ventu,
410 2673 461 2715 de
481 2686 566 2726 quo
592 2675 732 2714 certus
760 2675 864 2723 erat,
887 2672 959 2713 sed
988 2671 1039 2712 de
1068 2672 1272 2713 descensu

239 2744 293 2784 ad
323 2744 492 2795 inferos,
518 2756 604 2797 quo
625 2744 838 2785 Christum
869 2744 1008 2785 adhuc
1035 2743 1273 2796 praecedere

241 2815 431 2856 debebat.
461 2814 712 2856 Ambrosius
743 2827 845 2857 vero
870 2814 995 2855 1*011“1
1015 2814 1129 2866 quod
1157 2813 1276 2855 dubi-

242 2885 406 2938 taverit,
429 2898 515 2927 non
543 2899 597 2927 ex
616 2886 878 2936 infidelitate,
898 2888 972 2926 aut
996 2885 1206 2936 tarditate,
1228 2888 1276 2926 ut

245 2955 453 3009 discipuli,
477 2957 549 2998 sed
581 2958 764 3010 quadam
795 2957 962 3010 pietate,
987 2956 1097 2997 sicut
1123 2956 1277 2997 dicitur

247 3024 292 3064 111
311 3025 467 3069 Glossa.

302 3099 367 3137 21.
390 3098 441 3140 In
463 3100 560 3151 ipsa
588 3104 728 3144 autem
753 3101 871 3152 hora,
894 3102 971 3140 etc.
998 3099 1095 3141 Post
1122 3111 1276 3152 propo-

252 3166 375 3207 sitam
409 3172 686 3221 quaestionem
720 3172 864 3214 subdit
893 3171 1138 3224 quaestionis
1172 3171 1280 3211 solu-

251 3237 410 3279 tionem
440 3241 493 3281 ad
522 3243 824 3298 discipulorum
850 3243 1030 3284 dubium
1061 3253 1281 3283 removen-

297 3321 305 3338 ¹
327 3321 435 3361 Jorm„
463 3331 496 3363 v,
525 3326 576 3356 43.
602 3343 643 3349 —
667 3327 677 3345 2
701 3328 780 3365 Jos.,
808 3335 852 3367 11,
873 3329 905 3357 1.
931 3343 970 3349 -
995 3325 1007 3343 ³
1032 3324 1218 3366 Chrysost·‚
1249 3324 1282 3355 ἴῃ

254 3368 386 3408 Matth„
410 3369 505 3402 hom.
525 3379 662 3414 xxxvn,
688 3374 731 3405 al.
752 3382 872 3414 xxxvr,
898 3382 933 3406 n.
959 3376 988 3404 1.
1008 3390 1050 3395 -
1069 3373 1080 3391 ⁴
1102 3374 1209 3411 dorm„
1235 3380 1280 3411 Χῖ,

255 3416 305 3447 31.
326 3432 366 3439 -
385 3416 395 3434 ⁵
416 3417 513 3458 ibid„
533 3426 581 3458 VJ,
601 3421 632 3451 5.
652 3436 693 3445 ——
714 3422 727 3443 6
749 3422 864 3462 Greg.,
884 3422 919 3452 in
942 3421 1086 3461 Evanq„
1106 3419 1199 3452 hom.
1221 3426 1282 3449 Vll·

253 3479 294 3486 —
316 3463 326 3482 ⁷
350 3464 480 3505 Arnim,
508 3466 543 3497 in
571 3467 660 3508 Luc„
690 3468 748 3500 lib.
781 3469 823 3509 V,
843 3478 879 3500 n.
906 3470 958 3500 98.
978 3486 1020 3492 -
1041 3468 1055 3489 ⁸
1074 3469 1177 3504 Rom,
1199 3474 1283 3506 ΧΙΗ,

2268 161 2343 199 399

1319 253 1419 294 dum
1428 285 1438 302 ,
1452 254 1492 292 et
1504 249 1676 292 loannis
1689 247 1979 289 testimonium
1993 247 2343 287 confirmandum.

1320 323 1367 363 In
1403 335 1486 375 qua
1524 320 1726 361 Dominus
1769 316 2069 370 perfectissime
2111 317 2345 368 respondet,

1321 393 1473 433 50111001
1493 389 1732 444 quaestioni,
1754 391 1794 428 et
1814 387 2036 440 quaerenti,
2057 389 2097 426 et
2116 386 2233 426 omni
2254 397 2348 425 0011-

1320 463 1553 504 tradicenti.
1576 461 1767 502 Primum
1787 459 1956 511 quidem
1978 457 2198 510 respondet
2216 468 2347 509 qums-

1321 536 1440 586 tioni,
1462 535 1649 575 faciendo
1683 531 1887 572 miracula
1914 543 1989 584 per
2022 542 2117 582 quae
2149 529 2351 582 probatur

1320 607 1459 659 ipsum
1490 618 1578 646 esse
1607 605 1835 654 Christum,
1859 604 1948 644 sive
1979 602 2192 650 Messiam3
2224 603 2264 640 et
2298 599 2351 639 ob

1321 680 1402 720 hoc
1431 678 1581 719 dicitur
1610 692 1618 717 ε
1655 678 1706 718 In
1740 678 1838 728 ipsa
1867 679 2004 717 autem
2032 674 2163 719 hora,
2198 671 2355 712 50111001

1325 750 1533 791 adventus
1563 747 1883 800 discipulorum.
1914 746 2017 794 Quae
2055 744 2227 797 quidem
2268 744 2357 782 erat

1323 820 1428 860 hora
1444 817 1711 871 propalandae
1727 816 1929 866 veritatis,
1947 816 2181 856 secundum
2195 813 2299 854 illud
2312 814 2325 836 ⁸
2345 825 2354 852 :

1330 906 1348 929 (ι
1368 890 1480 930 Hora
1499 894 1561 930 est
1578 890 1667 941 jani
1686 899 1763 928 nos
1781 888 1830 927 de
1853 898 2003 927 somno
2027 897 2217 937 surgere,
2235 899 2253 921 ›)
2278 887 2355 924 ete.

1326 962 1373 1002 In
1394 962 1471 1002 hac
1490 973 1611 1012 ergo,
1634 959 1686 1000 ad
1706 958 1929 1001 veritatem
1948 956 2265 1010 propalandam,
2294 966 2362 996 cu-

1326 1035 1441 1075 ravit
1460 1032 1630 1081 inuno&
1654 1031 1697 1070 in
1729 1031 1851 1082 quus
1877 1030 2019 1080 figura
2043 1027 2196 1068 dicitur
2220 1026 2270 1066 de
2290 1024 2359 1065 Si-

1329 1116 1454 1144 mone
1473 1104 1560 1144 filio
1581 1102 1696 1143 Oniae
1719 1101 1732 1122 ⁹
1758 1115 1766 1141 :
1795 1116 1813 1138 «
1832 1099 2003 1140 Curavit
2023 1100 2193 1150 gentem
2223 1108 2360 1145 suani,

1329 1178 1370 1216 et
1394 1174 1588 1215 liberavit
1609 1185 1699 1214 eam
1722 1184 1747 1212 a
1766 1170 2012 1225 perditione.
2035 1183 2053 1206 n
2089 1167 2140 1208 Et
2159 1167 2257 1219 quia
2282 1166 2321 1207 vi
2331 1179 2364 1205 r-

1330 1249 1398 1287 tus
1429 1245 1733 1285 miraculorum
1764 1254 1851 1282 non
1883 1241 2021 1281 solum
2055 1238 2286 1280 attenditur
2320 1238 2364 1277 in

1331 1316 1602 1357 multitudine
1633 1317 1895 1363 curatorum,
1916 1315 1956 1352 et
1987 1324 2040 1352 ex
2071 1313 2188 1363 parte
2219 1321 2365 1361 perso-

1331 1399 1500 1437 narum,
1521 1386 1591 1426 sed
1612 1385 1738 1425 etiam
1758 1397 1812 1424 ex
1829 1385 1946 1435 parte
1968 1382 2214 1422 morborum
2232 1392 2242 1429 3
2270 1379 2364 1419 ideo

1332 1459 1526 1499 subditur
1548 1457 1662 1510 quod
1694 1469 1718 1496 a
1752 1453 1980 1505 multiplici
2006 1450 2258 1503 {egritudine
2289 1461 2364 1489 00-

1334 1529 1461 1579 ravit,
1499 1528 1654 1568 scilicet
1692 1538 1718 1568 α
1756 1523 2033 1578 languoribus
2069 1522 2183 1572 suis,
2224 1520 2364 1573 quoad

1336 1600 1473 1641 morbi
1502 1599 1787 1652 prolixitatem
1811 1598 1838 1622 ¹⁰
1863 1608 1872 1635 ε
1901 1610 1920 1633 «
1939 1595 2143 1645 Languor
2162 1590 2366 1645 prolixior

1336 1674 1489 1723 gravat
1510 1671 1720 1711 medicum
1735 1684 1745 1719 ;
1777 1669 1952 1708 brevem
1980 1666 2233 1717 languorem
2258 1674 2364 1715 prae-

1338 1743 1435 1783 cidit
1454 1742 1641 1782 medicus
1665 1755 1673 1781 z
1696 1754 1714 1778 ›)
1746 1742 1793 1780 ut
1821 1738 1879 1778 510
1907 1737 2153 1790 impleretur
2180 1734 2284 1774 illud
2305 1734 2330 1755 ¹¹
2355 1746 2364 1773 :

1345 1830 1363 1853 (ι
1385 1813 1490 1855 Vere
1511 1814 1746 1864 languores
1764 1813 1930 1851 nostros
1949 1810 2037 1862 ipse
2056 1807 2164 1858 tulit,
2187 1809 2228 1848 et
2247 1806 2367 1847 dolo-

1338 1898 1405 1926 res
1424 1887 1591 1926 nostros
1611 1884 1699 1936 ipse
1720 1881 1915 1935 portavit,
1933 1894 1952 1918 1)
1986 1880 2041 1922 Ec
2063 1879 2217 1931 plagis,
2240 1889 2371 1930 quan-

1338 1958 1431 1996 tum
1456 1956 1508 1996 ad
1537 1954 1673 1995 morbi
1699 1952 1983 2001 acerbitatem,
2007 1949 2240 1990 secundum
2267 1947 2369 1988 illud

1340 2028 1572 2069 Hieremiae
1590 2027 1619 2050 1²
1638 2040 1677 2065 z«
1693 2024 1824 2076 Plaga
1843 2022 2003 2063 inimici
2024 2020 2209 2074 percussi
2230 2023 2270 2060 te
2289 2030 2374 2060 cas-

1341 2098 1545 2150 tigatione
1565 2096 1741 2137 crudeli.
1760 2110 1778 2133 n
1801 2095 1866 2135 Ab
1886 2094 1950 2134 his
1970 2093 2134 2134 curavit
2154 2091 2371 2141 Dominus,
2416 2108 2422 2113 ,

1342 2170 1452 2210 sicut
1479 2170 1523 2209 in
1552 2168 1717 2209 Psalmo
1743 2166 1901 2219 petitur
1922 2165 1981 2204 ¹³:
2012 2179 2031 2202 «
2059 2164 2222 2204 Amove
2253 2175 2277 2203 a
2308 2174 2376 2202 me

1343 2241 1490 2294 plagas
1510 2244 1618 2281 tuas.
1632 2254 1650 2277 2)
1676 2239 1732 2281 Et
1750 2236 1977 2290 spiritibus
1998 2235 2138 2285 malis,
2162 2236 2372 2287 quantum

1344 2312 1397 2353 ad
1428 2312 1639 2364 impetum
1670 2310 1819 2350 alienae
1847 2307 2080 2357 violentiae,
2121 2306 2194 2358 qui
2225 2306 2272 2345 fit
2303 2316 2376 2358 per

1345 2383 1540 2436 spiritum
1574 2382 1735 2422 malum
1765 2380 1823 2420 ¹⁵:
1852 2395 1871 2418 (‹
1890 2378 2142 2430 Exagitabat
2171 2376 2271 2418 Saul
2299 2377 2378 2429 spi-

1345 2454 1453 2494 ritus
1474 2464 1658 2505 nequam
1678 2464 1703 2492 a
1728 2450 1920 2491 Domino.
1944 2464 1963 2487 ))
1997 2450 2053 2492 Ec
2081 2449 2202 2490 coecz's
2230 2447 2378 2489 mullis

1347 2525 1525 2567 donavit
1561 2525 1717 2566 visum.
1759 2523 1808 2563 In
1849 2534 1934 2575 quo
1977 2523 2150 2562 notatur
2195 2519 2379 2560 defectus

1347 2595 1586 2639 intrinsecae
1614 2593 1831 2647 potentiae;
1864 2595 1913 2633 ut
1942 2592 1999 2632 sic
2024 2591 2250 2644 impleatur
2276 2589 2379 2630 illud

1348 2667 1479 2708 Isaz'oe
1499 2666 1526 2687 ¹³
1547 2678 1558 2707 x
1590 2680 1609 2704 c(
1633 2665 1690 2706 De
1709 2664 1894 2705 tenebriS
1913 2667 1953 2704 et
1971 2662 2155 2714 caligine
2175 2660 2285 2702 oculi
2302 2671 2380 2700 00),-

1350 2751 1498 2779 corum
1517 2738 1737 2779 videbunt.
1761 2752 1780 2775 »
1808 2738 1858 2776 Et
1877 2747 1951 2789 per
1970 2735 2062 2775 haec
2083 2733 2322 2774 manitestat
2339 2742 2382 2771 se

1350 2821 1440 2850 esse
1465 2809 1603 2858 illum,
1626 2808 1699 2861 qui
1718 2810 1807 2849 erat
1831 2810 2039 2849 venturus
2066 2805 2094 2827 ¹⁶
2120 2819 2128 2846 ε
2157 2802 2278 2845 «Vos
2298 2801 2383 2842 mi-

1351 2881 1460 2921 sistis
1480 2880 1531 2921 ad
1556 2880 1576 2921 J
1581 2891 1777 2930 oannem,
1801 2881 1841 2919 et
1860 2876 2151 2918 testimonium
2170 2873 2384 2928 perhibuit

1352 2952 1534 2993 veritati.
1557 2967 1576 2990 ›)
1608 2951 1658 2992 Et
1677 2950 1870 2992 subditur
1892 2964 1901 2990 :
1933 2964 1952 2988 c(
1976 2948 2068 3001 Ego
2088 2949 2230 2988 autem
2249 2945 2384 2986 habeo

1352 3023 1645 3065 testimonium
1679 3024 1818 3075 majus
1849 3021 2024 3063 Joanne.
2061 3034 2080 3058 ›)
2113 3018 2163 3060 Et
2193 3020 2335 3071 postea
2372 3030 2381 3056 ε

1359 3094 1532 3148 «Opera
1550 3107 1647 3148 quae
1678 3106 1759 3146 ego
1778 3093 1899 3144 facio,
1920 3090 2211 3133 testimonium
2243 3086 2386 3141 perhi-

1353 3167 1454 3208 bent
1474 3167 1524 3208 de
1544 3178 1629 3207 me.
1651 3181 1670 3204 n

1358 3264 1451 3294 11.—
1470 3262 1482 3280 ⁹
1505 3261 1618 3297 Ecclt'„
1640 3268 1678 3300 L,
1701 3261 1729 3291 4.
1749 3277 1788 3282 ——
1810 3259 1833 3281 ¹⁰
1852 3258 1968 3298 Eccffi,
1990 3266 2029 3299 x,
2055 3262 2147 3289 11.-
2172 3257 2192 3277 ¹¹
2215 3257 2292 3296 rsa„
2309 3262 2385 3296 Lm,

1357 3312 1387 3341 4.
1414 3310 1502 3332 -12
1526 3310 1660 3349 Jerem„
1685 3315 1774 3348 xxx,
1802 3309 1849 3339 lt.
1871 3324 1910 3330 —-
1936 3307 1963 3328 1³
1984 3306 2073 3338 Psal.
2102 3312 2255 3344 xxxvm,
2279 3307 2327 3336 11.
2347 3321 2387 3327 —-

1357 3357 1414 3387 111
1435 3357 1525 3397 Req„
1547 3363 1619 3397 xvi,
1652 3357 1701 3387 14.
1721 3372 1762 3379 —-
1784 3355 1807 3377 ¹⁵
1822 3355 1900 3395 isa„
1927 3361 2022 3392 xxm,
2050 3355 2098 3384 18.
2118 3369 2159 3375 —
2175 3351 2202 3372 ¹0*
2220 3353 2329 3389 doum,
2356 3358 2386 3391 ν,

1358 3406 1411 3444 33,
1437 3405 1488 3444 34,
1509 3404 1562 3435 36.

1403 3464 1446 3505 (a)
1473 3462 1571 3503 Vulq.
1594 3461 1757 3502 accipitis.
1773 3479 1814 3484 —
1835 3460 1881 3502 (b)
1902 3461 1982 3493 Coet.
2003 3458 2081 3491 edet.
2103 3458 2304 3499 dirigantur.
