2634 3853
1119 227 1287 268 CAPUT
1317 228 1367 268 ΙΙ.
2230 241 2305 277 177

188 334 300 367 mare
331 322 529 365 contritio
570 324 643 362 tua
674 332 687 360 :
725 318 918 359 contritio
951 316 1203 369 spiritualis⁷

185 392 515 435 remurmuratio
535 390 685 439 cordis,
699 390 751 430 ad
764 388 926 429 nullam
939 387 1207 427 stabilitatem

185 463 350 504 virtutis
387 462 626 503 reducibilis
668 476 676 500 ;
712 462 723 482 ¹
768 476 786 498 c<
819 460 896 500 Cor
929 458 1049 510 impii
1087 458 1207 510 quasi

184 545 300 573 mare
324 533 512 580 fervens,
535 531 647 584 quod
667 531 879 584 quiescere
900 541 985 569 non
1012 530 1160 580 potest.
1183 543 1201 565 n

183 609 197 629 2
235 619 254 643 «
284 604 385 653 Quis
416 604 655 645 medebitur
685 602 935 643 incantatori
967 613 992 641 a
1018 603 1209 650 serpente

182 686 380 726 percusso
394 677 413 714 ἶ)
434 690 453 713 »
479 675 600 727 quasi
619 674 729 714 dicat
752 685 761 713 :
785 672 950 713 Nullus.
972 671 1208 723 Exponitur

184 745 310 785 etiam
330 745 375 785 in
391 746 567 794 bonum,
590 745 689 795 quia
709 744 826 785 dolor
845 741 1106 783 contritionis
1135 741 1206 781 de-

182 814 254 855 bet
273 815 554 856 amaritudine
573 814 866 866 imaginativae
886 823 1057 853 omnem
1078 811 1209 851 alium

184 885 371 927 dolorem
391 885 605 926 excedere.

236 957 350 999 Nun.
385 956 600 1008 Prophetce
620 956 706 1004 tui,
730 957 806 995 etc.
837 954 942 995 Ecce
971 954 1094 994 tertia
1112 964 1210 1006 pars

185 1028 380 1081 capituli,
416 1028 490 1069 ubi
522 1027 663 1069 subdit
699 1026 911 1079 praedictae
944 1025 1211 1066 desolationis

184 1098 411 1149 rationem,
432 1098 635 1139 falsorum
665 1097 971 1150 prophetarum
1001 1096 1211 1148 deceptio-

184 1180 282 1209 nem
306 1169 473 1221 :primo
501 1180 661 1221 ponens
693 1168 804 1208 hanc
837 1179 1029 1215 causam3
1062 1167 1210 1207 deinde

187 1239 399 1292 explicans
431 1239 610 1280 ulterius
639 1241 968 1291 consequentem
997 1237 1207 1278 miseriam

186 1309 230 1349 in
247 1322 374 1350 versu
394 1310 584 1362 sequenti
606 1324 615 1349 ε
638 1309 896 1351 Ρῖααεενιιητ
915 1319 1042 1360 super
1060 1313 1115 1358 te,
1132 1311 1208 1349 etc.

186 1377 406 1430 Prophetae
427 1381 569 1419 autem
600 1379 859 1431 decipiebant
890 1378 1109 1429 tripliciter
1141 1391 1213 1431 po-

185 1447 334 1499 pulum
361 1461 371 1487 :
402 1448 540 1500 primo
559 1448 682 1488 falsas
712 1448 898 1488 visiones
935 1448 1207 1499 mentiend03

185 1517 367 1558 secundo
386 1518 647 1571 decipiebant
672 1518 879 1559 adulando
904 1531 913 1558 ε
936 1518 1018 1560 Nec
1046 1519 1209 1570 aperie-

186 1587 287 1630 bant
318 1589 609 1641 {niquitatem
631 1590 731 1629 item
752 1590 874 1629 tertio
891 1588 1093 1629 fallaciter
1113 1601 1209 1641 pro-

185 1660 415 1710 movend03
437 1672 513 1712 pro
532 1659 829 1712 quibusdicit:
850 1659 1062 1702 Viderunt
1073 1663 1211 1702 autem

186 1730 280 1780 tibi,
300 1733 377 1771 etc.

237 1801 344 1842 Dicit
361 1813 468 1853 ergo
498 1813 508 1841 :
536 1801 748 1853 Prophetoe
775 1801 867 1850 tui,
890 1801 1178 1852 componendo
1195 1833 1204 1851 ,

186 1871 391 1914 viderunt
409 1871 488 1914 tibi
511 1872 636 1922 falsa,
660 1871 925 1924 praedicendo
942 1883 1038 1923 quae
1058 1883 1207 1911 secun-

187 1941 289 1982 dum
307 1941 529 1982 veritatem
557 1953 644 1982 non
664 1945 783 1982 erant
811 1945 1004 1981 ventura.
1034 1941 1116 1981 Nec
1137 1954 1209 1982 ex-

185 2011 380 2052 cusabilis
409 2023 454 2052 es
481 2023 555 2064 per
583 2011 892 2063 ignorantiam3
925 2011 1037 2052 unde
1068 2013 1211 2064 sequi-

184 2082 257 2120 tur
281 2094 290 2122 z
311 2081 366 2124 Ec
384 2081 538 2131 stulta,
568 2081 674 2121 sicut
692 2084 754 2121 est
771 2081 898 2130 illud,
920 2081 1033 2133 quod
1053 2082 1207 2134 praedi-

184 2154 286 2192 cunt
309 2152 360 2192 de
392 2152 534 2192 tuturo
563 2151 723 2192 Messia.
760 2151 772 2173 ³
817 2167 835 2190 α
867 2151 1087 2204 Prophetae
1119 2155 1210 2205 ers

183 2222 307 2262 vacui
336 2222 406 2274 (a),
429 2222 514 2263 viri
533 2221 737 2262 infideles.
772 2236 790 2258 ›)
824 2221 931 2270 Quia
960 2234 1063 2273 ergo
1096 2223 1210 2273 falsa

183 2291 405 2342 viderunt,
439 2293 611 2345 decepta
647 2305 710 2342 es3
753 2293 852 2345 quia
885 2293 1040 2344 stulta,
1077 2306 1205 2335 excu-

184 2361 268 2401 sari
299 2362 346 2414 (b)
376 2374 464 2402 non
490 2365 620 2415 potes.
660 2362 827 2403 Similes
859 2366 958 2403 sunt
985 2364 1206 2415 homines,

185 2432 259 2484 qui
276 2433 531 2485 promittunt
561 2433 849 2485 peccatoribus
880 2434 1176 2485 impunitatem
1194 2468 1203 2486 ,

184 2502 250 2543 vel
271 2503 344 2554 qui
371 2502 515 2554 pueris
545 2505 680 2542 terras
708 2503 902 2551 tradunt,
934 2503 1208 2554 praedicantes

186 2583 335 2612 eorum
354 2573 690 2613 aedificationem.
713 2572 793 2613 Pro
813 2573 1052 2614 adulatione
1074 2576 1208 2628 sequi-

185 2644 255 2683 tur
276 2657 286 2682 2
307 2643 390 2685 Nec
410 2643 650 2695 aperiebant
676 2644 949 2696 iniquitatem
981 2648 1121 2696 tuam,
1160 2651 1208 2689 zet

189 2716 227 2755 te
256 2712 315 2755 ad
341 2714 645 2766 paenitentiam
675 2720 963 2767 provocarent.
987 2714 1112 2756 Isaias
1147 2716 1159 2737 t
1196 2732 1204 2757 ε

191 2800 209 2823 α
227 2783 387 2837 Popule
405 2797 525 2826 meus
539 2817 549 2835 ‚
577 2785 651 2838 qui
672 2786 844 2826 beatum
875 2789 916 2826 te
935 2785 1104 2837 dicunt,
1127 2787 1207 2839 ipsi

183 2856 223 2895 te
246 2854 481 2907 decipiunt,
509 2857 550 2896 et
579 2856 695 2896 viam
729 2856 1004 2908 ingressuum
1032 2859 1206 2898 tuorum

184 2925 402 2979 dissipant.
424 2941 443 2964 ›)
470 2927 483 2948 5
507 2926 766 2980 «Prophetae
789 2931 933 2968 autem
965 2929 1059 2979 eJ'us
1084 2922 1207 2968 linie-

181 2995 282 3036 bant
299 3008 370 3037 eos
389 2998 548 3050 absque
566 3000 914 3050 temperamento.
941 3011 960 3036 »
982 2996 1063 3037 Pro
1083 2998 1206 3038 tertio

182 3067 404 3119 sequitur:
433 3066 646 3109 Viderunt
674 3071 814 3110 autem
845 3067 925 3110 tibi
945 3069 1205 3119 assumptio-

183 3146 257 3178 nes
281 3137 428 3187 falsas,
451 3138 655 3188 dicentes,
678 3138 792 3190 quod
811 3138 1014 3178 Dominus
1040 3137 1207 3178 Judaeos

184 3205 235 3246 ad
243 3207 543 3258 protectionem
560 3220 682 3249 suam
699 3211 887 3249 assumet
897 3220 908 3258 3
919 3211 957 3250 et
966 3207 1203 3260 ejectiones,

184 3274 474 3322 Chaldaeorum
493 3290 518 3318 a
538 3278 714 3319 Domino
737 3278 780 3330 (c)
803 3277 977 3327 Judaeae‚
997 3277 1103 3317 sicut
1122 3277 1206 3316 Ha—

227 3358 234 3376 ¹
258 3358 338 3398 lsa„
355 3366 447 3399 LVII,
467 3361 518 3392 20.
538 3378 578 3383 —
604 3361 615 3379 ²
642 3360 761 3400 Eccli„
789 3368 860 3398 ΧΗ,
884 3361 933 3391 13.
954 3377 995 3382 -
1020 3360 1031 3377 ³
1049 3358 1205 3399 Soplzon.²

184 3410 244 3443 111,
269 3404 300 3435 4.
324 3420 365 3427 —
388 3405 402 3427 δ
429 3405 506 3447 Ιεα.,
533 3413 595 3447 111,
624 3409 674 3438 12.
698 3424 739 3430 -—
765 3408 778 3429 ⁵
804 3406 936 3447 Ezech„
965 3414 1057 3447 xxu,
1089 3407 1138 3437 28.
1166 3423 1206 3429 —

185 3442 348 3491 “Jerem„
365 3459 496 3493 xxvm,
517 3454 548 3484 3.
571 3470 611 3477 —
635 3454 644 3472 ⁷
666 3454 777 3492 Prov.,
798 3461 854 3485 xvi
869 3479 876 3492 ,
903 3454 953 3484 29.
975 3470 1015 3476 -
1041 3453 1051 3471 Β
1073 3452 1204 3492 ΕεθοΙι.,

184 3505 266 3537 x111,
283 3499 333 3530 19.

372 3567 470 3597 TOM.
500 3569 544 3597 X.

1286 316 1430 356 nanias
1461 317 1514 368 (d)
1545 316 1909 369 pseudopropheta
1935 319 1948 340 ‘³
1975 332 1983 358 :
2014 334 2032 357 «
2051 320 2200 362 Adhuc
2224 324 2308 365 duo

1286 388 1385 426 anni
1406 388 1586 438 dierum,
1604 391 1645 428 et
1661 400 1741 440 ego
1762 389 1908 429 referri
1926 390 2077 430 faciam
2097 392 2148 432 ad
2167 392 2308 434 locum

1286 457 1413 497 istum
1435 459 1579 498 omnia
1606 471 1735 509 vasa,
1768 471 1865 512 quae
1896 460 1994 500 tulit
2026 460 2309 503 Nabuchodo-

1286 539 1412 568 nosor
1432 529 1482 568 de
1500 528 1591 569 loco
1611 528 1704 569 isto.
1728 544 1746 566 ))

1338 597 1599 649 Allegorice‚
1634 599 1747 640 istud
1780 600 1831 640 ad
1864 601 2161 653 praedicatores
2188 603 2313 644 falsos

1285 668 1433 707 referri
1451 671 1598 719 potest,
1626 669 1700 721 qui
1716 669 1768 709 ad
1788 670 1974 711 litteram
2001 671 2192 724 implent,
2215 686 2311 726 quae

1285 737 1354 776 hic
1374 737 1576 778 dicuntur
1601 753 1608 778 :
1631 739 1776 780 vident
1800 741 1929 781 solam
1951 743 2213 784 mundanam
2231 757 2312 785 va·-

1286 808 1457 848 nitatem
1499 810 1868 861 commendantes;
1910 813 2112 855 viderunt
2150 816 2285 858 stulta
2300 847 2311 866 ,

1286 880 1442 918 statum
1480 878 1727 919 saecularem
1759 880 1958 932 religioni
1993 883 2260 934 praeferentes
2303 900 2311 926 :

1286 949 1298 968 ⁷
1311 963 1331 985 (ι
1349 948 1423 989 Vir
1442 949 1611 1002 iniquus
1629 949 1755 990 lactat
1776 951 1959 992 amicum
1975 965 2117 1004 suum,
2141 957 2181 994 et
2199 955 2314 995 ducit

1288 1030 1386 1058 eum
1405 1031 1480 1071 per
1500 1019 1615 1059 viam
1637 1033 1720 1061 non
1752 1022 1922 1062 bonam.
1945 1037 1964 1060 ))
1996 1023 2207 1066 Viderunt
2235 1026 2316 1067 tibi

1288 1092 1596 1142 assumptiones
1622 1093 1782 1142 salsas:
1803 1093 2019 1135 moraliter
2045 1098 2230 1146 assumi,
2255 1099 2317 1137 est

1287 1172 1361 1212 per
1376 1162 1584 1213 justitiam
1604 1161 1801 1203 Ecclesiae
1821 1164 2082 1217 incorporari
2098 1181 2108 1216 ;
2129 1166 2231 1218 ejici
2248 1179 2316 1208 ve-

1287 1243 1350 1280 ro,
1371 1234 1432 1272 est
1449 1244 1472 1272 a
1492 1232 1613 1284 culpa
1630 1233 1675 1283 (e)
1692 1235 1875 1285 separari
1899 1248 1907 1274 :
1932 1236 2031 1288 quia
2051 1236 2186 1288 igitur
2205 1249 2313 1290 prae-

1287 1301 1494 1341 dicatores
1527 1304 1687 1354 pseudo
1724 1305 2004 1346 condemnant
2041 1307 2313 1359 innocentes,

1287 1371 1360 1422 qui
1382 1384 1469 1412 non
1490 1376 1589 1412 sunt
1607 1374 1941 1425 condemnandi,
1973 1377 2093 1428 quasi
2112 1390 2187 1430 per
2206 1381 2316 1430 ejec-

1288 1440 1448 1480 tionem
1463 1474 1472 1490 ‚
1496 1444 1537 1482 et
1557 1444 1854 1485 commendant
1874 1446 2084 1486 adulando
2104 1447 2196 1488 illos
2210 1479 2220 1497 ‚
2242 1449 2317 1501 qui

1288 1513 1387 1550 sunt
1422 1512 1656 1563 arguendi,
1690 1514 1812 1565 quasi
1843 1526 1917 1566 per
1955 1517 2314 1569 assumptionem3

1287 1583 1398 1621 recte
1407 1581 1576 1623 dicitur:
1595 1582 1888 1626 Vz‘clerunttz‘bz‘
1898 1588 2222 1638 assumptiones,
2236 1590 2312 1629 etc.

1287 1650 1344 1691 De
1364 1651 1476 1691 falsis
1496 1652 1714 1705 prophetis
1734 1653 1888 1694 dicitur
1901 1654 1914 1676 ⁸
1931 1667 1941 1695 :
1969 1671 1987 1694 (ι
2008 1655 2229 1698 Violabant
2247 1670 2317 1699 me

1287 1721 1339 1761 ad
1379 1722 1585 1774 populum
1628 1726 1798 1776 propter
1838 1725 2052 1777 pugillum
2092 1727 2239 1768 hordei
2276 1731 2317 1769 et

1287 1791 1485 1842 fragmen
1505 1794 1640 1845 panis,
1665 1797 1712 1834 ut
1731 1794 2016 1836 interficerent
2035 1797 2199 1838 animas
2218 1810 2315 1851 quae

1287 1873 1371 1902 non
1391 1863 1656 1912 moriuntur,
1681 1867 1721 1904 et
1740 1865 2005 1906 vivificarent
2024 1867 2186 1907 animas
2217 1880 2315 1919 quae

1286 1943 1372 1972 non
1390 1933 1558 1983 vivunt,
1583 1934 1833 1974 mentientes
1847 1935 2003 1988 populo
2023 1949 2119 1978 meo
2131 1938 2315 1979 credenti

1287 2003 1528 2044 mendaciis.
1553 2019 1571 2040 n
1598 2004 1731 2045 Aliter
1745 2037 1758 2055 ,
1780 2017 1927 2046 omnes
1946 2007 2314 2061 pseudopraedica-

1286 2075 1395 2114 tores
1410 2106 1423 2124 ,
1456 2074 1683 2128 Scripturis
1714 2076 1926 2118 abutendo
1955 2078 2006 2118 ad
2029 2090 2128 2119 suos
2151 2091 2315 2121 errores

1287 2146 1623 2196 confirmandos,
1664 2147 1733 2187 vel
1776 2148 2014 2189 abutuntur
2054 2149 2114 2190 eis
2133 2182 2143 2200 ‚
2182 2150 2316 2191 nimia

1285 2214 1514 2255 verborum
1533 2216 1889 2257 affirmativorum
1915 2218 2186 2270 ampliatione
2200 2251 2213 2270 ,
2236 2221 2314 2260 sub

1285 2284 1343 2325 eis
1369 2285 1471 2326 falsa
1499 2286 1751 2327 affirmando
1767 2318 1777 2335 ‚
1811 2287 1919 2328 sicut
1946 2289 2020 2340 qui
2053 2293 2313 2342 praeceptum

1284 2355 1334 2396 de
1354 2356 1612 2397 honorandis
1647 2358 1894 2409 parentibus
1923 2360 2109 2400 extendit
2130 2361 2182 2401 ad
2203 2373 2312 2418 'pro-

1283 2426 1517 2466 hibendum
1546 2427 1766 2478 religionis
1793 2429 2058 2481 ingressum3
2093 2430 2161 2471 vel
2181 2431 2313 2473 nimia

1283 2495 1513 2535 verborum
1526 2496 1828 2547 negativorum
1847 2499 2105 2540 restrictione
2119 2501 2154 2551 (f
2162 2501 2190 2550 )‚
2205 2501 2313 2542 sicut

1281 2566 1409 2616 patet,
1431 2564 1600 2617 quando
1620 2565 1770 2606 dicitur
1789 2567 1833 2606 in
1852 2571 2062 2621 praecepto
2081 2569 2162 2610 hoc
2185 2584 2193 2610 :
2217 2571 2311 2613 Non

1282 2634 1579 2683 moeclzaberis,
1607 2647 1684 2676 nec
1716 2636 1929 2688 prohiberi
1964 2639 2199 2691 simplicem
2223 2641 2311 2682 for-

1282 2704 1549 2745 nicationem.
1574 2704 1647 2746 Vel
1667 2705 1852 2747 dicitur:
1889 2707 2102 2751 Viderunt
2133 2709 2212 2752 tibi
2239 2721 2310 2753 as·-

1280 2776 1539 2827 smnplz'ones
1551 2808 1561 2826 ,
1584 2776 1685 2828 quia
1705 2789 1872 2830 semper
1890 2779 1993 2820 falsa
2011 2780 2123 2821 veris
2142 2781 2307 2822 immis-

1281 2847 1398 2895 cent,
1421 2847 1628 2898 maj0rem
1665 2859 1813 2889 veram
1837 2853 2120 2902 proponentes
2135 2884 2147 2903 ,
2169 2855 2209 2893 et
2227 2852 2310 2893 mi-

1280 2927 1429 2956 norem
1462 2916 1611 2957 falsam
1639 2921 1913 2960 assumentes.
1951 2920 2167 2973 Amplius,
2201 2922 2308 2974 ejec-

1282 2987 1418 3028 tiones
1461 2987 1585 3028 falsas
1626 2988 1824 3030 viderunt
1840 3022 1850 3040 ,
1899 2991 2122 3033 veritatem
2167 2996 2308 3035 textus

1282 3056 1509 3110 Scripturae
1540 3071 1669 3099 sacrae
1698 3071 1775 3112 pro
1805 3060 1924 3101 libito
1959 3067 2303 3117 corrumpentes,

1281 3129 1322 3167 et
1357 3127 1628 3169 excludentes
1664 3129 1868 3182 quidquid
1906 3132 1992 3171 suis
2035 3133 2306 3185 dogmatibus

1282 3197 1543 3239 adversatur.

1334 3269 1526 3311 Samech.
1552 3269 1806 3312 Plauserunt
1835 3281 1962 3323 super
1994 3275 2054 3323 te,
2077 3275 2154 3314 etc.
2177 3273 2304 3324 Eece,

1322 3358 1365 3395 (α)
1395 3357 1494 3398 Vulq.
1531 3357 1660 3389 vesani.
1692 3375 1733 3380 —
1765 3357 1809 3399 (b)
1843 3358 1923 3390 Caet.
1954 3360 2032 3391 edit.
2067 3370 2241 3393 excusare.
2268 3378 2303 3384 -

1283 3404 1318 3444 (c)
1334 3404 1433 3435 Forte
1451 3404 1623 3445 legendum
1643 3404 1852 3436 dominio.—
1869 3406 1914 3446 (cl)
1936 3407 2015 3439 Caet.
2036 3407 2119 3438 edit.
2139 3408 2305 3447 Ananias,

1279 3452 1312 3481 et
1330 3451 1377 3482 sic
1391 3451 1590 3492 dez'nceps.-
1607 3452 1646 3492 (e)
1668 3451 1743 3492 Leq.
1762 3452 1804 3484 ab
1821 3462 1860 3484 ea
1878 3463 1939 3494 per
1958 3454 2144 3494 0111113111-
2160 3455 2202 3494 (f)
2226 3455 2306 3487 Caet.

1280 3497 1361 3528 edit.
1388 3498 1596 3530 reflectione.

2071 3562 2121 3599 12
