2634 3853
996 135 1273 180 EXPOSITIO
1302 135 1356 178 IN
1384 135 1498 178 CAP.
1529 135 1601 177 111.

241 232 528 278 testimonium
566 231 619 271 sit
658 231 855 278 firmum,
892 228 986 270 ideo
1029 226 1262 268 ostenditur

242 317 332 348 esse
365 303 496 344 trium
539 313 817 355 personarum
863 299 980 342 omni
1021 299 1261 351 acceptione

242 377 474 428 majorum,
496 372 537 413 id
560 375 640 424 est,
661 383 852 425 personae
875 371 991 421 Filii,
1014 372 1056 410 et
1080 368 1264 422 Spiritus

241 445 396 495 sancti,
417 447 458 486 et
479 443 629 485 Patris.
651 442 780 483 Adest
797 441 910 482 enim
930 441 1029 491 luiz,
1051 439 1261 490 columba,

240 519 282 558 et
313 528 399 557 vox
430 530 439 556 :
473 516 552 557 lux
590 515 643 556 ad
679 512 1001 566 significandam
1039 523 1264 564 personam

241 587 358 637 Filii;
385 586 605 636 columba,
633 584 814 638 Spiritus
841 582 995 632 sancti3
1023 593 1110 622 vox
1137 592 1261 631 vero,

241 669 465 711 personam
493 656 629 698 Patris
655 654 817 696 aeterni.
849 653 914 694 Ad
944 651 1266 704 significandam

240 729 376 781 igitur
400 727 495 769 Filii
514 738 739 781 personam
771 725 924 766 dicitur
946 738 955 764 z
981 724 1186 776 Apertum
1207 725 1267 765 est

241 799 404 842 caelum.
448 799 493 839 In
540 810 624 851 qua
672 796 827 838 scilicet
872 795 1087 848 apertione
1122 793 1267 845 fulgor

242 882 428 923 magnus
447 869 657 922 apparuit.
679 867 772 920 lpse
797 867 913 908 enim
937 865 1070 906 Filius
1099 865 1196 905 dicit
1217 864 1268 905 de

242 953 285 982 se
305 942 316 962 ¹
341 955 350 981 ε
373 940 498 993 «Ego
516 952 611 980 sum
629 939 707 980 lux
726 938 890 979 mundi.
916 951 936 976 ›>
952 937 1003 978 Et
1022 937 1206 980 Joarmes
1225 940 1267 977 ²:

248 1013 385 1055 «Erat
408 1012 485 1053 lux
509 1023 625 1054 vera.
654 1025 673 1048 ›)
705 1011 755 1051 Et
781 1010 840 1053 acl
861 1010 1051 1054 Hebroeos
1075 1014 1088 1036 ³
1108 1024 1124 1051 .·
1149 1023 1167 1047 «
1188 1008 1268 1058 Qui

242 1096 341 1126 cum
362 1084 414 1124 sit
433 1083 630 1136 splendor
651 1083 822 1135 gratiae,
846 1084 887 1123 et
907 1083 1050 1134 figura
1072 1081 1266 1122 substan-

241 1156 312 1197 tiae
332 1157 440 1208 eJus.
462 1168 483 1193 ›)
496 1154 606 1196 Dum
627 1166 730 1207 ergo
750 1153 843 1194 coeli
864 1153 995 1206 aperti
1016 1153 1117 1193 dant
1136 1152 1270 1205 splen-

243 1228 403 1277 dorem,
426 1225 671 1266 verificatur
686 1225 789 1265 illud
807 1224 1039 1265 Psalmistae
1063 1223 1101 1263 ¹:
1131 1239 1149 1262 α
1171 1222 1270 1263 Coeli

243 1299 441 1339 enarrant
460 1288 748 1349 gloriavaei,
771 1311 789 1333 ›)
813 1296 856 1336 id
876 1297 952 1345 est,
974 1295 1090 1345 Filii,
1112 1294 1186 1347 qui
1207 1296 1270 1334 est

242 1368 464 1421 splendor:
483 1368 528 1407 in
543 1368 624 1408 hoc
641 1367 753 1407 enim
770 1367 1043 1417 designatum
1061 1368 1135 1416 est,
1156 1366 1270 1418 quod

241 1439 399 1479 virtute
424 1437 622 1490 baptismi
651 1436 800 1477 Christi
820 1436 1008 1489 aperitur
1022 1438 1158 1488 janua
1177 1435 1271 1476 coeli

241 1509 294 1550 ad
330 1509 575 1550 intrandum
611 1507 853 1561 baptizatis,
897 1506 1131 1547 secundum
1166 1506 1272 1547 illud

243 1579 477 1623 Psalmistae
515 1580 528 1601 ⁵
571 1593 580 1618 ε
627 1593 646 1617 (‹
686 1577 813 1619 Notas
847 1577 955 1618 mihi
998 1577 1132 1617 fecisti
1183 1577 1272 1617 vias

244 1651 362 1702 vitae,
394 1664 415 1689 1)
447 1652 525 1690 etc.
559 1649 767 1702 Apparuit
795 1649 921 1689 etiam
951 1648 1040 1701 ipse
1066 1647 1199 1688 Filius
1226 1648 1272 1688 in

243 1724 395 1763 natura
414 1723 648 1775 assumpta3
671 1721 730 1763 act
753 1722 895 1763 Picum
916 1721 929 1742 ⁶
951 1732 964 1760 .·
985 1734 1004 1758 «
1023 1719 1272 1771 Benignitas

243 1797 284 1834 et
306 1792 550 1833 humanitas
567 1792 763 1846 apparuit
783 1790 1014 1832 Salvatoris
1030 1790 1164 1831 nostri
1182 1790 1268 1842 Dei,

244 1877 330 1905 non
347 1876 400 1905 ex
416 1864 615 1917 operibus
623 1863 819 1917 Justitiae,
835 1876 931 1916 quae
946 1863 1124 1903 fecimus
1142 1874 1267 1903 nos.»

246 1935 445 1988 Sequitur
481 1949 490 1976 ε
529 1949 548 1973 (ι
584 1934 637 1975 Ut
668 1935 886 1988 justificati
932 1935 1071 1986 gratia
1113 1934 1269 1986 ipsius,

245 2006 436 2047 haeredes
464 2006 599 2047 simus
624 2006 859 2047 secundum
879 2018 997 2058 spem
1021 2005 1121 2046 vitae
1147 2007 1274 2046 aeter—

244 2089 326 2119 nae.
352 2092 372 2115 ›)
397 2077 502 2127 Quia
531 2078 646 2118 enim
667 2083 680 2103 ⁷
708 2093 727 2116 (1
747 2089 873 2118 nemo
903 2077 1088 2118 ascendit
1117 2078 1163 2118 in
1189 2090 1272 2118 coe-

242 2149 356 2201 lum,
386 2149 470 2190 nisi
498 2149 572 2202 qui
597 2148 809 2190 descendit
841 2148 892 2189 de
920 2148 1049 2199 coelo,
1078 2163 1096 2185 1)
1128 2149 1170 2189 id
1196 2151 1272 2200 est,

243 2220 326 2260 nisi
345 2219 398 2260 sit
417 2220 660 2261 membrum
687 2219 866 2269 Christi,
887 2220 958 2272 qui
982 2219 1203 2260 vdescendit
1224 2220 1275 2261 de

244 2290 349 2331 coelo
374 2305 382 2331 ε
405 2302 484 2331 nec
500 2290 582 2331 hoc
603 2290 695 2330 fieri
716 2292 849 2342 potest
881 2292 929 2330 ut
956 2289 1008 2329 sit
1031 2290 1275 2331 membrum

245 2360 416 2412 Christi,
437 2361 518 2401 nisi
543 2372 618 2413 per
644 2362 954 2400 sacramentum
983 2361 1272 2411 regeneratio-

245 2433 337 2482 nis;
364 2432 458 2472 ideo
484 2432 529 2472 in
553 2431 761 2484 baptismo
789 2430 921 2483 aperti
960 2433 1057 2471 sunt
1085 2431 1191 2472 coeli.
1225 2431 1276 2473 Et

248 2502 355 2542 sicut
373 2513 448 2555 per
467 2501 570 2542 Adae
590 2501 803 2541 carnalem
827 2502 1146 2552 generationem
1167 2502 1276 2543 clau-

247 2572 362 2613 ditur
389 2572 567 2623 coelum3
588 2572 646 2612 ita
667 2584 742 2625 per
761 2572 1129 2624 regenerationem
1150 2574 1272 2627 spiri-

246 2644 404 2685 tualem
443 2644 646 2697 aperitur.
685 2643 735 2684 Et
769 2644 873 2684 sicut
908 2646 1081 2697 propter
1118 2657 1272 2686 concu-

245 2716 462 2769 piscentiae
501 2716 696 2757 ardorem
743 2716 906 2768 positus
949 2719 1011 2757 est
1050 2717 1274 2759 flammeus

245 2787 413 2840 gladius
444 2787 498 2828 ad
529 2787 762 2828 custodiam
796 2787 905 2839 ligni
942 2787 1060 2838 vitae;
1103 2788 1163 2829 sic
1199 2801 1275 2841 per

244 2858 470 2899 humorem
503 2857 678 2909 gratiae,
709 2858 945 2910 mitigantis
973 2859 1271 2911 concupiscen-

247 2929 370 2978 tiam,
403 2928 450 2968 in
478 2928 687 2981 baptismo
719 2931 944 2971 amovetur
972 2930 1209 2982 romphaea,
1234 2933 1275 2971 et

248 3000 432 3052 aperitur
450 3003 586 3052 porta.
608 3000 621 3022 ⁸
647 3015 667 3040 «
691 3000 883 3053 Angelus
912 3000 1080 3041 Domini
1103 3001 1271 3043 descen-

249 3069 309 3109 dit
332 3069 377 3110 in
398 3071 634 3121 fornacem,
664 3074 705 3113 et
733 3072 830 3113 fecit
855 3071 1045 3112 medium
1073 3072 1270 3124 fornacis,

249 3140 368 3191 quasi
385 3144 563 3183 ventum
581 3143 690 3183 roris
708 3144 898 3184 flantem.
921 3142 1009 3184 »Et
1028 3143 1096 3184 hic
1119 3146 1181 3184 est
1201 3156 1275 3186 an-

249 3210 387 3263 geluS,
408 3211 459 3253 de
477 3224 561 3265 quo
582 3214 595 3236 ⁹
619 3227 631 3255 ι
658 3228 677 3252 c‹
695 3214 886 3266 Angelus
915 3214 1080 3255 Domini
1101 3215 1272 3255 descen-

291 3293 303 3314 1
321 3294 432 3334 Jocm-,
453 3302 534 3335 vm,
560 3298 609 3327 12.
635 3313 676 3320 -
694 3297 708 3317 ²
726 3298 834 3336 Jocm.‚
856 3304 879 3337 Ι,
903 3298 932 3329 9.
952 3314 993 3321 —-
1018 3297 1031 3319 3
1050 3296 1160 3336 Hebr„
1190 3305 1220 3338 1,
1241 3299 1271 3330 3.

249 3357 290 3363 —
309 3339 319 3359 ⁴
344 3339 433 3371 Psal.
452 3348 550 3382 xviii,
573 3345 601 3374 1.
621 3359 658 3367 -
679 3343 692 3366 ὓ
708 3343 797 3375 Psal.
818 3352 874 3384 xv,
897 3346 948 3376 ¹11.
971 3361 1013 3368 —
1033 3345 1045 3363 ὅ
1068 3345 1145 3384 Tit„
1166 3353 1223 3384 111,
1242 3346 1272 3386 4,

250 3389 281 3428 5,
302 3389 388 3419 ’1.-
406 3387 420 3410 ⁷
439 3388 548 3428 Jocm„
569 3397 628 3430 111,
649 3391 698 3423 13.
720 3408 761 3414 —
780 3390 793 3412 ⁸
812 3392 912 3432 Dan„
937 3399 990 3432 111,
1011 3394 1061 3424 50.
1076 3409 1117 3416 —-
1135 3392 1146 3410 ⁹
1165 3393 1273 3434 Joan„

248 3442 281 3475 V,
300 3436 330 3467 4.
345 3452 383 3458 —
397 3435 422 3458 ¹⁰
434 3435 544 3476 Joan„
560 3443 584 3475 1,
598 3437 649 3467 33.
667 3453 708 3462 --
726 3438 752 3461 1¹
766 3438 957 3481 Chrysost.,
974 3438 1013 3471 de
1029 3439 1121 3480 Spir.
1140 3439 1271 3480 Sancto,

2285 141 2361 180 297

1338 226 1463 268 debat
1499 224 1734 266 secundum
1768 226 1937 277 tempus
1977 225 2023 265 in
2059 225 2286 278 piscinam,
2322 228 2363 269 et

1338 297 1588 339 movebatur
1607 308 1732 349 aqua,
1754 297 1794 336 et
1815 295 2042 336 sanabatur
2061 308 2189 337 unus.
2206 311 2225 334 »

1394 368 1575 418 Rursus,
1608 366 1659 407 ad
1686 366 1991 418 designandam
2022 366 2205 419 Spiritus
2235 369 2366 408 sancti

1339 451 1588 492 personam,
1619 437 1785 478 additur
1819 438 1881 489 (v.
1914 437 1983 490 2⁵2)
2017 451 2026 477 :
2059 437 2113 479 Ec
2146 437 2367 481 descendit

1343 511 1530 563 Spiritus
1556 514 1730 553 sanctus
1756 508 1967 562 corporali
1994 510 2130 561 specie
2158 509 2272 552 sicut
2297 520 2367 552 co-

1341 580 1483 622 lumba
1515 581 1564 622 in
1593 581 1749 632 ipsam.
1784 581 1812 602 ¹⁰
1845 594 1864 618 c<
1888 579 2024 632 Super
2057 591 2184 632 quem
2213 580 2369 621 videris

1342 651 1539 704 spiritum
1559 651 1893 701 descendentem,
1916 654 1958 692 et
1978 654 2222 692 manentem
2241 663 2368 705 super

1341 735 1460 773 eum,
1483 723 1552 763 hic
1580 725 1663 773 est,
1689 722 1762 776 qui
1781 723 1978 775 baptizat,
2002 737 2020 760 >³
2052 725 2129 764 etc.
2153 723 2371 765 Descendit

1342 795 1484 834 autem
1503 793 1547 832 in
1567 793 1704 845 specie
1724 793 1954 844 columbae,
1975 794 2139 835 ratione
2155 795 2370 847 significa—

1342 865 1494 916 tionis,
1529 865 1651 917 quia,
1688 865 1798 906 sicut
1825 865 1925 906 dicit
1958 865 2280 918 Chrysostomus
2304 867 2330 889 ¹¹
2359 881 2368 908 :

1350 952 1368 976 (‹
1385 937 1488 978 Avis
1512 937 1592 977 ista
1610 949 1697 990 prae
1715 936 1916 978 omnibus
1936 936 2090 977 cultrix
2107 939 2168 977 est
2186 939 2372 980 maxime

1344 1008 1571 1049 charitatis
1599 1022 1618 1046 ))
1650 1007 1767 1049 Unde
1792 1007 1988 1061 apparuit
2015 1007 2177 1048 Christo
2202 1007 2248 1048 in
2270 1021 2372 1062 per-

1343 1080 1450 1120 fecto
1475 1079 1669 1130 animali,
1701 1079 1772 1120 sed
1799 1078 2016 1132 discipulis
2042 1078 2087 1119 in
2114 1079 2295 1131 linguis,
2324 1082 2372 1121 ut

1344 1150 1609 1202 significetur
1627 1151 1741 1203 quod
1766 1150 1809 1190 in
1838 1150 2000 1191 Christo
2028 1150 2107 1190 fuit
2136 1150 2370 1191 secundum

1345 1221 1634 1261 omnimodam
1653 1221 1980 1274 plenitudinem,
2002 1221 2046 1260 in
2067 1220 2158 1261 aliis
2176 1233 2250 1274 per
2269 1233 2371 1274 par-

1344 1294 1420 1333 tes,
1455 1292 1571 1333 Unde
1605 1293 1758 1333 dicitur
1786 1293 1812 1314 ¹²
1842 1305 1851 1332 :
1886 1291 2018 1332 «Non
2045 1292 2098 1332 ad
2129 1304 2372 1333 mensuram

1346 1364 1416 1404 dat
1441 1364 1550 1404 Deus
1576 1363 1790 1415 spiritum.
1812 1378 1830 1401 ›)
1856 1362 2064 1416 Apparuit
2092 1363 2219 1403 etiam
2246 1375 2373 1416 super

1345 1433 1573 1486 discipulos
1599 1433 1645 1473 in
1670 1433 1794 1485 igne,
1828 1433 1900 1474 sed
1932 1445 2058 1486 super
2089 1433 2299 1474 Christum
2328 1434 2375 1475 in

1345 1504 1561 1555 columba,
1598 1505 1722 1557 quia,
1757 1504 1867 1545 sicut
1900 1504 2000 1545 dicit
2037 1503 2266 1556 Gregorius
2298 1506 2329 1529 ²³
2360 1518 2372 1546 :

1352 1591 1371 1614 «
1404 1576 1593 1618 Christus
1629 1588 1707 1617 nos
1742 1587 1818 1629 per
1851 1575 2223 1616 mansuetudinem
2257 1576 2376 1617 venit

1347 1647 1569 1699 colligere3
1590 1661 1610 1685 ))
1636 1650 1676 1688 et
1694 1647 1787 1688 ideo
1807 1658 1936 1700 super
1955 1646 2098 1699 ipsum
2117 1647 2313 1700 apparuit
2331 1647 2375 1688 in

1347 1717 1562 1769 columba,
1583 1718 1656 1759 sed
1680 1730 1807 1771 super
1836 1718 2063 1770 discipulos
2087 1718 2131 1758 in
2151 1718 2255 1770 igne
2284 1732 2292 1758 ε
2323 1719 2375 1758 ad

1347 1801 1474 1842 (11105,
1503 1789 1554 1829 ad
1583 1789 1916 1831 consumendam
1945 1789 2212 1842 rubiginem,
2246 1801 2376 1842 quam

1346 1861 1391 1901 in
1412 1860 1647 1914 semetipsis
1677 1861 1909 1911 habebant,
1938 1863 1978 1901 et
2003 1862 2051 1901 ut
2075 1871 2146 1901 eos
2175 1861 2375 1901 accende-

1346 1934 1428 1983 ret,
1451 1932 1660 1973 veniebat.
1684 1931 1734 1973 Et
1762 1933 1920 1985 optime
1945 1931 2145 1984 competit
2170 1931 2377 1984 baptismo

1347 2004 1553 2056 apparitio
1575 2002 1760 2056 Spiritus
1787 2003 1920 2043 sancti
1941 2003 1987 2043 in
2011 2001 2226 2052 columba,
2249 2014 2379 2055 prop-

1347 2077 1411 2115 ter
1443 2075 1729 2116 innocentiam
1758 2086 1887 2128 quam
1915 2073 2149 2127 baptismus
2179 2074 2374 2114 restituit.

1347 2145 1396 2186 In
1416 2148 1539 2198 qu'us
1552 2146 1614 2186 rei
1628 2146 1805 2197 signum
1825 2145 1978 2186 dicitur
1993 2145 2038 2196 ¹¹,
2056 2144 2169 2198 quod
2185 2145 2379 2186 columba

1347 2219 1442 2270 post
1461 2217 1671 2258 diluvium
1689 2216 1832 2258 attulit
1850 2216 2026 2258 virentis
2046 2216 2170 2258 olivae
2190 2228 2377 2257 ramum.

1349 2288 1429 2329 Per
1451 2288 1555 2329 illud
1574 2288 1807 2338 diluvium,
1838 2287 1883 2328 in
1912 2299 2018 2341 quo,
2047 2288 2154 2328 sicut
2182 2287 2280 2328 dicit
2300 2286 2379 2327 Pe-

1347 2363 1438 2400 trus
1459 2359 1502 2409 ¹⁵,
1531 2374 1549 2397 a
1570 2371 1738 2412 paucae,
1767 2359 1809 2399 id
1835 2361 1919 2409 est,
1943 2360 2036 2399 octo
2065 2358 2221 2398 animae
2250 2358 2379 2400 salvae

1347 2431 1467 2471 factae
1496 2432 1594 2470 sunt
1626 2442 1700 2482 per
1729 2441 1910 2482 aquam,
1941 2443 1959 2466 ›)
1997 2431 2093 2479 etc.,
2124 2428 2379 2480 intelligitur

1348 2501 1596 2555 baptismus.
1619 2501 1737 2541 Unde
1754 2512 1829 2553 per
1845 2499 2086 2541 columbam
2106 2500 2376 2541 reducentem

1348 2572 1400 2612 ad
1420 2584 1561 2612 arcam
1580 2583 1750 2612 ramum
1770 2572 1946 2613 virentis
1967 2571 2105 2622 olivae,
2123 2570 2377 2622 intelligitur

1348 2643 1587 2684 innocentia
1609 2643 1968 2694 mansuetudinis,
1991 2655 2089 2684 cuni
2110 2642 2251 2694 gratia
2270 2654 2378 2683 unc-

1347 2714 1489 2756 tionis.
1511 2714 1564 2756 Et
1581 2717 1700 2767 nota,
1724 2715 1836 2768 quod
1857 2714 2040 2768 Spiritus
2060 2715 2228 2754 sanctus
2246 2725 2374 2766 appa-

1348 2785 1434 2826 ruit
1459 2786 1504 2826 in
1528 2786 1681 2839 triplici
1701 2786 1854 2840 specie,
1878 2785 2033 2827 scilicet
2057 2799 2065 2826 :
2087 2785 2134 2825 in
2161 2785 2373 2836 columba,

1347 2856 1393 2896 in
1411 2856 1620 2909 baptismo
1634 2872 1644 2907 ;
1667 2857 1711 2897 in
1736 2857 1873 2907 nube,
1900 2856 1945 2896 in
1970 2855 2371 2907 transfiguratione3

1348 2927 1392 2966 in
1423 2926 1548 2979 igne,
1583 2940 1709 2981 super
1743 2928 1970 2981 discipulos
2001 2941 2009 2968 :
2048 2930 2089 2968 et
2121 2927 2376 2979 respondent

1347 2998 1441 3039 haee
1459 2999 1594 3040 tribus
1617 2999 1808 3040 statibus.
1834 2998 2133 3051 Incipientibus
2155 2998 2269 3039 enim
2290 2998 2376 3038 illa-

1347 3070 1462 3111 bitur
1482 3073 1530 3111 ut
1548 3071 1764 3122 columba,
1785 3071 1887 3123 quia
1911 3070 2048 3111 reddit
2068 3082 2138 3112 eos
2158 3072 2375 3123 gementes

1349 3144 1389 3182 et
1408 3141 1656 3183 meditantes
1676 3142 1703 3164 ¹⁶
1726 3156 1734 3182 ε
1757 3141 1918 3191 «Quasi
1937 3141 2146 3183 columbae
2166 3140 2376 3182 meditan-

1346 3214 1423 3263 tes,
1445 3224 1682 3264 gememus.
1706 3226 1725 3250 »
1747 3212 1798 3253 Et
1818 3212 1844 3235 ¹⁷
1868 3227 1877 3253 ε
1896 3227 1914 3252 ((
1933 3211 2048 3253 Sicut
2064 3212 2206 3265 pullus
2224 3211 2374 3251 hirun-

1347 3305 1463 3337 serm„
1482 3298 1560 3328 ante
1583 3296 1674 3328 med.
1698 3313 1737 3319 —
1763 3296 1788 3318 1²
1806 3297 1915 3336 Jocm„
1935 3303 1989 3336 111,
2012 3296 2064 3327 34.
2089 3311 2131 3320 --
2157 3294 2183 3317 1³
2206 3296 2321 3335 Greg.,
2342 3294 2377 3326 in

1348 3344 1490 3384 Evany.,
1509 3344 1600 3376 hom.
1623 3351 1706 3384 XXX,
1728 3343 1818 3376 circa
1836 3344 1926 3376 med.
1950 3361 1986 3368 ——
2004 3343 2030 3366 ²⁸
2052 3342 2145 3383 Gen„
2167 3350 2241 3382 vm,
2267 3344 2318 3373 11.
2336 3357 2376 3366 —

1347 3392 1374 3414 1⁵
1401 3393 1412 3422 l
1445 3392 1548 3432 Petr„
1581 3399 1641 3433 111,
1673 3393 1724 3423 20.
1751 3408 1791 3417 --
1819 3393 1847 3416 1⁶
1876 3391 1955 3431 Isa„
1984 3398 2063 3431 mx,
2093 3391 2142 3421 13.
2172 3406 2212 3414 -
2239 3390 2264 3412 ¹⁷
2291 3390 2374 3431 Isa„

1347 3446 1496 3479 xxxvia,
1521 3440 1570 3473 14.

2403 2727 2528 2762 Spiritus

2405 2770 2529 2795 Sanctus

2395 2809 2425 2836 in
2432 2810 2539 2845 triplici

2418 2851 2514 2886 specie

2394 2891 2538 2928 apparuit.
