2634 3853
90 1736 207 1764 Curatio

67 1777 198 1813 gentium

975 205 1249 249 EXPOSITIO
1280 204 1332 246 IN
1362 202 1475 246 CAP.
1511 198 1595 247 Vll.

228 307 339 349 dare.
361 319 380 343 n
405 304 456 345 Et
486 302 579 343 ideo
608 300 715 341 tacet
739 297 917 341 verbum
945 295 1109 338 Domini
1134 294 1248 348 quod

228 377 297 419 alii
313 376 479 424 dicunt3
502 374 543 414 et
559 368 656 413 dicit
674 370 924 411 nuntiorum
943 367 1245 417 reversionem,

226 450 273 489 'ut
285 446 495 499 exprimat
514 443 708 485 miraculi
728 441 1002 490 celeritatem,
1022 439 1135 492 quod
1154 439 1250 478 insi-

225 520 328 558 nuat
345 529 442 558 cum
459 515 656 569 adJungit
673 527 683 555 ε
700 514 952 555 Invenerunt
968 521 1154 561 servum,
1175 510 1251 562 qni

225 588 473 642 languerat,
495 597 663 629 sanum.
686 585 795 625 Ante
821 594 925 634 ergo
945 580 1138 634 pervenit
1160 580 1247 622 vir-

224 659 326 700 tutis
344 658 550 711 operatio,
567 668 695 710 quam
715 653 963 695 nuntiorum
983 651 1185 701 reversio,
1203 653 1252 691 ut

224 730 282 770 sic
295 741 447 771 verum
465 740 554 769 esse
567 724 879 778 comprobetur,
896 722 1007 775 quod
1026 721 1071 762 in
1085 721 1251 763 Psalmo

224 800 377 842 dicitur
403 801 414 822 ¹
436 813 445 840 ε
470 814 490 838 c<
519 797 721 840 Velociter
750 794 883 835 currit
913 805 1052 833 sermo
1084 794 1191 845 eius.
1226 807 1245 830 ))

224 867 308 913 Nec
328 871 506 922 mirum,
526 869 626 922 quia
644 867 755 908 idem
773 867 835 906 est
859 864 971 917 apud
997 876 1095 904 eum
1116 863 1252 904 dicere

225 946 265 984 et
285 944 439 993 facere,
463 941 568 982 sicut
588 938 783 981 Centurio
803 937 980 978 fideliter
1002 935 1190 984 credidit,
1213 936 1254 976 et

224 1026 297 1056 ore
328 1014 542 1055 confessus
573 1013 648 1052 est.
677 1011 692 1032 ²
716 1025 734 1048 α
764 1009 893 1050 Corde
925 1008 1039 1049 enim
1071 1007 1253 1048 creditur

224 1086 278 1127 ad
300 1084 528 1138 justitiam,
552 1095 624 1124 ore
649 1084 790 1122 autem
816 1080 1019 1121 confessio
1048 1079 1094 1119 fit
1113 1079 1163 1119 ad
1185 1090 1250 1119 sa-

225 1157 372 1198 lutem.
405 1171 424 1194 »
459 1155 509 1196 Et
541 1154 634 1195 ideo
670 1153 876 1194 credendo
915 1155 955 1192 et
985 1151 1250 1201 confitendo,

226 1227 338 1281 quod
367 1227 506 1268 subito
542 1225 630 1266 solo
658 1225 789 1266 verbo
820 1225 954 1276 potest
985 1223 1142 1272 facere,
1173 1222 1254 1262 hoc

227 1298 375 1339 merito
404 1290 792 1350 fideiimpetravit,
826 1298 874 1335 ut
896 1294 954 1334 sic
984 1294 1156 1346 impleta
1185 1305 1251 1333 os-

225 1369 419 1410 tendatur
445 1367 654 1408 dominica
677 1365 899 1419 promissio
919 1365 932 1386 ³
954 1379 962 1405 :
989 1380 1008 1402 «
1029 1364 1252 1413 Quaecum-

225 1451 308 1493 que
325 1440 494 1480 orantes
512 1437 674 1491 petitis,
704 1436 858 1476 credite
882 1435 983 1488 quia
1015 1434 1223 1486 accipietis
1238 1465 1251 1484 ,

225 1511 267 1549 et
292 1508 487 1551 evenient
516 1507 652 1548 vobis.
681 1520 700 1544 ›)
727 1506 777 1546 Et
806 1505 864 1546 sic
891 1505 1148 1546 sufficienter
1176 1517 1254 1545 ex-

226 1579 376 1632 pressit
407 1578 678 1631 Evangelista
714 1577 951 1618 mirabilem
991 1576 1254 1617 curationem

226 1650 351 1692 servi.

279 1721 559 1774 Spiritualiter
578 1720 647 1760 hic
664 1719 897 1760 secundum
918 1718 1167 1770 allegoriam
1187 1719 1254 1758 in-

225 1792 432 1844 telligitur
453 1791 614 1832 curatio
639 1789 783 1844 populi
810 1788 1004 1842 gentilis;
1028 1788 1141 1841 quod
1168 1788 1252 1829 col-

225 1864 374 1915 ligitur
392 1875 445 1904 ex
464 1874 644 1915 persona
661 1862 897 1913 aegrotante
909 1893 920 1907 ,
944 1862 984 1900 et
1001 1872 1055 1901 ex
1074 1872 1255 1912 persona

225 1935 549 1986 interveniente,
571 1936 611 1974 et
630 1945 683 1974 ex
703 1932 929 1973 curationis
955 1931 1114 1972 ordine.
1153 1931 1253 1972 Per-

225 2018 328 2047 sona
346 2018 533 2059 namque
564 2007 780 2058 aegrotans
805 2006 894 2045 erat
921 2003 1086 2044 servilis
1107 2003 1251 2043 condi-

224 2077 368 2129 tionis3
386 2077 496 2118 sicet
514 2076 696 2130 populus
718 2075 889 2127 gentilis
903 2077 999 2115 ante
1020 2074 1253 2114 adventum

225 2147 402 2198 Christi,
427 2148 528 2201 quia
556 2147 767 2188 serviebat
793 2150 989 2199 peccato,
1019 2145 1253 2186 secundum

224 2218 330 2259 illud
349 2221 363 2243 ¹·
386 2232 394 2259 :
421 2233 439 2257 ε(
461 2217 605 2260 Omnis
625 2217 699 2271 qui
719 2217 816 2257 iacit
834 2219 1052 2270 peccatum
1071 2248 1080 2267 ,
1105 2228 1253 2257 servus

224 2293 285 2332 est
294 2291 465 2344 peccati.
480 2305 498 2328 n
525 2290 576 2331 Et
594 2289 700 2330 ratio
718 2290 851 2341 hujus
868 2288 1020 2329 dicitur
1040 2291 1053 2313 ὅ
1066 2299 1076 2328 :
1088 2303 1105 2326 α
1117 2288 1153 2328 Α
1169 2300 1253 2341 quo

225 2358 321 2411 quis
354 2360 576 2411 superatus
608 2360 694 2408 est,
727 2357 859 2409 hujus
891 2358 931 2396 et
963 2367 1112 2397 servus
1132 2358 1246 2396 est.»

225 2429 276 2470 Et
296 2431 467 2482 propter
486 2430 705 2481 peccatum
725 2426 959 2480 specialiter
978 2425 1225 2467 idololatriae
1239 2459 1248 2476 ‚

224 2502 394 2553 propter
430 2499 544 2552 quod
594 2500 712 2539 erant
753 2497 863 2538 servi
900 2497 1146 2537 infimarum
1196 2498 1249 2547 (α)

223 2582 369 2611 rerum
388 2570 402 2592 ⁶
423 2583 432 2610 ε
463 2585 481 2608 α
510 2569 615 2610 Cum
634 2580 820 2610 essemus
840 2567 1029 2620 parvuli,
1060 2567 1137 2607 sub
1168 2567 1251 2607 ele-

222 2640 376 2681 mentis
394 2639 542 2681 mundi
559 2652 728 2680 eramus
748 2638 990 2680 servientes.
1015 2652 1033 2676 ›>
1058 2638 1109 2678 Et
1132 2640 1249 2690 post:

228 2728 247 2752 «
267 2712 486 2762 Quomodo
506 2710 803 2753 convertimini
824 2710 978 2752 iterum
1007 2710 1057 2751 ad
1079 2710 1252 2750 infirma

222 2786 264 2824 et
293 2795 431 2835 egena
461 2783 667 2824 elementa
685 2814 698 2833 ,
731 2782 887 2835 quibus
920 2782 1058 2822 denuo
1092 2782 1251 2823 servire

221 2854 416 2895 vultis?›>
438 2854 502 2894 Ad
532 2853 696 2894 Galatas
728 2853 945 2906 loquitur,
980 2853 1054 2905 qui
1084 2853 1252 2893 fuerant

223 2924 414 2976 gentiles.
454 2924 518 2966 EX
554 2937 735 2978 persona
765 2923 1071 2965 interveniente
1105 2938 1114 2963 :
1149 2923 1250 2975 quia

223 2996 394 3038 fuerunt
413 2997 597 3038 seniores
615 2997 883 3046 ludaeorum,
905 3007 979 3048 per
1000 3007 1105 3048 quos
1124 2995 1248 3035 intel-

223 3065 414 3116 liguntur
442 3067 637 3119 apostoli,
668 3067 900 3108 secundum
928 3065 1032 3106 illud
1051 3065 1064 3086 ⁷
1090 3079 1099 3105 z
1132 3080 1150 3103 α
1171 3065 1250 3105 Do-

223 3134 364 3175 minus
389 3136 441 3176 ad
462 3137 671 3189 judicium
700 3138 839 3180 veniet
860 3148 955 3176 cum
979 3135 1149 3176 senibus
1170 3147 1248 3188 po-

223 3205 311 3258 puli
341 3205 403 3246 sni
424 3238 436 3257 ,
470 3209 511 3247 et
540 3208 800 3262 principibus
834 3209 942 3260 ejus.
982 3221 1001 3245 υ
1036 3206 1107 3246 Isti
1150 3208 1250 3247 sunt

264 3312 274 3333 ¹
297 3311 389 3343 Psal.
412 3320 538 3352 cxnvn,
561 3316 610 3346 15.
631 3331 670 3339 —
688 3316 702 3337 ²
721 3316 824 3355 Rom„
843 3323 877 3355 x,
902 3317 950 3346 10.
967 3332 1007 3337 —
1026 3313 1039 3335 3
1060 3314 1178 3350 Marc„
1198 3319 1247 3352 xi,

224 3360 274 3390 24.
289 3376 329 3381 —
348 3358 360 3379 Β
378 3359 485 3396 Joan„
506 3366 579 3400 vlu,
599 3363 650 3393 34,
668 3379 708 3385 —-
728 3363 741 3384 ⁵
762 3364 787 3394 ll
809 3363 914 3402 Petu,
936 3370 972 3401 11,
996 3363 1044 3393 19.
1065 3379 1099 3383 -—
1123 3361 1134 3379 θ
1156 3359 1247 3400 Gal„

224 3413 271 3445 lv,
301 3407 333 3444 3,
359 3408 389 3437 9.
411 3423 453 3430 —-
478 3404 490 3425 ⁷
518 3409 676 3449 Isa.,111,
707 3412 756 3442 14.
776 3426 817 3432 —
846 3411 856 3428 ⁵
883 3409 1015 3449 Mami„
1036 3416 1114 3448 xix,
1134 3409 1186 3439 28.
1207 3423 1246 3429 —-

224 3454 235 3471 ⁰
258 3445 356 3493 lbid.,
376 3461 504 3495 xxviii,
530 3457 580 3486 19.
601 3472 641 3479 —-
660 3457 685 3478 ¹⁰
705 3458 784 3496 1sa.,
803 3465 904 3497 xmx,
925 3459 955 3489 6.
970 3474 1011 3481 -
1031 3457 1051 3475 ¹¹
1074 3457 1176 3494 Rom„
1198 3462 1245 3494 xl,

223 3501 277 3532 25.
306 3515 346 3526 -
377 3501 399 3520 ¹²
420 3501 504 3540 Act„
539 3509 595 3542 xv,
624 3504 656 3542 7,
686 3505 715 3535 9.
742 3521 782 3528 -—
809 3505 835 3526 13
860 3505 964 3543 Rom„
994 3512 1029 3541 x,
1057 3505 1108 3544 12,
1136 3504 1186 3534 13.
1207 3518 1247 3525 -—

2269 195 2345 248 3913

1323 281 1523 347 apostoli,
1556 287 1711 346 quibus
1743 291 1896 334 dicitur
1922 297 1937 319 ⁸
1967 307 1975 333 z
2014 307 2033 332 t(
2070 292 2273 334 Sedebitis
2306 295 2348 336 et

1321 377 1396 406 vos
1416 376 1543 418 super
1562 364 1678 405 sedes
1708 363 1949 413 duodecim,
1974 363 2211 416 judicantes
2237 364 2346 404 duo-

1322 437 1455 478 decim
1475 437 1610 478 tribus
1630 437 1779 487 Israel,
1801 452 1820 474 »
1843 439 1919 479 etc.
1946 436 2110 477 Horum
2131 436 2348 478 interven-

1323 509 1435 549 tione
1451 508 1621 560 gentilis
1635 509 1817 561 populus
1832 510 1893 549 cst
1910 510 2094 557 curatus,
2114 508 2347 549 secundum

1323 578 1427 619 illud
1447 582 1460 604 ⁹
1486 593 1494 619 ε
1524 593 1543 616 (‹
1564 578 1717 619 Euntes
1735 580 1878 620 docete
1898 590 2044 619 cinnes
2065 581 2228 630 gentes.
2252 592 2271 616 >³
2301 575 2351 620 Et

1324 660 1398 702 per
1417 649 1495 689 hos
1516 649 1709 689 conversi
1727 642 1826 690 sunt
1848 650 1900 690 ad
1920 649 2046 690 fidem
2074 647 2223 690 Christi
2238 681 2251 699 ,
2276 661 2352 702 per

1325 731 1452 772 quem
1472 719 1697 760 illuminati
1729 723 1769 760 et
1799 720 1948 761 salvati
1975 722 2094 770 sunt,
2117 719 2352 760 secundum

1324 791 1429 831 illud
1450 791 1477 816 ¹⁰
1500 805 1508 831 ε
1539 806 1558 829 «
1577 789 1734 831 Parum
1756 794 1818 831 est
1848 793 1896 831 ut
1915 790 1970 830 sis
2000 791 2105 831 mihi
2135 803 2283 832 servus
2303 791 2355 832 ad

1326 861 1586 903 suscitandas
1628 861 1762 902 tribus
1799 861 1925 902 Jacob
1948 893 1959 912 ,
1993 864 2033 902 et
2067 863 2188 902 faeces
2229 862 2356 902 Israel

1326 933 1651 983 convertendas3
1672 932 1767 973 dedi
1798 934 1839 972 te
1868 932 1913 972 in
1942 933 2079 973 lucem
2099 933 2307 985 gentium.
2330 948 2349 970 »

1326 1004 1389 1045 Ex
1409 1004 1637 1045 curationis
1658 1004 1825 1054 ordine,
1850 1003 1949 1057 quia
1975 1016 2049 1057 per
2068 1004 2165 1044 fidei
2187 1005 2354 1056 magni-

1325 1076 1537 1126 tudinem,
1568 1087 1665 1128 quae
1693 1075 1915 1128 praefertnr
1942 1072 2040 1116 fidei
2072 1075 2357 1128 magnitudini

1328 1146 1565 1188 israeliticae
1585 1148 1608 1169 1¹
1636 1161 1644 1188 :
1672 1163 1689 1186 α
1711 1147 1879 1188 Caecitas
1905 1160 1958 1188 ex
1986 1150 2103 1200 parte
2124 1148 2298 1200 contigit
2313 1148 2358 1188 in

1328 1218 1482 1269 lsrael,
1517 1219 1648 1259 donec
1677 1218 1893 1270 plenitudo
1923 1219 2119 1270 gentium
2149 1219 2355 1268 intraret,

1327 1291 1374 1330 ut
1394 1289 1452 1329 sic
1472 1289 1611 1329 omnis
1640 1288 1766 1329 Israel
1799 1289 1940 1330 salvus
1970 1290 2102 1330 fieret.
2124 1304 2143 1326 >³
2169 1289 2215 1329 In
2235 1290 2357 1332 Aen·-

1329 1359 1402 1401 bus
1427 1360 1456 1385 ¹2
1484 1374 1492 1401 :
1522 1360 1694 1412 «Elegit
1728 1360 1839 1400 Deus
1868 1369 1943 1412 per
1975 1372 2021 1401 os
2059 1372 2226 1409 meum,
2260 1360 2360 1401 dicit

1328 1429 1503 1481 Petrus,
1540 1432 1686 1471 audire
1716 1433 1861 1482 gentes
1888 1431 2069 1472 verbum
2103 1431 2357 1483 Evangelii,

1327 1503 1368 1541 et
1387 1501 1570 1542 credere.
1593 1517 1611 1540 »
1640 1502 1690 1542 Et
1717 1504 1861 1555 postea
1883 1514 1893 1542 :
1921 1518 1940 1541 a
1969 1502 2020 1542 Et
2038 1501 2144 1541 nihil
2165 1501 2360 1543 discrevit

1328 1570 1436 1611 inter
1457 1584 1532 1613 nos
1553 1575 1593 1613 et
1618 1572 1709 1613 illos
1724 1604 1733 1621 ,
1758 1572 1840 1613 fide
1874 1573 2105 1626 purificans
2131 1572 2257 1614 corda
2287 1585 2358 1614 eo-

1328 1654 1440 1683 rum.
1463 1658 1482 1680 ›)
1506 1644 1534 1665 ¹³
1558 1659 1577 1682 «
1596 1644 1686 1685 Non
1706 1646 1768 1685 est
1794 1644 2003 1685 distinctio
2025 1644 2158 1686 Judaei
2179 1647 2219 1685 et
2242 1644 2358 1686 Grae-

1328 1713 1364 1752 ci
1389 1745 1400 1764 ,
1438 1728 1457 1751 n
1479 1717 1556 1756 etc.
1592 1715 1795 1768 Sequitur
1828 1729 1836 1755 :
1879 1730 1898 1753 «
1932 1715 2077 1756 Omnis
2111 1715 2225 1756 enim
2264 1716 2358 1768 qui-

1329 1796 1512 1838 cumque
1538 1785 1801 1827 invocaverit
1828 1797 1982 1826 nomen
2002 1785 2192 1837 Domini,
2215 1786 2360 1828 salvus

1329 1855 1422 1896 erit.
1446 1870 1465 1893 ›>

1383 1926 1664 1979 Spiritualiter
1703 1930 1846 1968 autem
1891 1927 2125 1968 secundum
2170 1928 2358 1980 tropolo-

1328 1998 1443 2049 giam
1464 1998 1717 2050 designatur
1736 1999 1806 2040 hic
1827 1999 1987 2039 curatio
2007 1999 2089 2040 viri
2111 2000 2357 2051 peccatoris,

1328 2070 1380 2109 ad
1402 2081 1530 2121 quam
1551 2070 1632 2110 tria
1652 2072 1933 2119 concurrunt,
1956 2069 2111 2109 scilicet
2133 2069 2225 2109 haec
2248 2084 2256 2109 :
2279 2070 2361 2122 pri-

1328 2152 1447 2180 mum
1485 2142 1547 2180 est
1582 2140 1815 2191 recognitio
1858 2139 2118 2179 infirmitatis
2149 2140 2358 2193 propriae,

1327 2211 1428 2263 quia
1457 2211 1595 2263 primo
1629 2211 1865 2263 requiritur
1899 2213 1947 2250 ut
1976 2210 2104 2250 homo
2135 2214 2362 2262 cognoscat

1327 2281 1540 2322 delictum.
1564 2281 1627 2322 Ad
1650 2281 1763 2334 quod
1792 2281 1985 2322 hortatur
2007 2280 2035 2305 ¹⁸
2057 2294 2064 2320 :
2096 2295 2116 2319 (ι
2142 2280 2239 2322 Vide
2271 2281 2360 2322 vias

1327 2355 1421 2393 tuas
1433 2353 1476 2393 in
1489 2353 1692 2403 convalle,
1709 2353 1812 2393 scito
1832 2352 1932 2404 quid
1946 2352 2103 2392 feceris.
2119 2365 2138 2389 ))
2158 2352 2359 2405 Alioquin

1327 2436 1412 2464 non
1432 2425 1584 2477 poterit
1612 2425 1660 2477 (b)
1676 2425 1925 2477 Justificari;
1951 2423 2059 2465 sicut
2086 2424 2241 2464 ibidem
2265 2426 2360 2466 sub-

1327 2495 1440 2536 ditur
1459 2495 1485 2516 ¹⁵
1509 2509 1516 2536 :
1547 2495 1689 2535 «Ecce
1719 2507 1802 2546 ego
1825 2494 1984 2547 jndicio
2015 2495 2264 2535 contendam
2295 2497 2358 2536 te-

1327 2579 1423 2607 cum
1438 2599 1448 2617 ,
1472 2579 1520 2607 eo
1551 2567 1663 2619 quod
1695 2566 1877 2607 dixeris:
1899 2566 1991 2608 Non
2020 2566 2205 2619 peccavi.
2228 2580 2247 2604 n
2271 2566 2359 2608 Hoc

1326 2639 1545 2680 attendens
1571 2639 1714 2679 anima
1743 2638 1971 2691 poenitens,
1994 2638 2092 2678 dicit
2120 2638 2147 2660 ¹⁶
2169 2650 2179 2678 :
2213 2652 2232 2676 «
2251 2638 2356 2679 Con-

1326 2713 1442 2752 verte
1472 2723 1559 2761 me,
1589 2714 1629 2751 et
1665 2713 1911 2761 convertar,
1944 2709 2046 2762 quia
2078 2712 2124 2750 tu
2153 2709 2357 2750 Dominus

1326 2781 1434 2822 Deus
1456 2793 1589 2822 meus.
1611 2781 1841 2834 Postquam
1858 2782 1971 2821 enim
1991 2781 2234 2822 convertisti
2260 2793 2353 2832 me,

1326 2853 1397 2905 egi
1435 2853 1727 2906 poenitentiam
1762 2867 1770 2892 :
1809 2854 1849 2892 et
1877 2855 2103 2904 postquam
2138 2851 2354 2892 ostendisti

1326 2923 1429 2963 mihi
1445 2957 1457 2974 ,
1480 2924 1667 2976 percussi
1689 2924 1827 2964 femur
1859 2934 2027 2972 meum,
2049 2937 2068 2960 »
2091 2925 2170 2963 etc.
2202 2921 2357 2962 Secun-

1325 2993 1426 3034 dum
1447 2997 1509 3035 est
1524 2994 1778 3036 interventio
1799 2993 2059 3034 auctoritatis
2087 2993 2324 3046 apostolicae
2343 3025 2354 3043 ,

1325 3065 1425 3117 quia
1442 3065 1601 3106 dictum
1622 3068 1682 3105 est
1702 3064 1825 3106 Petro
1846 3063 1873 3086 ¹⁷
1896 3078 1905 3105 :
1933 3079 1952 3103 (ι
1974 3064 2025 3105 Et
2045 3063 2121 3104 tibi
2140 3064 2248 3105 dabo
2269 3064 2357 3104 cla-

1326 3147 1399 3176 ves
1419 3136 1543 3188 regni
1564 3136 1766 3177 coelorum
1785 3150 1794 3186 ;
1819 3138 1859 3176 et
1881 3135 2177 3188 quodcumque
2197 3133 2355 3184 ligave-

1324 3206 1382 3246 ris
1412 3219 1539 3259 super
1566 3209 1743 3258 terram,
1767 3206 1847 3247 erit
1876 3206 2059 3257 ligatum
2081 3207 2121 3245 et
2141 3204 2184 3243 in
2206 3203 2322 3243 coelis
2338 3235 2351 3254 ,

1324 3280 1364 3317 et
1395 3278 1692 3331 quodcumque
1724 3277 1896 3319 solveris
1928 3287 2055 3328 super
2091 3277 2243 3315 terram
2273 3273 2353 3314 erit

1326 3391 1351 3412 ¹⁴
1370 3391 1506 3430 Jerem„
1524 3399 1564 3431 11,
1586 3392 1639 3423 23.
1662 3409 1697 3413 —
1722 3391 1748 3412 1⁵
1768 3389 1866 3429 ibid„
1887 3390 1939 3421 35.
1960 3405 1999 3411 —-
2021 3387 2044 3409 ¹6
2067 3385 2164 3424 thid„
2185 3393 2281 3425 xxxi,
2303 3388 2353 3427 18,

1325 3438 1375 3470 19.
1400 3455 1441 3461 —-
1461 3439 1486 3460 1’
1504 3438 1638 3478 Matth„
1660 3445 1730 3477 xvi,
1753 3439 1804 3469 19.

1367 3503 1507 3544 (ament.
1517 3503 1591 3536 Ven.
1607 3502 1874 3534 infirmarum.—
1886 3500 1932 3542 (b)
1945 3500 2024 3532 Caet.
2037 3498 2117 3531 edit.
2132 3507 2202 3530 non
2214 3497 2352 3538 poteris.

2407 1942 2520 1976 Tropo-

2379 1981 2469 2018 logia.
