<?xml version="1.0" encoding="UTF-8"?>
<!DOCTYPE html PUBLIC "-//W3C//DTD XHTML 1.0 Transitional//EN"
    "http://www.w3.org/TR/xhtml1/DTD/xhtml1-transitional.dtd">
<html xmlns="http://www.w3.org/1999/xhtml" xml:lang="en" lang="en">
 <head>
  <title>
</title>
<meta http-equiv="Content-Type" content="text/html;charset=utf-8" />
  <meta name='ocr-system' content='tesseract 3.04.00' />
  <meta name='ocr-capabilities' content='ocr_page ocr_carea ocr_par ocr_line ocrx_word'/>
</head>
<body>
  <div class='ocr_page' id='page_1' title='image "./operaomniasixtiv10bonauoft_0303.png"; bbox 0 0 2634 3853; ppageno 0'>
   <div class='ocr_carea' id='block_1_1' title="bbox 1048 130 1647 175">
    <p class='ocr_par' dir='ltr' id='par_1_1' title="bbox 1048 130 1647 175">
     <span class='ocr_line' id='line_1_1' title="bbox 1048 130 1647 175; baseline 0.005 -4"><span class='ocrx_word' id='word_1_1' title='bbox 1048 130 1320 174; x_wconf 87' lang='lat' dir='ltr'><strong>EXPOSITIO</strong></span> <span class='ocrx_word' id='word_1_2' title='bbox 1349 132 1401 175; x_wconf 88' lang='lat' dir='ltr'>IN</span> <span class='ocrx_word' id='word_1_3' title='bbox 1431 132 1544 174; x_wconf 92' lang='lat' dir='ltr'>CAP.</span> <span class='ocrx_word' id='word_1_4' title='bbox 1577 133 1647 174; x_wconf 87' lang='grc' dir='ltr'>ΙΙΙ.</span> 
     </span>
    </p>
   </div>
   <div class='ocr_carea' id='block_1_2' title="bbox 272 219 1303 1699">
    <p class='ocr_par' dir='ltr' id='par_1_2' title="bbox 276 219 1303 691">
     <span class='ocr_line' id='line_1_2' title="bbox 283 219 1300 271; baseline -0.003 -6"><span class='ocrx_word' id='word_1_5' title='bbox 283 235 368 265; x_wconf 91' lang='lat' dir='ltr'>non</span> <span class='ocrx_word' id='word_1_6' title='bbox 391 232 517 263; x_wconf 89' lang='lat' dir='ltr'>suum</span> <span class='ocrx_word' id='word_1_7' title='bbox 547 219 834 271; x_wconf 89' lang='lat' dir='ltr'>commodum,</span> <span class='ocrx_word' id='word_1_8' title='bbox 863 219 935 260; x_wconf 92' lang='lat' dir='ltr'>sed</span> <span class='ocrx_word' id='word_1_9' title='bbox 963 220 1153 260; x_wconf 88' lang='lat' dir='ltr'>nostram</span> <span class='ocrx_word' id='word_1_10' title='bbox 1186 220 1300 262; x_wconf 90' lang='lat' dir='ltr'>salu-</span> 
     </span>
     <span class='ocr_line' id='line_1_3' title="bbox 280 291 1303 344; baseline -0.002 -9"><span class='ocrx_word' id='word_1_11' title='bbox 280 298 389 344; x_wconf 85' lang='lat' dir='ltr'>tem;</span> <span class='ocrx_word' id='word_1_12' title='bbox 411 293 504 334; x_wconf 89' lang='lat' dir='ltr'>ideo</span> <span class='ocrx_word' id='word_1_13' title='bbox 524 304 667 334; x_wconf 89' lang='lat' dir='ltr'>coram</span> <span class='ocrx_word' id='word_1_14' title='bbox 691 292 773 334; x_wconf 90' lang='lat' dir='ltr'>Deo</span> <span class='ocrx_word' id='word_1_15' title='bbox 790 295 831 333; x_wconf 91' lang='lat' dir='ltr'>et</span> <span class='ocrx_word' id='word_1_16' title='bbox 855 291 1102 334; x_wconf 85' lang='lat' dir='ltr'>hominibus</span> <span class='ocrx_word' id='word_1_17' title='bbox 1121 292 1303 344; x_wconf 76' lang='lat' dir='ltr'>gratIam</span> 
     </span>
     <span class='ocr_line' id='line_1_4' title="bbox 279 363 1300 416; baseline -0.002 -10"><span class='ocrx_word' id='word_1_18' title='bbox 279 364 533 406; x_wconf 88' lang='lat' dir='ltr'>inveniebat.</span> <span class='ocrx_word' id='word_1_19' title='bbox 570 363 760 404; x_wconf 88' lang='lat' dir='ltr'>Primum</span> <span class='ocrx_word' id='word_1_20' title='bbox 797 367 886 405; x_wconf 89' lang='lat' dir='ltr'>erat</span> <span class='ocrx_word' id='word_1_21' title='bbox 912 363 1114 416; x_wconf 73' lang='lat' dir='ltr'>justitiae,</span> <span class='ocrx_word' id='word_1_22' title='bbox 1152 375 1300 404; x_wconf 91' lang='lat' dir='ltr'>secun-</span> 
     </span>
     <span class='ocr_line' id='line_1_5' title="bbox 277 434 1299 489; baseline 0 -14"><span class='ocrx_word' id='word_1_23' title='bbox 277 435 380 476; x_wconf 85' lang='lat' dir='ltr'>dum</span> <span class='ocrx_word' id='word_1_24' title='bbox 415 435 734 486; x_wconf 81' lang='lat' dir='ltr'>misericordiae3</span> <span class='ocrx_word' id='word_1_25' title='bbox 756 438 926 489; x_wconf 90' lang='lat' dir='ltr'>propter</span> <span class='ocrx_word' id='word_1_26' title='bbox 947 434 1062 488; x_wconf 86' lang='lat' dir='ltr'>quod</span> <span class='ocrx_word' id='word_1_27' title='bbox 1086 434 1264 475; x_wconf 86' lang='lat' dir='ltr'>dicitur¹</span> <span class='ocrx_word' id='word_1_28' title='bbox 1291 450 1299 475; x_wconf 75' lang='grc' dir='ltr'>ε</span> 
     </span>
     <span class='ocr_line' id='line_1_6' title="bbox 283 505 1303 556; baseline 0 -11"><span class='ocrx_word' id='word_1_29' title='bbox 283 521 302 545; x_wconf 72' lang='grc' dir='ltr'>(ι</span> <span class='ocrx_word' id='word_1_30' title='bbox 321 505 604 548; x_wconf 80' lang='lat' dir='ltr'>Misericordia</span> <span class='ocrx_word' id='word_1_31' title='bbox 621 510 663 548; x_wconf 90' lang='lat' dir='ltr'>et</span> <span class='ocrx_word' id='word_1_32' title='bbox 687 508 842 548; x_wconf 88' lang='lat' dir='ltr'>veritas</span> <span class='ocrx_word' id='word_1_33' title='bbox 861 510 901 547; x_wconf 91' lang='lat' dir='ltr'>te</span> <span class='ocrx_word' id='word_1_34' title='bbox 927 518 1013 547; x_wconf 91' lang='lat' dir='ltr'>non</span> <span class='ocrx_word' id='word_1_35' title='bbox 1032 506 1239 556; x_wconf 77' lang='lat' dir='ltr'>deserant,</span> <span class='ocrx_word' id='word_1_36' title='bbox 1263 509 1303 546; x_wconf 91' lang='lat' dir='ltr'>et</span> 
     </span>
     <span class='ocr_line' id='line_1_7' title="bbox 277 577 1302 631; baseline 0.001 -14"><span class='ocrx_word' id='word_1_37' title='bbox 277 577 468 628; x_wconf 82' lang='lat' dir='ltr'>invenies</span> <span class='ocrx_word' id='word_1_38' title='bbox 512 579 696 631; x_wconf 80' lang='lat' dir='ltr'>gratiam</span> <span class='ocrx_word' id='word_1_39' title='bbox 745 583 785 619; x_wconf 91' lang='lat' dir='ltr'>et</span> <span class='ocrx_word' id='word_1_40' title='bbox 831 577 1095 630; x_wconf 79' lang='lat' dir='ltr'>disciplinam</span> <span class='ocrx_word' id='word_1_41' title='bbox 1144 577 1302 618; x_wconf 89' lang='lat' dir='ltr'>bonam</span> 
     </span>
     <span class='ocr_line' id='line_1_8' title="bbox 276 648 933 691; baseline -0.005 -3"><span class='ocrx_word' id='word_1_42' title='bbox 276 659 419 689; x_wconf 89' lang='lat' dir='ltr'>coram</span> <span class='ocrx_word' id='word_1_43' title='bbox 445 648 529 690; x_wconf 93' lang='lat' dir='ltr'>Deo</span> <span class='ocrx_word' id='word_1_44' title='bbox 555 652 597 690; x_wconf 94' lang='lat' dir='ltr'>et</span> <span class='ocrx_word' id='word_1_45' title='bbox 624 649 886 691; x_wconf 88' lang='lat' dir='ltr'>hominibus.</span> <span class='ocrx_word' id='word_1_46' title='bbox 914 662 933 686; x_wconf 82' lang='lat'>›&gt;</span> 
     </span>
    </p>

    <p class='ocr_par' dir='ltr' id='par_1_3' title="bbox 272 720 1303 1699">
     <span class='ocr_line' id='line_1_9' title="bbox 327 720 1299 773; baseline -0.001 -12"><span class='ocrx_word' id='word_1_47' title='bbox 327 720 392 761; x_wconf 83' lang='lat' dir='ltr'>Ex</span> <span class='ocrx_word' id='word_1_48' title='bbox 416 720 625 773; x_wconf 71' lang='lat' dir='ltr'>praedictis</span> <span class='ocrx_word' id='word_1_49' title='bbox 657 721 792 773; x_wconf 87' lang='lat' dir='ltr'>igitur</span> <span class='ocrx_word' id='word_1_50' title='bbox 820 720 1022 772; x_wconf 80' lang='lat' dir='ltr'>colligere</span> <span class='ocrx_word' id='word_1_51' title='bbox 1048 730 1299 772; x_wconf 84' lang='lat' dir='ltr'>possumus,</span> 
     </span>
     <span class='ocr_line' id='line_1_10' title="bbox 275 791 1302 844; baseline 0 -12"><span class='ocrx_word' id='word_1_52' title='bbox 275 791 456 844; x_wconf 81' lang='lat' dir='ltr'>qualiter</span> <span class='ocrx_word' id='word_1_53' title='bbox 492 792 709 834; x_wconf 83' lang='lat' dir='ltr'>intendere</span> <span class='ocrx_word' id='word_1_54' title='bbox 743 792 946 833; x_wconf 85' lang='lat' dir='ltr'>debemus</span> <span class='ocrx_word' id='word_1_55' title='bbox 981 791 1114 832; x_wconf 88' lang='lat' dir='ltr'>cultui</span> <span class='ocrx_word' id='word_1_56' title='bbox 1145 791 1302 833; x_wconf 87' lang='lat' dir='ltr'>divinae</span> 
     </span>
     <span class='ocr_line' id='line_1_11' title="bbox 274 850 1302 917; baseline 0.001 -14"><span class='ocrx_word' id='word_1_57' title='bbox 274 863 520 916; x_wconf 74' lang='lat' dir='ltr'>maiestatis,</span> <span class='ocrx_word' id='word_1_58' title='bbox 545 864 685 906; x_wconf 90' lang='lat' dir='ltr'>studio</span> <span class='ocrx_word' id='word_1_59' title='bbox 705 864 908 914; x_wconf 74' lang='lat' dir='ltr'>veritaffls,</span> <span class='ocrx_word' id='word_1_60' title='bbox 928 867 969 904; x_wconf 87' lang='lat' dir='ltr'>et</span> <span class='ocrx_word' id='word_1_61' title='bbox 986 863 1188 917; x_wconf 87' lang='lat' dir='ltr'>obsequio</span> <span class='ocrx_word' id='word_1_62' title='bbox 1209 850 1302 917; x_wconf 85' lang='lat' dir='ltr'>pie-</span> 
     </span>
     <span class='ocr_line' id='line_1_12' title="bbox 272 934 1299 988; baseline 0.002 -14"><span class='ocrx_word' id='word_1_63' title='bbox 272 934 382 975; x_wconf 87' lang='lat' dir='ltr'>tatis.</span> <span class='ocrx_word' id='word_1_64' title='bbox 405 934 515 976; x_wconf 87' lang='lat' dir='ltr'>Nam</span> <span class='ocrx_word' id='word_1_65' title='bbox 534 936 671 976; x_wconf 91' lang='lat' dir='ltr'>cultus</span> <span class='ocrx_word' id='word_1_66' title='bbox 697 936 851 977; x_wconf 83' lang='lat' dir='ltr'>divinae</span> <span class='ocrx_word' id='word_1_67' title='bbox 881 936 1113 988; x_wconf 86' lang='lat' dir='ltr'>majestatis</span> <span class='ocrx_word' id='word_1_68' title='bbox 1140 947 1299 988; x_wconf 83' lang='lat' dir='ltr'>praeoc-</span> 
     </span>
     <span class='ocr_line' id='line_1_13' title="bbox 273 1006 1302 1060; baseline 0.001 -13"><span class='ocrx_word' id='word_1_69' title='bbox 273 1006 418 1060; x_wconf 87' lang='lat' dir='ltr'>cupari</span> <span class='ocrx_word' id='word_1_70' title='bbox 436 1007 559 1048; x_wconf 91' lang='lat' dir='ltr'>debet</span> <span class='ocrx_word' id='word_1_71' title='bbox 577 1007 629 1048; x_wconf 89' lang='lat' dir='ltr'>ab</span> <span class='ocrx_word' id='word_1_72' title='bbox 654 1007 843 1058; x_wconf 76' lang='lat' dir='ltr'>infantia,</span> <span class='ocrx_word' id='word_1_73' title='bbox 865 1007 1058 1060; x_wconf 85' lang='lat' dir='ltr'>praeferri</span> <span class='ocrx_word' id='word_1_74' title='bbox 1077 1007 1199 1048; x_wconf 91' lang='lat' dir='ltr'>debet</span> <span class='ocrx_word' id='word_1_75' title='bbox 1219 1019 1302 1048; x_wconf 80' lang='lat' dir='ltr'>cae-</span> 
     </span>
     <span class='ocr_line' id='line_1_14' title="bbox 274 1077 1301 1131; baseline 0.003 -14"><span class='ocrx_word' id='word_1_76' title='bbox 274 1077 375 1118; x_wconf 90' lang='lat' dir='ltr'>teris</span> <span class='ocrx_word' id='word_1_77' title='bbox 385 1090 463 1131; x_wconf 89' lang='lat' dir='ltr'>pro</span> <span class='ocrx_word' id='word_1_78' title='bbox 476 1078 715 1120; x_wconf 84' lang='lat' dir='ltr'>reverentia</span> <span class='ocrx_word' id='word_1_79' title='bbox 727 1079 883 1120; x_wconf 87' lang='lat' dir='ltr'>divina.</span> <span class='ocrx_word' id='word_1_80' title='bbox 905 1079 1100 1120; x_wconf 83' lang='lat' dir='ltr'>Studium</span> <span class='ocrx_word' id='word_1_81' title='bbox 1114 1080 1301 1121; x_wconf 88' lang='lat' dir='ltr'>veritatis</span> 
     </span>
     <span class='ocr_line' id='line_1_15' title="bbox 275 1149 1303 1200; baseline 0.002 -11"><span class='ocrx_word' id='word_1_82' title='bbox 275 1149 398 1190; x_wconf 90' lang='lat' dir='ltr'>debet</span> <span class='ocrx_word' id='word_1_83' title='bbox 443 1161 532 1190; x_wconf 89' lang='lat' dir='ltr'>esse</span> <span class='ocrx_word' id='word_1_84' title='bbox 566 1162 663 1190; x_wconf 89' lang='lat' dir='ltr'>cum</span> <span class='ocrx_word' id='word_1_85' title='bbox 708 1150 844 1190; x_wconf 86' lang='lat' dir='ltr'>debita</span> <span class='ocrx_word' id='word_1_86' title='bbox 884 1150 1102 1200; x_wconf 88' lang='lat' dir='ltr'>societate,</span> <span class='ocrx_word' id='word_1_87' title='bbox 1146 1151 1303 1191; x_wconf 87' lang='lat' dir='ltr'>scilicet</span> 
     </span>
     <span class='ocr_line' id='line_1_16' title="bbox 276 1220 1303 1276; baseline 0.002 -15"><span class='ocrx_word' id='word_1_88' title='bbox 276 1220 524 1274; x_wconf 84' lang='lat' dir='ltr'>peritorum,</span> <span class='ocrx_word' id='word_1_89' title='bbox 563 1224 604 1262; x_wconf 89' lang='lat' dir='ltr'>et</span> <span class='ocrx_word' id='word_1_90' title='bbox 637 1222 776 1263; x_wconf 88' lang='lat' dir='ltr'>debito</span> <span class='ocrx_word' id='word_1_91' title='bbox 807 1223 978 1272; x_wconf 88' lang='lat' dir='ltr'>ordine,</span> <span class='ocrx_word' id='word_1_92' title='bbox 1015 1225 1062 1264; x_wconf 91' lang='lat' dir='ltr'>ut</span> <span class='ocrx_word' id='word_1_93' title='bbox 1094 1224 1211 1276; x_wconf 88' lang='lat' dir='ltr'>prius</span> <span class='ocrx_word' id='word_1_94' title='bbox 1249 1224 1303 1263; x_wconf 90' lang='lat' dir='ltr'>sit</span> 
     </span>
     <span class='ocr_line' id='line_1_17' title="bbox 274 1283 1296 1347; baseline 0.002 -15"><span class='ocrx_word' id='word_1_95' title='bbox 274 1283 518 1345; x_wconf 83' lang='lat' dir='ltr'>discipulus,</span> <span class='ocrx_word' id='word_1_96' title='bbox 539 1305 670 1346; x_wconf 84' lang='lat' dir='ltr'>quam</span> <span class='ocrx_word' id='word_1_97' title='bbox 692 1294 909 1345; x_wconf 81' lang='lat' dir='ltr'>magister.</span> <span class='ocrx_word' id='word_1_98' title='bbox 934 1293 1194 1346; x_wconf 82' lang='lat' dir='ltr'>Obsequium</span> <span class='ocrx_word' id='word_1_99' title='bbox 1212 1294 1296 1347; x_wconf 88' lang='lat' dir='ltr'>pie-</span> 
     </span>
     <span class='ocr_line' id='line_1_18' title="bbox 273 1362 1300 1417; baseline 0.002 -15"><span class='ocrx_word' id='word_1_100' title='bbox 273 1362 370 1402; x_wconf 86' lang='lat' dir='ltr'>tatis</span> <span class='ocrx_word' id='word_1_101' title='bbox 405 1363 634 1404; x_wconf 88' lang='lat' dir='ltr'>attenditur</span> <span class='ocrx_word' id='word_1_102' title='bbox 667 1364 712 1404; x_wconf 89' lang='lat' dir='ltr'>in</span> <span class='ocrx_word' id='word_1_103' title='bbox 744 1364 845 1414; x_wconf 86' lang='lat' dir='ltr'>hoc,</span> <span class='ocrx_word' id='word_1_104' title='bbox 881 1365 994 1416; x_wconf 87' lang='lat' dir='ltr'>quod</span> <span class='ocrx_word' id='word_1_105' title='bbox 1023 1364 1300 1417; x_wconf 75' lang='lat' dir='ltr'>subjiciamur</span> 
     </span>
     <span class='ocr_line' id='line_1_19' title="bbox 273 1432 1299 1488; baseline 0.003 -16"><span class='ocrx_word' id='word_1_106' title='bbox 273 1432 381 1486; x_wconf 88' lang='lat' dir='ltr'>patri</span> <span class='ocrx_word' id='word_1_107' title='bbox 401 1433 622 1486; x_wconf 81' lang='lat' dir='ltr'>spirituali,</span> <span class='ocrx_word' id='word_1_108' title='bbox 640 1434 730 1475; x_wconf 90' lang='lat' dir='ltr'>sive</span> <span class='ocrx_word' id='word_1_109' title='bbox 756 1435 1012 1487; x_wconf 81' lang='lat' dir='ltr'>corripienti,</span> <span class='ocrx_word' id='word_1_110' title='bbox 1034 1435 1125 1477; x_wconf 87' lang='lat' dir='ltr'>sive</span> <span class='ocrx_word' id='word_1_111' title='bbox 1151 1436 1299 1488; x_wconf 71' lang='lat' dir='ltr'>praeci-</span> 
     </span>
     <span class='ocr_line' id='line_1_20' title="bbox 274 1503 1303 1560; baseline 0.003 -16"><span class='ocrx_word' id='word_1_112' title='bbox 274 1504 418 1557; x_wconf 79' lang='lat' dir='ltr'>pienti.</span> <span class='ocrx_word' id='word_1_113' title='bbox 451 1503 503 1544; x_wconf 87' lang='lat' dir='ltr'>Et</span> <span class='ocrx_word' id='word_1_114' title='bbox 537 1505 571 1545; x_wconf 90' lang='lat' dir='ltr'>si</span> <span class='ocrx_word' id='word_1_115' title='bbox 599 1505 680 1546; x_wconf 88' lang='lat' dir='ltr'>hoc</span> <span class='ocrx_word' id='word_1_116' title='bbox 712 1517 948 1556; x_wconf 85' lang='lat' dir='ltr'>servamus,</span> <span class='ocrx_word' id='word_1_117' title='bbox 974 1508 1075 1547; x_wconf 89' lang='lat' dir='ltr'>tnnc</span> <span class='ocrx_word' id='word_1_118' title='bbox 1110 1506 1303 1560; x_wconf 86' lang='lat' dir='ltr'>sequitur</span> 
     </span>
     <span class='ocr_line' id='line_1_21' title="bbox 275 1575 1303 1631; baseline 0.004 -17"><span class='ocrx_word' id='word_1_119' title='bbox 275 1575 393 1624; x_wconf 89' lang='lat' dir='ltr'>illud,</span> <span class='ocrx_word' id='word_1_120' title='bbox 417 1575 531 1628; x_wconf 88' lang='lat' dir='ltr'>quod</span> <span class='ocrx_word' id='word_1_121' title='bbox 549 1575 698 1617; x_wconf 83' lang='lat' dir='ltr'>ultimo</span> <span class='ocrx_word' id='word_1_122' title='bbox 716 1577 902 1629; x_wconf 86' lang='lat' dir='ltr'>ponitur,</span> <span class='ocrx_word' id='word_1_123' title='bbox 929 1578 1040 1631; x_wconf 86' lang='lat' dir='ltr'>quod</span> <span class='ocrx_word' id='word_1_124' title='bbox 1058 1578 1303 1630; x_wconf 80' lang='lat' dir='ltr'>proficimus</span> 
     </span>
     <span class='ocr_line' id='line_1_22' title="bbox 277 1646 855 1699; baseline 0.002 -13"><span class='ocrx_word' id='word_1_125' title='bbox 277 1646 390 1699; x_wconf 91' lang='lat' dir='ltr'>apud</span> <span class='ocrx_word' id='word_1_126' title='bbox 416 1646 549 1688; x_wconf 89' lang='lat' dir='ltr'>Deum</span> <span class='ocrx_word' id='word_1_127' title='bbox 579 1649 619 1688; x_wconf 87' lang='lat' dir='ltr'>et</span> <span class='ocrx_word' id='word_1_128' title='bbox 644 1647 855 1688; x_wconf 88' lang='lat' dir='ltr'>homines.</span> 
     </span>
    </p>
   </div>
   <div class='ocr_carea' id='block_1_3' title="bbox 616 1808 955 1852">
    <p class='ocr_par' dir='ltr' id='par_1_4' title="bbox 616 1808 955 1852">
     <span class='ocr_line' id='line_1_23' title="bbox 616 1808 955 1852; baseline -0.003 0"><span class='ocrx_word' id='word_1_129' title='bbox 616 1808 830 1852; x_wconf 88' lang='lat' dir='ltr'>CAPUT</span> <span class='ocrx_word' id='word_1_130' title='bbox 869 1809 955 1852; x_wconf 89' lang='lat' dir='ltr'><strong>III.</strong></span> 
     </span>
    </p>
   </div>
   <div class='ocr_carea' id='block_1_4' title="bbox 276 1934 1307 3344">
    <p class='ocr_par' dir='ltr' id='par_1_5' title="bbox 276 1934 1307 3344">
     <span class='ocr_line' id='line_1_24' title="bbox 332 1934 1301 1988; baseline -0.001 -12"><span class='ocrx_word' id='word_1_131' title='bbox 332 1940 372 1976; x_wconf 73' lang='lat'>1.</span> <span class='ocrx_word' id='word_1_132' title='bbox 393 1934 516 1978; x_wconf 75' lang='lat' dir='ltr'>Anno</span> <span class='ocrx_word' id='word_1_133' title='bbox 533 1938 671 1978; x_wconf 77' lang='lat' dir='ltr'>autem</span> <span class='ocrx_word' id='word_1_134' title='bbox 686 1935 1003 1988; x_wconf 72' lang='lat' dir='ltr'>quintodecimo</span> <span class='ocrx_word' id='word_1_135' title='bbox 1018 1935 1208 1987; x_wconf 71' lang='lat' dir='ltr'>imperii,</span> <span class='ocrx_word' id='word_1_136' title='bbox 1225 1938 1301 1976; x_wconf 86' lang='lat' dir='ltr'>etc.</span> 
     </span>
     <span class='ocr_line' id='line_1_25' title="bbox 279 2006 1302 2060; baseline -0.001 -12"><span class='ocrx_word' id='word_1_137' title='bbox 279 2006 417 2060; x_wconf 88' lang='lat' dir='ltr'>Supra</span> <span class='ocrx_word' id='word_1_138' title='bbox 445 2006 537 2058; x_wconf 87' lang='lat' dir='ltr'>egit</span> <span class='ocrx_word' id='word_1_139' title='bbox 562 2006 837 2058; x_wconf 86' lang='lat' dir='ltr'>Evangelista</span> <span class='ocrx_word' id='word_1_140' title='bbox 865 2006 916 2047; x_wconf 93' lang='lat' dir='ltr'>de</span> <span class='ocrx_word' id='word_1_141' title='bbox 941 2007 1144 2060; x_wconf 83' lang='lat' dir='ltr'>mysterio</span> <span class='ocrx_word' id='word_1_142' title='bbox 1165 2007 1302 2047; x_wconf 84' lang='lat' dir='ltr'>incar-</span> 
     </span>
     <span class='ocr_line' id='line_1_26' title="bbox 278 2077 1305 2130; baseline -0.001 -11"><span class='ocrx_word' id='word_1_143' title='bbox 278 2077 461 2119; x_wconf 86' lang='lat' dir='ltr'>nationis</span> <span class='ocrx_word' id='word_1_144' title='bbox 481 2077 654 2128; x_wconf 83' lang='lat' dir='ltr'>Christi,</span> <span class='ocrx_word' id='word_1_145' title='bbox 674 2080 881 2130; x_wconf 89' lang='lat' dir='ltr'>quantum</span> <span class='ocrx_word' id='word_1_146' title='bbox 903 2078 956 2118; x_wconf 90' lang='lat' dir='ltr'>ad</span> <span class='ocrx_word' id='word_1_147' title='bbox 975 2079 1241 2119; x_wconf 73' lang='lat' dir='ltr'>nativitatem</span> <span class='ocrx_word' id='word_1_148' title='bbox 1260 2078 1305 2118; x_wconf 87' lang='lat' dir='ltr'>in</span> 
     </span>
     <span class='ocr_line' id='line_1_27' title="bbox 277 2149 1303 2202; baseline -0.001 -11"><span class='ocrx_word' id='word_1_149' title='bbox 277 2153 423 2201; x_wconf 90' lang='lat' dir='ltr'>utero,</span> <span class='ocrx_word' id='word_1_150' title='bbox 443 2151 485 2191; x_wconf 93' lang='lat' dir='ltr'>et</span> <span class='ocrx_word' id='word_1_151' title='bbox 509 2162 564 2191; x_wconf 85' lang='lat' dir='ltr'>ex</span> <span class='ocrx_word' id='word_1_152' title='bbox 588 2151 710 2191; x_wconf 87' lang='lat' dir='ltr'>utero</span> <span class='ocrx_word' id='word_1_153' title='bbox 729 2164 739 2200; x_wconf 89' lang='lat'>;</span> <span class='ocrx_word' id='word_1_154' title='bbox 760 2149 829 2190; x_wconf 89' lang='lat' dir='ltr'>hic</span> <span class='ocrx_word' id='word_1_155' title='bbox 848 2152 1056 2202; x_wconf 90' lang='lat' dir='ltr'>quantum</span> <span class='ocrx_word' id='word_1_156' title='bbox 1077 2149 1128 2190; x_wconf 88' lang='lat' dir='ltr'>ad</span> <span class='ocrx_word' id='word_1_157' title='bbox 1150 2150 1303 2190; x_wconf 87' lang='lat' dir='ltr'>nativi-</span> 
     </span>
     <span class='ocr_line' id='line_1_28' title="bbox 276 2221 1302 2271; baseline -0.001 -8"><span class='ocrx_word' id='word_1_158' title='bbox 276 2223 405 2263; x_wconf 80' lang='lat' dir='ltr'>tatem</span> <span class='ocrx_word' id='word_1_159' title='bbox 443 2223 566 2263; x_wconf 86' lang='lat' dir='ltr'>extra</span> <span class='ocrx_word' id='word_1_160' title='bbox 597 2223 790 2271; x_wconf 89' lang='lat' dir='ltr'>uterum,</span> <span class='ocrx_word' id='word_1_161' title='bbox 813 2221 1046 2262; x_wconf 87' lang='lat' dir='ltr'>secundum</span> <span class='ocrx_word' id='word_1_162' title='bbox 1075 2221 1178 2262; x_wconf 87' lang='lat' dir='ltr'>illud</span> <span class='ocrx_word' id='word_1_163' title='bbox 1198 2222 1302 2262; x_wconf 87' lang='lat' dir='ltr'>Arn-</span> 
     </span>
     <span class='ocr_line' id='line_1_29' title="bbox 276 2292 1303 2346; baseline 0.001 -13"><span class='ocrx_word' id='word_1_164' title='bbox 276 2292 426 2344; x_wconf 90' lang='lat' dir='ltr'>brosii,</span> <span class='ocrx_word' id='word_1_165' title='bbox 449 2292 524 2346; x_wconf 87' lang='lat' dir='ltr'>qui</span> <span class='ocrx_word' id='word_1_166' title='bbox 551 2292 652 2333; x_wconf 87' lang='lat' dir='ltr'>dicit</span> <span class='ocrx_word' id='word_1_167' title='bbox 679 2293 803 2334; x_wconf 88' lang='lat' dir='ltr'>illum</span> <span class='ocrx_word' id='word_1_168' title='bbox 831 2296 1028 2333; x_wconf 83' lang='lat' dir='ltr'>renatum</span> <span class='ocrx_word' id='word_1_169' title='bbox 1055 2305 1144 2334; x_wconf 85' lang='lat' dir='ltr'>esse</span> <span class='ocrx_word' id='word_1_170' title='bbox 1165 2305 1303 2334; x_wconf 86' lang='lat' dir='ltr'>sacra-</span> 
     </span>
     <span class='ocr_line' id='line_1_30' title="bbox 277 2362 1305 2415; baseline 0.002 -12"><span class='ocrx_word' id='word_1_171' title='bbox 277 2362 450 2413; x_wconf 76' lang='lat' dir='ltr'>mentis,</span> <span class='ocrx_word' id='word_1_172' title='bbox 481 2363 659 2413; x_wconf 88' lang='lat' dir='ltr'>scilicet,</span> <span class='ocrx_word' id='word_1_173' title='bbox 682 2363 852 2415; x_wconf 88' lang='lat' dir='ltr'>quando</span> <span class='ocrx_word' id='word_1_174' title='bbox 883 2363 1118 2415; x_wconf 86' lang='lat' dir='ltr'>baptizatus</span> <span class='ocrx_word' id='word_1_175' title='bbox 1149 2366 1224 2404; x_wconf 84' lang='lat' dir='ltr'>est.</span> <span class='ocrx_word' id='word_1_176' title='bbox 1254 2364 1305 2405; x_wconf 89' lang='lat' dir='ltr'>Et</span> 
     </span>
     <span class='ocr_line' id='line_1_31' title="bbox 277 2433 1306 2487; baseline 0.002 -14"><span class='ocrx_word' id='word_1_177' title='bbox 277 2433 370 2475; x_wconf 85' lang='lat' dir='ltr'>haec</span> <span class='ocrx_word' id='word_1_178' title='bbox 397 2434 526 2474; x_wconf 88' lang='lat' dir='ltr'>habet</span> <span class='ocrx_word' id='word_1_179' title='bbox 554 2437 640 2474; x_wconf 91' lang='lat' dir='ltr'>tres</span> <span class='ocrx_word' id='word_1_180' title='bbox 672 2436 810 2486; x_wconf 88' lang='lat' dir='ltr'>partes</span> <span class='ocrx_word' id='word_1_181' title='bbox 830 2465 842 2483; x_wconf 92' lang='lat'>,</span> <span class='ocrx_word' id='word_1_182' title='bbox 875 2434 920 2473; x_wconf 93' lang='lat' dir='ltr'>in</span> <span class='ocrx_word' id='word_1_183' title='bbox 955 2445 1138 2486; x_wconf 84' lang='lat' dir='ltr'>quarum</span> <span class='ocrx_word' id='word_1_184' title='bbox 1167 2435 1306 2487; x_wconf 75' lang='lat' dir='ltr'>prIma</span> 
     </span>
     <span class='ocr_line' id='line_1_32' title="bbox 278 2504 1305 2557; baseline 0 -12"><span class='ocrx_word' id='word_1_185' title='bbox 278 2504 369 2556; x_wconf 84' lang='lat' dir='ltr'>agit</span> <span class='ocrx_word' id='word_1_186' title='bbox 387 2504 438 2545; x_wconf 92' lang='lat' dir='ltr'>de</span> <span class='ocrx_word' id='word_1_187' title='bbox 456 2504 665 2557; x_wconf 85' lang='lat' dir='ltr'>baptismo</span> <span class='ocrx_word' id='word_1_188' title='bbox 685 2506 726 2545; x_wconf 90' lang='lat' dir='ltr'>et</span> <span class='ocrx_word' id='word_1_189' title='bbox 745 2504 1047 2557; x_wconf 70' lang='lat' dir='ltr'>praedicatione</span> <span class='ocrx_word' id='word_1_190' title='bbox 1069 2504 1089 2545; x_wconf 84' lang='lat' dir='ltr'>J</span> <span class='ocrx_word' id='word_1_191' title='bbox 1092 2505 1241 2545; x_wconf 88' lang='lat' dir='ltr'>oannis</span> <span class='ocrx_word' id='word_1_192' title='bbox 1261 2505 1305 2545; x_wconf 88' lang='lat' dir='ltr'>in</span> 
     </span>
     <span class='ocr_line' id='line_1_33' title="bbox 281 2575 1305 2629; baseline 0.001 -13"><span class='ocrx_word' id='word_1_193' title='bbox 281 2575 494 2627; x_wconf 82' lang='lat' dir='ltr'>generali,</span> <span class='ocrx_word' id='word_1_194' title='bbox 509 2578 702 2628; x_wconf 85' lang='lat' dir='ltr'>respectu</span> <span class='ocrx_word' id='word_1_195' title='bbox 722 2575 850 2616; x_wconf 88' lang='lat' dir='ltr'>totius</span> <span class='ocrx_word' id='word_1_196' title='bbox 870 2575 1038 2629; x_wconf 84' lang='lat' dir='ltr'>populi3</span> <span class='ocrx_word' id='word_1_197' title='bbox 1056 2576 1100 2616; x_wconf 88' lang='lat' dir='ltr'>in</span> <span class='ocrx_word' id='word_1_198' title='bbox 1120 2576 1305 2617; x_wconf 87' lang='lat' dir='ltr'>secunda</span> 
     </span>
     <span class='ocr_line' id='line_1_34' title="bbox 279 2647 1305 2701; baseline 0.001 -14"><span class='ocrx_word' id='word_1_199' title='bbox 279 2658 396 2698; x_wconf 90' lang='lat' dir='ltr'>vero,</span> <span class='ocrx_word' id='word_1_200' title='bbox 418 2647 463 2687; x_wconf 90' lang='lat' dir='ltr'>in</span> <span class='ocrx_word' id='word_1_201' title='bbox 492 2647 675 2701; x_wconf 87' lang='lat' dir='ltr'>speciali,</span> <span class='ocrx_word' id='word_1_202' title='bbox 704 2650 895 2701; x_wconf 90' lang='lat' dir='ltr'>respectu</span> <span class='ocrx_word' id='word_1_203' title='bbox 929 2648 1175 2700; x_wconf 87' lang='lat' dir='ltr'>specialium</span> <span class='ocrx_word' id='word_1_204' title='bbox 1204 2660 1305 2701; x_wconf 88' lang='lat' dir='ltr'>per-</span> 
     </span>
     <span class='ocr_line' id='line_1_35' title="bbox 277 2719 1307 2773; baseline 0.003 -14"><span class='ocrx_word' id='word_1_205' title='bbox 277 2730 479 2760; x_wconf 89' lang='lat' dir='ltr'>sonarum</span> <span class='ocrx_word' id='word_1_206' title='bbox 499 2751 512 2770; x_wconf 86' lang='lat'>,</span> <span class='ocrx_word' id='word_1_207' title='bbox 547 2719 605 2760; x_wconf 90' lang='lat' dir='ltr'>ibi</span> <span class='ocrx_word' id='word_1_208' title='bbox 639 2719 649 2772; x_wconf 92' lang='lat'>(</span> <span class='ocrx_word' id='word_1_209' title='bbox 674 2731 716 2761; x_wconf 88' lang='lat' dir='ltr'>v.</span> <span class='ocrx_word' id='word_1_210' title='bbox 752 2719 827 2772; x_wconf 71' lang='lat'>10)</span> <span class='ocrx_word' id='word_1_211' title='bbox 858 2733 867 2760; x_wconf 71' lang='grc' dir='ltr'><strong><em>ε</em></strong></span> <span class='ocrx_word' id='word_1_212' title='bbox 898 2720 953 2762; x_wconf 78' lang='lat' dir='ltr'>Et</span> <span class='ocrx_word' id='word_1_213' title='bbox 986 2720 1307 2773; x_wconf 68' lang='lat' dir='ltr'>interroqabant</span> 
     </span>
     <span class='ocr_line' id='line_1_36' title="bbox 277 2789 1306 2845; baseline 0.001 -14"><span class='ocrx_word' id='word_1_214' title='bbox 277 2800 369 2831; x_wconf 81' lang='lat' dir='ltr'>eum</span> <span class='ocrx_word' id='word_1_215' title='bbox 385 2820 395 2838; x_wconf 85' lang='lat'>,</span> <span class='ocrx_word' id='word_1_216' title='bbox 417 2792 514 2840; x_wconf 87' lang='lat' dir='ltr'>ete.;</span> <span class='ocrx_word' id='word_1_217' title='bbox 537 2789 583 2830; x_wconf 91' lang='lat' dir='ltr'>in</span> <span class='ocrx_word' id='word_1_218' title='bbox 608 2790 760 2841; x_wconf 88' lang='lat' dir='ltr'>tertia,</span> <span class='ocrx_word' id='word_1_219' title='bbox 791 2791 836 2830; x_wconf 90' lang='lat' dir='ltr'>in</span> <span class='ocrx_word' id='word_1_220' title='bbox 862 2790 1090 2843; x_wconf 83' lang='lat' dir='ltr'>singulari,</span> <span class='ocrx_word' id='word_1_221' title='bbox 1113 2795 1306 2845; x_wconf 79' lang='lat' dir='ltr'>respectu</span> 
     </span>
     <span class='ocr_line' id='line_1_37' title="bbox 278 2860 1305 2915; baseline 0.004 -14"><span class='ocrx_word' id='word_1_222' title='bbox 278 2860 431 2902; x_wconf 80' lang='lat' dir='ltr'>Christi</span> <span class='ocrx_word' id='word_1_223' title='bbox 454 2860 508 2913; x_wconf 87' lang='lat' dir='ltr'>(v.</span> <span class='ocrx_word' id='word_1_224' title='bbox 532 2861 596 2913; x_wconf 71' lang='lat'>21)</span> <span class='ocrx_word' id='word_1_225' title='bbox 623 2872 633 2901; x_wconf 92' lang='lat'>:</span> <span class='ocrx_word' id='word_1_226' title='bbox 655 2860 711 2904; x_wconf 80' lang='grc' dir='ltr'>Ετ</span> <span class='ocrx_word' id='word_1_227' title='bbox 729 2862 982 2913; x_wconf 76' lang='lat' dir='ltr'>factumest,</span> <span class='ocrx_word' id='word_1_228' title='bbox 1005 2861 1108 2903; x_wconf 76' lang='lat' dir='ltr'>dum</span> <span class='ocrx_word' id='word_1_229' title='bbox 1130 2862 1182 2915; x_wconf 87' lang='grc' dir='ltr'>(α)</span> <span class='ocrx_word' id='word_1_230' title='bbox 1202 2862 1305 2914; x_wconf 77' lang='lat' dir='ltr'>bap-</span> 
     </span>
     <span class='ocr_line' id='line_1_38' title="bbox 278 2931 1306 2986; baseline 0.001 -13"><span class='ocrx_word' id='word_1_231' title='bbox 278 2932 503 2974; x_wconf 51' lang='lat' dir='ltr'>tizaretur.</span> <span class='ocrx_word' id='word_1_232' title='bbox 525 2931 577 2973; x_wconf 88' lang='lat' dir='ltr'>Et</span> <span class='ocrx_word' id='word_1_233' title='bbox 596 2932 699 2974; x_wconf 88' lang='lat' dir='ltr'>ordo</span> <span class='ocrx_word' id='word_1_234' title='bbox 718 2935 848 2986; x_wconf 88' lang='lat' dir='ltr'>patet,</span> <span class='ocrx_word' id='word_1_235' title='bbox 871 2933 971 2986; x_wconf 83' lang='lat' dir='ltr'>quia</span> <span class='ocrx_word' id='word_1_236' title='bbox 989 2934 1188 2986; x_wconf 85' lang='lat' dir='ltr'>generale</span> <span class='ocrx_word' id='word_1_237' title='bbox 1209 2934 1306 2975; x_wconf 86' lang='lat' dir='ltr'>diri·</span> 
     </span>
     <span class='ocr_line' id='line_1_39' title="bbox 281 3002 1306 3057; baseline 0.005 -15"><span class='ocrx_word' id='word_1_238' title='bbox 281 3002 344 3053; x_wconf 86' lang='lat' dir='ltr'>git</span> <span class='ocrx_word' id='word_1_239' title='bbox 362 3003 415 3043; x_wconf 91' lang='lat' dir='ltr'>ad</span> <span class='ocrx_word' id='word_1_240' title='bbox 432 3003 624 3056; x_wconf 84' lang='lat' dir='ltr'>speciale,</span> <span class='ocrx_word' id='word_1_241' title='bbox 641 3003 816 3056; x_wconf 87' lang='lat' dir='ltr'>speciale</span> <span class='ocrx_word' id='word_1_242' title='bbox 836 3004 888 3045; x_wconf 86' lang='lat' dir='ltr'>ad</span> <span class='ocrx_word' id='word_1_243' title='bbox 907 3004 1141 3057; x_wconf 88' lang='lat' dir='ltr'>singulare.</span> <span class='ocrx_word' id='word_1_244' title='bbox 1167 3003 1306 3056; x_wconf 83' lang='lat' dir='ltr'>Quan-</span> 
     </span>
     <span class='ocr_line' id='line_1_40' title="bbox 279 3072 1304 3129; baseline 0.007 -18"><span class='ocrx_word' id='word_1_245' title='bbox 279 3073 371 3112; x_wconf 87' lang='lat' dir='ltr'>tum</span> <span class='ocrx_word' id='word_1_246' title='bbox 390 3072 442 3113; x_wconf 88' lang='lat' dir='ltr'>ad</span> <span class='ocrx_word' id='word_1_247' title='bbox 459 3073 672 3125; x_wconf 89' lang='lat' dir='ltr'>primum,</span> <span class='ocrx_word' id='word_1_248' title='bbox 694 3075 953 3126; x_wconf 87' lang='lat' dir='ltr'>notandum,</span> <span class='ocrx_word' id='word_1_249' title='bbox 975 3076 1088 3129; x_wconf 87' lang='lat' dir='ltr'>quod</span> <span class='ocrx_word' id='word_1_250' title='bbox 1114 3077 1304 3118; x_wconf 87' lang='lat' dir='ltr'>doctrina</span> 
     </span>
     <span class='ocr_line' id='line_1_41' title="bbox 281 3143 1305 3195; baseline 0.008 -14"><span class='ocrx_word' id='word_1_251' title='bbox 281 3144 322 3181; x_wconf 89' lang='lat' dir='ltr'>et</span> <span class='ocrx_word' id='word_1_252' title='bbox 351 3143 591 3195; x_wconf 85' lang='lat' dir='ltr'>praedicatio</span> <span class='ocrx_word' id='word_1_253' title='bbox 618 3145 792 3186; x_wconf 68' lang='lat' dir='ltr'>‚Ioannis</span> <span class='ocrx_word' id='word_1_254' title='bbox 825 3147 1146 3188; x_wconf 86' lang='lat' dir='ltr'>commendatur</span> <span class='ocrx_word' id='word_1_255' title='bbox 1171 3161 1195 3188; x_wconf 91' lang='lat' dir='ltr'>a</span> <span class='ocrx_word' id='word_1_256' title='bbox 1224 3148 1305 3188; x_wconf 86' lang='lat' dir='ltr'>tri-</span> 
     </span>
     <span class='ocr_line' id='line_1_42' title="bbox 280 3212 1303 3272; baseline 0.009 -20"><span class='ocrx_word' id='word_1_257' title='bbox 280 3212 392 3254; x_wconf 87' lang='lat' dir='ltr'>hus:</span> <span class='ocrx_word' id='word_1_258' title='bbox 422 3215 561 3267; x_wconf 86' lang='lat' dir='ltr'>primo</span> <span class='ocrx_word' id='word_1_259' title='bbox 589 3229 615 3258; x_wconf 89' lang='lat' dir='ltr'>a</span> <span class='ocrx_word' id='word_1_260' title='bbox 642 3218 846 3271; x_wconf 89' lang='lat' dir='ltr'>temporis</span> <span class='ocrx_word' id='word_1_261' title='bbox 877 3219 1213 3272; x_wconf 88' lang='lat' dir='ltr'>opportunitate;</span> <span class='ocrx_word' id='word_1_262' title='bbox 1238 3232 1303 3261; x_wconf 92' lang='lat' dir='ltr'>se-</span> 
     </span>
     <span class='ocr_line' id='line_1_43' title="bbox 280 3283 1302 3344; baseline 0.011 -21"><span class='ocrx_word' id='word_1_263' title='bbox 280 3283 417 3325; x_wconf 91' lang='lat' dir='ltr'>cundo</span> <span class='ocrx_word' id='word_1_264' title='bbox 436 3297 538 3327; x_wconf 88' lang='lat' dir='ltr'>vero</span> <span class='ocrx_word' id='word_1_265' title='bbox 560 3288 612 3328; x_wconf 89' lang='lat' dir='ltr'>ab</span> <span class='ocrx_word' id='word_1_266' title='bbox 631 3289 758 3330; x_wconf 84' lang='lat' dir='ltr'>officii</span> <span class='ocrx_word' id='word_1_267' title='bbox 776 3290 1039 3341; x_wconf 85' lang='lat' dir='ltr'>auctoritate,</span> <span class='ocrx_word' id='word_1_268' title='bbox 1074 3290 1135 3331; x_wconf 91' lang='lat' dir='ltr'>ibi</span> <span class='ocrx_word' id='word_1_269' title='bbox 1156 3292 1212 3344; x_wconf 89' lang='lat' dir='ltr'>(v.</span> <span class='ocrx_word' id='word_1_270' title='bbox 1236 3292 1272 3344; x_wconf 74' lang='lat'>2)</span> <span class='ocrx_word' id='word_1_271' title='bbox 1292 3305 1302 3334; x_wconf 77' lang='lat' dir='ltr'>t</span> 
     </span>
    </p>
   </div>
   <div class='ocr_carea' id='block_1_5' title="bbox 285 3390 1303 3484">
    <p class='ocr_par' dir='ltr' id='par_1_6' title="bbox 285 3390 1303 3484">
     <span class='ocr_line' id='line_1_44' title="bbox 324 3390 1303 3441; baseline 0.011 -21"><span class='ocrx_word' id='word_1_272' title='bbox 324 3390 335 3411; x_wconf 89' lang='lat'>1</span> <span class='ocrx_word' id='word_1_273' title='bbox 356 3390 464 3431; x_wconf 67' lang='lat' dir='ltr'>Prov„</span> <span class='ocrx_word' id='word_1_274' title='bbox 486 3398 537 3433; x_wconf 89' lang='lat'>111,</span> <span class='ocrx_word' id='word_1_275' title='bbox 558 3393 590 3425; x_wconf 87' lang='lat'>3.</span> <span class='ocrx_word' id='word_1_276' title='bbox 605 3409 646 3417; x_wconf 85' lang='lat'><em>-</em></span> <span class='ocrx_word' id='word_1_277' title='bbox 667 3395 679 3412; x_wconf 86' lang='lat'><em>²</em></span> <span class='ocrx_word' id='word_1_278' title='bbox 697 3395 799 3437; x_wconf 65' lang='lat' dir='ltr'>Dan„</span> <span class='ocrx_word' id='word_1_279' title='bbox 819 3404 859 3437; x_wconf 89' lang='lat'>11,</span> <span class='ocrx_word' id='word_1_280' title='bbox 879 3398 931 3437; x_wconf 80' lang='lat'>42,</span> <span class='ocrx_word' id='word_1_281' title='bbox 953 3398 1004 3430; x_wconf 65' lang='lat'>44.</span> <span class='ocrx_word' id='word_1_282' title='bbox 1028 3414 1068 3422; x_wconf 95' lang='lat'><em>-</em></span> <span class='ocrx_word' id='word_1_283' title='bbox 1087 3398 1098 3418; x_wconf 83' lang='lat'>³</span> <span class='ocrx_word' id='word_1_284' title='bbox 1117 3400 1236 3439; x_wconf 61' lang='lat' dir='ltr'>Marc,</span> <span class='ocrx_word' id='word_1_285' title='bbox 1257 3407 1303 3441; x_wconf 79' lang='lat' dir='ltr'>vi,</span> 
     </span>
     <span class='ocr_line' id='line_1_45' title="bbox 285 3437 1038 3484; baseline 0.009 -14"><span class='ocrx_word' id='word_1_286' title='bbox 285 3438 334 3470; x_wconf 77' lang='lat'>18.</span> <span class='ocrx_word' id='word_1_287' title='bbox 355 3454 396 3461; x_wconf 88' lang='lat'>—-</span> <span class='ocrx_word' id='word_1_288' title='bbox 413 3437 427 3459; x_wconf 54' lang='grc' dir='ltr'><strong>ὅ</strong></span> <span class='ocrx_word' id='word_1_289' title='bbox 442 3439 522 3479; x_wconf 72' lang='grc' dir='ltr'><strong><em>Ιεα.,</em></strong></span> <span class='ocrx_word' id='word_1_290' title='bbox 545 3446 569 3480; x_wconf 86' lang='lat'>1,</span> <span class='ocrx_word' id='word_1_291' title='bbox 589 3440 622 3473; x_wconf 85' lang='lat'>7.</span> <span class='ocrx_word' id='word_1_292' title='bbox 635 3456 675 3465; x_wconf 96' lang='lat'><strong>—</strong></span> <span class='ocrx_word' id='word_1_293' title='bbox 693 3442 707 3464; x_wconf 75' lang='lat'><strong>³</strong></span> <span class='ocrx_word' id='word_1_294' title='bbox 724 3444 842 3480; x_wconf 64' lang='lat' dir='ltr'>Prov„</span> <span class='ocrx_word' id='word_1_295' title='bbox 863 3451 985 3484; x_wconf 77' lang='lat' dir='ltr'>XXVIII,</span> <span class='ocrx_word' id='word_1_296' title='bbox 1005 3446 1038 3477; x_wconf 82' lang='lat'>2.</span> 
     </span>
    </p>
   </div>
   <div class='ocr_carea' id='block_1_6' title="bbox 2324 143 2402 183">
    <p class='ocr_par' dir='ltr' id='par_1_7' title="bbox 2324 143 2402 183">
     <span class='ocr_line' id='line_1_46' title="bbox 2324 143 2402 183; baseline 0.013 -1"><span class='ocrx_word' id='word_1_297' title='bbox 2324 143 2402 183; x_wconf 68' lang='lat'>283</span> 
     </span>
    </p>
   </div>
   <div class='ocr_carea' id='block_1_7' title="bbox 1377 223 2412 3346">
    <p class='ocr_par' dir='ltr' id='par_1_8' title="bbox 1377 223 2412 3346">
     <span class='ocr_line' id='line_1_47' title="bbox 1378 223 2402 281; baseline 0.007 -17"><span class='ocrx_word' id='word_1_298' title='bbox 1378 223 1557 266; x_wconf 79' lang='lat' dir='ltr'>Factum</span> <span class='ocrx_word' id='word_1_299' title='bbox 1585 228 1644 266; x_wconf 80' lang='lat' dir='ltr'>est</span> <span class='ocrx_word' id='word_1_300' title='bbox 1673 224 1844 266; x_wconf 83' lang='lat' dir='ltr'>verbum</span> <span class='ocrx_word' id='word_1_301' title='bbox 1865 226 2061 273; x_wconf 77' lang='lat' dir='ltr'>Domini,</span> <span class='ocrx_word' id='word_1_302' title='bbox 2080 228 2174 276; x_wconf 84' lang='lat' dir='ltr'>etc.;</span> <span class='ocrx_word' id='word_1_303' title='bbox 2200 229 2250 281; x_wconf 87' lang='lat' dir='ltr'>(b)</span> <span class='ocrx_word' id='word_1_304' title='bbox 2278 229 2402 272; x_wconf 86' lang='lat' dir='ltr'>tertio</span> 
     </span>
     <span class='ocr_line' id='line_1_48' title="bbox 1379 296 2403 350; baseline 0.006 -14"><span class='ocrx_word' id='word_1_305' title='bbox 1379 307 1481 336; x_wconf 90' lang='lat' dir='ltr'>vero</span> <span class='ocrx_word' id='word_1_306' title='bbox 1501 308 1525 336; x_wconf 89' lang='lat' dir='ltr'>a</span> <span class='ocrx_word' id='word_1_307' title='bbox 1550 296 1626 337; x_wconf 90' lang='lat' dir='ltr'>zeli</span> <span class='ocrx_word' id='word_1_308' title='bbox 1655 296 1955 348; x_wconf 84' lang='lat' dir='ltr'>sollicitudine,</span> <span class='ocrx_word' id='word_1_309' title='bbox 1979 297 2038 337; x_wconf 87' lang='lat' dir='ltr'>ibi</span> <span class='ocrx_word' id='word_1_310' title='bbox 2059 299 2116 348; x_wconf 89' lang='lat' dir='ltr'>(v.</span> <span class='ocrx_word' id='word_1_311' title='bbox 2139 298 2176 350; x_wconf 83' lang='lat'>7)</span> <span class='ocrx_word' id='word_1_312' title='bbox 2202 299 2403 343; x_wconf 72' lang='lat' dir='ltr'>:Dicebat</span> 
     </span>
     <span class='ocr_line' id='line_1_49' title="bbox 1379 367 2403 422; baseline 0.002 -13"><span class='ocrx_word' id='word_1_313' title='bbox 1379 377 1472 420; x_wconf 69' lang='lat' dir='ltr'>erqo</span> <span class='ocrx_word' id='word_1_314' title='bbox 1496 367 1554 408; x_wconf 76' lang='lat' dir='ltr'>ad</span> <span class='ocrx_word' id='word_1_315' title='bbox 1581 367 1748 419; x_wconf 78' lang='lat' dir='ltr'>turbas,</span> <span class='ocrx_word' id='word_1_316' title='bbox 1771 370 1848 408; x_wconf 85' lang='lat' dir='ltr'>ete.</span> <span class='ocrx_word' id='word_1_317' title='bbox 1873 368 2063 409; x_wconf 87' lang='lat' dir='ltr'>Primum</span> <span class='ocrx_word' id='word_1_318' title='bbox 2093 368 2262 422; x_wconf 88' lang='lat' dir='ltr'>respicit</span> <span class='ocrx_word' id='word_1_319' title='bbox 2291 371 2403 422; x_wconf 89' lang='lat' dir='ltr'>quod</span> 
     </span>
     <span class='ocr_line' id='line_1_50' title="bbox 1379 438 2399 491; baseline 0.003 -14"><span class='ocrx_word' id='word_1_320' title='bbox 1379 440 1440 478; x_wconf 85' lang='lat' dir='ltr'>est</span> <span class='ocrx_word' id='word_1_321' title='bbox 1459 441 1577 478; x_wconf 81' lang='lat' dir='ltr'>extra</span> <span class='ocrx_word' id='word_1_322' title='bbox 1594 452 1604 489; x_wconf 85' lang='lat'><em>3</em></span> <span class='ocrx_word' id='word_1_323' title='bbox 1621 439 1854 480; x_wconf 90' lang='lat' dir='ltr'>secundum</span> <span class='ocrx_word' id='word_1_324' title='bbox 1868 470 1880 490; x_wconf 90' lang='lat'>,</span> <span class='ocrx_word' id='word_1_325' title='bbox 1896 438 2009 491; x_wconf 88' lang='lat' dir='ltr'>quod</span> <span class='ocrx_word' id='word_1_326' title='bbox 2029 450 2157 491; x_wconf 84' lang='lat' dir='ltr'>supra</span> <span class='ocrx_word' id='word_1_327' title='bbox 2179 453 2189 489; x_wconf 81' lang='lat'><em>3</em></span> <span class='ocrx_word' id='word_1_328' title='bbox 2211 439 2399 491; x_wconf 88' lang='lat' dir='ltr'>tertium,</span> 
     </span>
     <span class='ocr_line' id='line_1_51' title="bbox 1379 509 2403 563; baseline 0.002 -14"><span class='ocrx_word' id='word_1_329' title='bbox 1379 509 1491 561; x_wconf 87' lang='lat' dir='ltr'>quod</span> <span class='ocrx_word' id='word_1_330' title='bbox 1521 512 1582 549; x_wconf 88' lang='lat' dir='ltr'>est</span> <span class='ocrx_word' id='word_1_331' title='bbox 1610 510 1721 550; x_wconf 86' lang='lat' dir='ltr'>intra</span> <span class='ocrx_word' id='word_1_332' title='bbox 1742 524 1751 550; x_wconf 87' lang='lat'>:</span> <span class='ocrx_word' id='word_1_333' title='bbox 1775 512 1815 550; x_wconf 91' lang='lat' dir='ltr'>et</span> <span class='ocrx_word' id='word_1_334' title='bbox 1840 509 1898 550; x_wconf 90' lang='lat' dir='ltr'>sic</span> <span class='ocrx_word' id='word_1_335' title='bbox 1925 521 2000 563; x_wconf 89' lang='lat' dir='ltr'>per</span> <span class='ocrx_word' id='word_1_336' title='bbox 2025 521 2196 550; x_wconf 89' lang='lat' dir='ltr'>omnem</span> <span class='ocrx_word' id='word_1_337' title='bbox 2228 510 2403 551; x_wconf 89' lang='lat' dir='ltr'>modum</span> 
     </span>
     <span class='ocr_line' id='line_1_52' title="bbox 1379 581 2402 636; baseline 0.004 -16"><span class='ocrx_word' id='word_1_338' title='bbox 1379 583 1440 620; x_wconf 87' lang='lat' dir='ltr'>est</span> <span class='ocrx_word' id='word_1_339' title='bbox 1476 582 1569 632; x_wconf 56' lang='lat' dir='ltr'>eius</span> <span class='ocrx_word' id='word_1_340' title='bbox 1616 581 1859 633; x_wconf 66' lang='lat' dir='ltr'>praedicatio</span> <span class='ocrx_word' id='word_1_341' title='bbox 1896 583 1938 622; x_wconf 89' lang='lat' dir='ltr'>et</span> <span class='ocrx_word' id='word_1_342' title='bbox 1976 581 2165 622; x_wconf 86' lang='lat' dir='ltr'>doctrina</span> <span class='ocrx_word' id='word_1_343' title='bbox 2203 582 2402 636; x_wconf 85' lang='lat' dir='ltr'>perfecta.</span> 
     </span>
     <span class='ocr_line' id='line_1_53' title="bbox 1379 651 2406 706; baseline 0.003 -16"><span class='ocrx_word' id='word_1_344' title='bbox 1379 651 1593 699; x_wconf 83' lang='lat' dir='ltr'>Quantum</span> <span class='ocrx_word' id='word_1_345' title='bbox 1614 652 1667 692; x_wconf 90' lang='lat' dir='ltr'>ad</span> <span class='ocrx_word' id='word_1_346' title='bbox 1685 652 1888 704; x_wconf 86' lang='lat' dir='ltr'>primum,</span> <span class='ocrx_word' id='word_1_347' title='bbox 1912 654 2013 693; x_wconf 91' lang='lat' dir='ltr'>nota</span> <span class='ocrx_word' id='word_1_348' title='bbox 2031 653 2143 706; x_wconf 84' lang='lat' dir='ltr'>quod</span> <span class='ocrx_word' id='word_1_349' title='bbox 2163 653 2406 706; x_wconf 89' lang='lat' dir='ltr'>opportuni-</span> 
     </span>
     <span class='ocr_line' id='line_1_54' title="bbox 1378 722 2402 776; baseline 0.004 -15"><span class='ocrx_word' id='word_1_350' title='bbox 1378 724 1441 762; x_wconf 87' lang='lat' dir='ltr'>tas</span> <span class='ocrx_word' id='word_1_351' title='bbox 1460 722 1663 775; x_wconf 87' lang='lat' dir='ltr'>temporis</span> <span class='ocrx_word' id='word_1_352' title='bbox 1683 722 1901 774; x_wconf 81' lang='lat' dir='ltr'>colligitur</span> <span class='ocrx_word' id='word_1_353' title='bbox 1921 735 1974 764; x_wconf 77' lang='lat' dir='ltr'>ex</span> <span class='ocrx_word' id='word_1_354' title='bbox 1992 724 2128 765; x_wconf 87' lang='lat' dir='ltr'>tribus</span> <span class='ocrx_word' id='word_1_355' title='bbox 2140 756 2152 776; x_wconf 92' lang='lat'>,</span> <span class='ocrx_word' id='word_1_356' title='bbox 2176 724 2330 765; x_wconf 88' lang='lat' dir='ltr'>scilicet</span> <span class='ocrx_word' id='word_1_357' title='bbox 2349 736 2402 765; x_wconf 84' lang='lat' dir='ltr'>ex</span> 
     </span>
     <span class='ocr_line' id='line_1_55' title="bbox 1378 793 2404 849; baseline 0.003 -15"><span class='ocrx_word' id='word_1_358' title='bbox 1378 793 1536 834; x_wconf 78' lang='lat' dir='ltr'>unione</span> <span class='ocrx_word' id='word_1_359' title='bbox 1565 793 1733 846; x_wconf 87' lang='lat' dir='ltr'>imperii</span> <span class='ocrx_word' id='word_1_360' title='bbox 1770 793 1982 845; x_wconf 88' lang='lat' dir='ltr'>Romani,</span> <span class='ocrx_word' id='word_1_361' title='bbox 2013 798 2054 836; x_wconf 93' lang='lat' dir='ltr'>et</span> <span class='ocrx_word' id='word_1_362' title='bbox 2093 808 2147 836; x_wconf 85' lang='lat' dir='ltr'>ex</span> <span class='ocrx_word' id='word_1_363' title='bbox 2181 796 2404 849; x_wconf 82' lang='lat' dir='ltr'>partitione</span> 
     </span>
     <span class='ocr_line' id='line_1_56' title="bbox 1377 864 2401 917; baseline 0.002 -12"><span class='ocrx_word' id='word_1_364' title='bbox 1377 865 1505 917; x_wconf 89' lang='lat' dir='ltr'>regni</span> <span class='ocrx_word' id='word_1_365' title='bbox 1524 864 1544 906; x_wconf 89' lang='lat' dir='ltr'>J</span> <span class='ocrx_word' id='word_1_366' title='bbox 1551 864 1704 915; x_wconf 84' lang='lat' dir='ltr'>udaiei,</span> <span class='ocrx_word' id='word_1_367' title='bbox 1727 867 1835 906; x_wconf 82' lang='lat' dir='ltr'>etex</span> <span class='ocrx_word' id='word_1_368' title='bbox 1857 865 2063 906; x_wconf 86' lang='lat' dir='ltr'>divisione</span> <span class='ocrx_word' id='word_1_369' title='bbox 2083 867 2302 907; x_wconf 85' lang='lat' dir='ltr'>sacerdotii</span> <span class='ocrx_word' id='word_1_370' title='bbox 2322 867 2401 908; x_wconf 91' lang='lat' dir='ltr'>Le-</span> 
     </span>
     <span class='ocr_line' id='line_1_57' title="bbox 1377 935 2406 991; baseline 0.003 -15"><span class='ocrx_word' id='word_1_371' title='bbox 1377 935 1510 977; x_wconf 78' lang='lat' dir='ltr'>vitici‚</span> <span class='ocrx_word' id='word_1_372' title='bbox 1550 935 1615 977; x_wconf 81' lang='lat' dir='ltr'>Ex</span> <span class='ocrx_word' id='word_1_373' title='bbox 1658 935 1818 988; x_wconf 85' lang='lat' dir='ltr'>quihus</span> <span class='ocrx_word' id='word_1_374' title='bbox 1864 936 2079 989; x_wconf 84' lang='lat' dir='ltr'>colligitur</span> <span class='ocrx_word' id='word_1_375' title='bbox 2112 938 2406 991; x_wconf 84' lang='lat' dir='ltr'>opportunitas</span> 
     </span>
     <span class='ocr_line' id='line_1_58' title="bbox 1378 1007 2402 1061; baseline 0 -12"><span class='ocrx_word' id='word_1_376' title='bbox 1378 1008 1581 1061; x_wconf 87' lang='lat' dir='ltr'>temporis</span> <span class='ocrx_word' id='word_1_377' title='bbox 1594 1039 1604 1059; x_wconf 89' lang='lat'>,</span> <span class='ocrx_word' id='word_1_378' title='bbox 1627 1008 1728 1061; x_wconf 82' lang='lat' dir='ltr'>quia</span> <span class='ocrx_word' id='word_1_379' title='bbox 1745 1007 1869 1048; x_wconf 90' lang='lat' dir='ltr'>illum</span> <span class='ocrx_word' id='word_1_380' title='bbox 1888 1008 2175 1049; x_wconf 79' lang='lat' dir='ltr'>annunciabat</span> <span class='ocrx_word' id='word_1_381' title='bbox 2194 1007 2215 1048; x_wconf 88' lang='lat' dir='ltr'>J</span> <span class='ocrx_word' id='word_1_382' title='bbox 2218 1020 2376 1050; x_wconf 88' lang='lat' dir='ltr'>oannes</span> <span class='ocrx_word' id='word_1_383' title='bbox 2392 1041 2402 1059; x_wconf 90' lang='lat'>‚</span> 
     </span>
     <span class='ocr_line' id='line_1_59' title="bbox 1379 1079 2406 1133; baseline 0 -13"><span class='ocrx_word' id='word_1_384' title='bbox 1379 1080 1450 1133; x_wconf 83' lang='lat' dir='ltr'>qui</span> <span class='ocrx_word' id='word_1_385' title='bbox 1472 1091 1740 1133; x_wconf 83' lang='lat' dir='ltr'>synagogam</span> <span class='ocrx_word' id='word_1_386' title='bbox 1771 1079 1791 1120; x_wconf 89' lang='lat' dir='ltr'><strong>J</strong></span> <span class='ocrx_word' id='word_1_387' title='bbox 1796 1079 2018 1121; x_wconf 84' lang='lat' dir='ltr'>udaeorum</span> <span class='ocrx_word' id='word_1_388' title='bbox 2047 1079 2342 1131; x_wconf 78' lang='lat' dir='ltr'>dispergebat,</span> <span class='ocrx_word' id='word_1_389' title='bbox 2365 1082 2406 1120; x_wconf 88' lang='lat' dir='ltr'>et</span> 
     </span>
     <span class='ocr_line' id='line_1_60' title="bbox 1378 1149 2404 1204; baseline 0.001 -13"><span class='ocrx_word' id='word_1_390' title='bbox 1378 1151 1575 1204; x_wconf 82' lang='lat' dir='ltr'>gentium</span> <span class='ocrx_word' id='word_1_391' title='bbox 1619 1151 1841 1193; x_wconf 86' lang='lat' dir='ltr'>varietates</span> <span class='ocrx_word' id='word_1_392' title='bbox 1881 1151 1925 1191; x_wconf 91' lang='lat' dir='ltr'>in</span> <span class='ocrx_word' id='word_1_393' title='bbox 1962 1149 2169 1191; x_wconf 88' lang='lat' dir='ltr'>unitatem</span> <span class='ocrx_word' id='word_1_394' title='bbox 2207 1149 2404 1192; x_wconf 85' lang='lat' dir='ltr'>Ecclesiae</span> 
     </span>
     <span class='ocr_line' id='line_1_61' title="bbox 1378 1221 2401 1275; baseline -0.002 -12"><span class='ocrx_word' id='word_1_395' title='bbox 1378 1223 1680 1275; x_wconf 82' lang='lat' dir='ltr'>congregabat.</span> <span class='ocrx_word' id='word_1_396' title='bbox 1701 1221 1914 1271; x_wconf 80' lang='lat' dir='ltr'>Quantum</span> <span class='ocrx_word' id='word_1_397' title='bbox 1930 1221 1980 1262; x_wconf 89' lang='lat' dir='ltr'>ad</span> <span class='ocrx_word' id='word_1_398' title='bbox 2001 1221 2205 1262; x_wconf 88' lang='lat' dir='ltr'>unionem</span> <span class='ocrx_word' id='word_1_399' title='bbox 2219 1221 2401 1274; x_wconf 89' lang='lat' dir='ltr'>imperii,</span> 
     </span>
     <span class='ocr_line' id='line_1_62' title="bbox 1377 1293 2406 1346; baseline 0.001 -12"><span class='ocrx_word' id='word_1_400' title='bbox 1377 1294 1556 1335; x_wconf 87' lang='lat' dir='ltr'>dicitur:</span> <span class='ocrx_word' id='word_1_401' title='bbox 1580 1294 1704 1336; x_wconf 76' lang='lat' dir='ltr'>Anno</span> <span class='ocrx_word' id='word_1_402' title='bbox 1725 1293 2039 1346; x_wconf 73' lang='lat' dir='ltr'>quintodecimo</span> <span class='ocrx_word' id='word_1_403' title='bbox 2053 1293 2228 1345; x_wconf 76' lang='lat' dir='ltr'>imperii</span> <span class='ocrx_word' id='word_1_404' title='bbox 2246 1293 2406 1335; x_wconf 78' lang='lat' dir='ltr'>Tiberii</span> 
     </span>
     <span class='ocr_line' id='line_1_63' title="bbox 1381 1363 2406 1417; baseline -0.001 -12"><span class='ocrx_word' id='word_1_405' title='bbox 1381 1365 1560 1406; x_wconf 77' lang='lat' dir='ltr'>Coesarz’s</span> <span class='ocrx_word' id='word_1_406' title='bbox 1580 1396 1590 1414; x_wconf 78' lang='lat'>,</span> <span class='ocrx_word' id='word_1_407' title='bbox 1625 1364 1667 1403; x_wconf 86' lang='lat' dir='ltr'>in</span> <span class='ocrx_word' id='word_1_408' title='bbox 1706 1376 1791 1417; x_wconf 86' lang='lat' dir='ltr'>quo</span> <span class='ocrx_word' id='word_1_409' title='bbox 1823 1363 1978 1404; x_wconf 88' lang='lat' dir='ltr'>scilicet</span> <span class='ocrx_word' id='word_1_410' title='bbox 1998 1365 2090 1415; x_wconf 82' lang='lat' dir='ltr'>jam</span> <span class='ocrx_word' id='word_1_411' title='bbox 2119 1365 2209 1403; x_wconf 87' lang='lat' dir='ltr'>erat</span> <span class='ocrx_word' id='word_1_412' title='bbox 2237 1366 2406 1416; x_wconf 87' lang='lat' dir='ltr'>tempus</span> 
     </span>
     <span class='ocr_line' id='line_1_64' title="bbox 1378 1434 2407 1487; baseline -0.001 -11"><span class='ocrx_word' id='word_1_413' title='bbox 1378 1436 1585 1476; x_wconf 82' lang='lat' dir='ltr'>adventus</span> <span class='ocrx_word' id='word_1_414' title='bbox 1617 1435 1768 1476; x_wconf 89' lang='lat' dir='ltr'>Christi</span> <span class='ocrx_word' id='word_1_415' title='bbox 1802 1449 1811 1475; x_wconf 74' lang='grc' dir='ltr'>ε</span> <span class='ocrx_word' id='word_1_416' title='bbox 1843 1435 1944 1487; x_wconf 90' lang='lat' dir='ltr'>quia</span> <span class='ocrx_word' id='word_1_417' title='bbox 1972 1434 2128 1475; x_wconf 89' lang='lat' dir='ltr'>scilicet</span> <span class='ocrx_word' id='word_1_418' title='bbox 2155 1436 2252 1475; x_wconf 88' lang='lat' dir='ltr'>ante</span> <span class='ocrx_word' id='word_1_419' title='bbox 2284 1434 2407 1476; x_wconf 90' lang='lat' dir='ltr'>Tibe—</span> 
     </span>
     <span class='ocr_line' id='line_1_65' title="bbox 1378 1505 2407 1558; baseline 0 -11"><span class='ocrx_word' id='word_1_420' title='bbox 1378 1508 1493 1547; x_wconf 87' lang='lat' dir='ltr'>rium</span> <span class='ocrx_word' id='word_1_421' title='bbox 1527 1507 1606 1547; x_wconf 82' lang='lat' dir='ltr'>fnit</span> <span class='ocrx_word' id='word_1_422' title='bbox 1642 1505 1806 1556; x_wconf 81' lang='lat' dir='ltr'>Julius,</span> <span class='ocrx_word' id='word_1_423' title='bbox 1844 1508 1884 1546; x_wconf 86' lang='lat' dir='ltr'>ct</span> <span class='ocrx_word' id='word_1_424' title='bbox 1915 1505 2166 1558; x_wconf 82' lang='lat' dir='ltr'>Pompeius3</span> <span class='ocrx_word' id='word_1_425' title='bbox 2200 1508 2240 1546; x_wconf 90' lang='lat' dir='ltr'>et</span> <span class='ocrx_word' id='word_1_426' title='bbox 2269 1505 2407 1547; x_wconf 90' lang='lat' dir='ltr'>Julius</span> 
     </span>
     <span class='ocr_line' id='line_1_66' title="bbox 1379 1577 2410 1630; baseline -0.001 -11"><span class='ocrx_word' id='word_1_427' title='bbox 1379 1578 1579 1619; x_wconf 82' lang='lat' dir='ltr'>contrivit</span> <span class='ocrx_word' id='word_1_428' title='bbox 1610 1577 1884 1630; x_wconf 85' lang='lat' dir='ltr'>Pompeium,</span> <span class='ocrx_word' id='word_1_429' title='bbox 1907 1579 1948 1618; x_wconf 90' lang='lat' dir='ltr'>et</span> <span class='ocrx_word' id='word_1_430' title='bbox 1978 1580 2071 1630; x_wconf 91' lang='lat' dir='ltr'>post</span> <span class='ocrx_word' id='word_1_431' title='bbox 2101 1577 2180 1618; x_wconf 87' lang='lat' dir='ltr'>hos</span> <span class='ocrx_word' id='word_1_432' title='bbox 2211 1578 2410 1618; x_wconf 89' lang='lat' dir='ltr'>successit</span> 
     </span>
     <span class='ocr_line' id='line_1_67' title="bbox 1379 1648 2407 1702; baseline 0 -11"><span class='ocrx_word' id='word_1_433' title='bbox 1379 1649 1585 1691; x_wconf 83' lang='lat' dir='ltr'>Tiberius.</span> <span class='ocrx_word' id='word_1_434' title='bbox 1609 1649 1659 1690; x_wconf 87' lang='lat' dir='ltr'>Et</span> <span class='ocrx_word' id='word_1_435' title='bbox 1685 1650 1742 1690; x_wconf 86' lang='lat' dir='ltr'>ita</span> <span class='ocrx_word' id='word_1_436' title='bbox 1769 1651 1859 1702; x_wconf 86' lang='lat' dir='ltr'>jam</span> <span class='ocrx_word' id='word_1_437' title='bbox 1891 1649 2156 1690; x_wconf 85' lang='lat' dir='ltr'>verificatum</span> <span class='ocrx_word' id='word_1_438' title='bbox 2187 1651 2276 1690; x_wconf 83' lang='lat' dir='ltr'>erat</span> <span class='ocrx_word' id='word_1_439' title='bbox 2306 1648 2407 1691; x_wconf 89' lang='lat' dir='ltr'>illud</span> 
     </span>
     <span class='ocr_line' id='line_1_68' title="bbox 1380 1720 2403 1773; baseline 0 -12"><span class='ocrx_word' id='word_1_440' title='bbox 1380 1721 1430 1761; x_wconf 91' lang='lat' dir='ltr'>de</span> <span class='ocrx_word' id='word_1_441' title='bbox 1461 1723 1612 1773; x_wconf 86' lang='lat' dir='ltr'>quarto</span> <span class='ocrx_word' id='word_1_442' title='bbox 1655 1732 1790 1773; x_wconf 88' lang='lat' dir='ltr'>regno</span> <span class='ocrx_word' id='word_1_443' title='bbox 1809 1721 1822 1742; x_wconf 84' lang='lat'><strong>²</strong></span> <span class='ocrx_word' id='word_1_444' title='bbox 1842 1752 1852 1770; x_wconf 91' lang='lat'>‚</span> <span class='ocrx_word' id='word_1_445' title='bbox 1892 1720 2046 1761; x_wconf 87' lang='lat' dir='ltr'>scilicet</span> <span class='ocrx_word' id='word_1_446' title='bbox 2087 1720 2403 1772; x_wconf 89' lang='lat' dir='ltr'>Romanorum,</span> 
     </span>
     <span class='ocr_line' id='line_1_69' title="bbox 1381 1792 2408 1846; baseline 0.001 -13"><span class='ocrx_word' id='word_1_447' title='bbox 1381 1792 1493 1845; x_wconf 88' lang='lat' dir='ltr'>quod</span> <span class='ocrx_word' id='word_1_448' title='bbox 1512 1792 1591 1833; x_wconf 88' lang='lat' dir='ltr'>fuit</span> <span class='ocrx_word' id='word_1_449' title='bbox 1610 1804 1663 1833; x_wconf 81' lang='lat' dir='ltr'>ex</span> <span class='ocrx_word' id='word_1_450' title='bbox 1681 1795 1798 1846; x_wconf 88' lang='lat' dir='ltr'>parte</span> <span class='ocrx_word' id='word_1_451' title='bbox 1819 1792 2022 1842; x_wconf 88' lang='lat' dir='ltr'>solidum,</span> <span class='ocrx_word' id='word_1_452' title='bbox 2043 1794 2083 1833; x_wconf 89' lang='lat' dir='ltr'>et</span> <span class='ocrx_word' id='word_1_453' title='bbox 2103 1804 2155 1833; x_wconf 82' lang='lat' dir='ltr'>ex</span> <span class='ocrx_word' id='word_1_454' title='bbox 2173 1794 2292 1845; x_wconf 87' lang='lat' dir='ltr'>parte</span> <span class='ocrx_word' id='word_1_455' title='bbox 2312 1805 2408 1834; x_wconf 89' lang='lat' dir='ltr'>con—</span> 
     </span>
     <span class='ocr_line' id='line_1_70' title="bbox 1380 1863 2407 1916; baseline 0.001 -13"><span class='ocrx_word' id='word_1_456' title='bbox 1380 1863 1560 1915; x_wconf 87' lang='lat' dir='ltr'>tritum,</span> <span class='ocrx_word' id='word_1_457' title='bbox 1594 1866 1635 1904; x_wconf 91' lang='lat' dir='ltr'>et</span> <span class='ocrx_word' id='word_1_458' title='bbox 1664 1863 1756 1905; x_wconf 88' lang='lat' dir='ltr'>ideo</span> <span class='ocrx_word' id='word_1_459' title='bbox 1789 1866 1878 1904; x_wconf 88' lang='lat' dir='ltr'>erat</span> <span class='ocrx_word' id='word_1_460' title='bbox 1909 1865 2076 1916; x_wconf 91' lang='lat' dir='ltr'>tempus</span> <span class='ocrx_word' id='word_1_461' title='bbox 2107 1863 2407 1905; x_wconf 86' lang='lat' dir='ltr'>verificationis</span> 
     </span>
     <span class='ocr_line' id='line_1_71' title="bbox 1379 1934 2409 1987; baseline 0.002 -13"><span class='ocrx_word' id='word_1_462' title='bbox 1379 1934 1494 1975; x_wconf 88' lang='lat' dir='ltr'>illius</span> <span class='ocrx_word' id='word_1_463' title='bbox 1517 1966 1530 1985; x_wconf 89' lang='lat'>,</span> <span class='ocrx_word' id='word_1_464' title='bbox 1564 1935 1678 1987; x_wconf 86' lang='lat' dir='ltr'>quod</span> <span class='ocrx_word' id='word_1_465' title='bbox 1712 1934 1904 1987; x_wconf 84' lang='lat' dir='ltr'>sequitur</span> <span class='ocrx_word' id='word_1_466' title='bbox 1935 1934 2092 1976; x_wconf 83' lang='lat' dir='ltr'>ibidem</span> <span class='ocrx_word' id='word_1_467' title='bbox 2117 1948 2125 1974; x_wconf 92' lang='grc'>;</span> <span class='ocrx_word' id='word_1_468' title='bbox 2155 1950 2174 1974; x_wconf 86' lang='lat'>«</span> <span class='ocrx_word' id='word_1_469' title='bbox 2194 1934 2242 1975; x_wconf 91' lang='lat' dir='ltr'>In</span> <span class='ocrx_word' id='word_1_470' title='bbox 2261 1934 2409 1976; x_wconf 87' lang='lat' dir='ltr'>diebus</span> 
     </span>
     <span class='ocr_line' id='line_1_72' title="bbox 1380 2005 2407 2058; baseline 0.001 -13"><span class='ocrx_word' id='word_1_471' title='bbox 1380 2017 1616 2057; x_wconf 87' lang='lat' dir='ltr'>regnorum</span> <span class='ocrx_word' id='word_1_472' title='bbox 1634 2005 1805 2046; x_wconf 89' lang='lat' dir='ltr'>illorum</span> <span class='ocrx_word' id='word_1_473' title='bbox 1823 2005 2038 2046; x_wconf 84' lang='lat' dir='ltr'>suscitabit</span> <span class='ocrx_word' id='word_1_474' title='bbox 2057 2005 2166 2046; x_wconf 90' lang='lat' dir='ltr'>Deus</span> <span class='ocrx_word' id='word_1_475' title='bbox 2193 2005 2286 2046; x_wconf 92' lang='lat' dir='ltr'>coeli</span> <span class='ocrx_word' id='word_1_476' title='bbox 2306 2018 2407 2058; x_wconf 86' lang='lat' dir='ltr'>reg-</span> 
     </span>
     <span class='ocr_line' id='line_1_73' title="bbox 1380 2077 2404 2131; baseline 0.001 -13"><span class='ocrx_word' id='word_1_477' title='bbox 1380 2090 1484 2119; x_wconf 85' lang='lat' dir='ltr'>num</span> <span class='ocrx_word' id='word_1_478' title='bbox 1497 2110 1507 2129; x_wconf 94' lang='lat'>,</span> <span class='ocrx_word' id='word_1_479' title='bbox 1531 2078 1645 2131; x_wconf 87' lang='lat' dir='ltr'>quod</span> <span class='ocrx_word' id='word_1_480' title='bbox 1664 2077 1709 2118; x_wconf 90' lang='lat' dir='ltr'>in</span> <span class='ocrx_word' id='word_1_481' title='bbox 1728 2080 1938 2118; x_wconf 86' lang='lat' dir='ltr'>aeternum</span> <span class='ocrx_word' id='word_1_482' title='bbox 1958 2089 2043 2118; x_wconf 89' lang='lat' dir='ltr'>non</span> <span class='ocrx_word' id='word_1_483' title='bbox 2063 2077 2346 2130; x_wconf 83' lang='lat' dir='ltr'>dissipabitur,</span> <span class='ocrx_word' id='word_1_484' title='bbox 2363 2081 2404 2119; x_wconf 87' lang='lat' dir='ltr'>et</span> 
     </span>
     <span class='ocr_line' id='line_1_74' title="bbox 1379 2148 2350 2202; baseline -0.003 -12"><span class='ocrx_word' id='word_1_485' title='bbox 1379 2152 1562 2202; x_wconf 85' lang='lat' dir='ltr'>potestas</span> <span class='ocrx_word' id='word_1_486' title='bbox 1582 2150 1674 2202; x_wconf 76' lang='lat' dir='ltr'>eJ‘us</span> <span class='ocrx_word' id='word_1_487' title='bbox 1694 2148 1814 2189; x_wconf 85' lang='lat' dir='ltr'>alteri</span> <span class='ocrx_word' id='word_1_488' title='bbox 1832 2148 1988 2202; x_wconf 92' lang='lat' dir='ltr'>populo</span> <span class='ocrx_word' id='word_1_489' title='bbox 2007 2160 2095 2189; x_wconf 90' lang='lat' dir='ltr'>non</span> <span class='ocrx_word' id='word_1_490' title='bbox 2114 2149 2350 2191; x_wconf 86' lang='lat' dir='ltr'>tradetur.»</span> 
     </span>
     <span class='ocr_line' id='line_1_75' title="bbox 1435 2220 2410 2274; baseline 0.001 -12"><span class='ocrx_word' id='word_1_491' title='bbox 1435 2222 1649 2271; x_wconf 84' lang='lat' dir='ltr'>Quantum</span> <span class='ocrx_word' id='word_1_492' title='bbox 1667 2224 1811 2262; x_wconf 88' lang='lat' dir='ltr'>autem</span> <span class='ocrx_word' id='word_1_493' title='bbox 1830 2220 1882 2262; x_wconf 87' lang='lat' dir='ltr'>ad</span> <span class='ocrx_word' id='word_1_494' title='bbox 1902 2221 2172 2273; x_wconf 85' lang='lat' dir='ltr'>partitionem</span> <span class='ocrx_word' id='word_1_495' title='bbox 2193 2222 2318 2274; x_wconf 86' lang='lat' dir='ltr'>regni</span> <span class='ocrx_word' id='word_1_496' title='bbox 2342 2222 2410 2263; x_wconf 90' lang='lat' dir='ltr'>Ju-</span> 
     </span>
     <span class='ocr_line' id='line_1_76' title="bbox 1380 2292 2411 2344; baseline 0.002 -9"><span class='ocrx_word' id='word_1_497' title='bbox 1380 2294 1487 2335; x_wconf 90' lang='lat' dir='ltr'>daici</span> <span class='ocrx_word' id='word_1_498' title='bbox 1510 2326 1519 2344; x_wconf 90' lang='lat'>,</span> <span class='ocrx_word' id='word_1_499' title='bbox 1552 2293 1747 2334; x_wconf 84' lang='lat' dir='ltr'>subditur</span> <span class='ocrx_word' id='word_1_500' title='bbox 1771 2307 1780 2334; x_wconf 89' lang='lat'>:</span> <span class='ocrx_word' id='word_1_501' title='bbox 1805 2292 2064 2336; x_wconf 77' lang='lat' dir='ltr'>Procuram‘e</span> <span class='ocrx_word' id='word_1_502' title='bbox 2093 2292 2245 2336; x_wconf 71' lang='lat' dir='ltr'>Pontio</span> <span class='ocrx_word' id='word_1_503' title='bbox 2271 2294 2411 2337; x_wconf 69' lang='lat' dir='ltr'>Pilato</span> 
     </span>
     <span class='ocr_line' id='line_1_77' title="bbox 1380 2364 2410 2417; baseline -0.001 -10"><span class='ocrx_word' id='word_1_504' title='bbox 1380 2365 1574 2407; x_wconf 78' lang='lat' dir='ltr'>Judoeam</span> <span class='ocrx_word' id='word_1_505' title='bbox 1591 2396 1601 2415; x_wconf 94' lang='lat'>,</span> <span class='ocrx_word' id='word_1_506' title='bbox 1624 2365 1702 2405; x_wconf 85' lang='lat' dir='ltr'>snb</span> <span class='ocrx_word' id='word_1_507' title='bbox 1722 2377 1807 2417; x_wconf 86' lang='lat' dir='ltr'>quo</span> <span class='ocrx_word' id='word_1_508' title='bbox 1827 2364 1982 2405; x_wconf 90' lang='lat' dir='ltr'>scilicet</span> <span class='ocrx_word' id='word_1_509' title='bbox 2006 2365 2209 2405; x_wconf 86' lang='lat' dir='ltr'>Dominus</span> <span class='ocrx_word' id='word_1_510' title='bbox 2230 2367 2291 2406; x_wconf 86' lang='lat' dir='ltr'>est</span> <span class='ocrx_word' id='word_1_511' title='bbox 2310 2378 2410 2406; x_wconf 88' lang='lat' dir='ltr'>cru-</span> 
     </span>
     <span class='ocr_line' id='line_1_78' title="bbox 1380 2435 2412 2488; baseline 0.001 -12"><span class='ocrx_word' id='word_1_512' title='bbox 1380 2436 1530 2476; x_wconf 83' lang='lat' dir='ltr'>cifixus</span> <span class='ocrx_word' id='word_1_513' title='bbox 1560 2466 1570 2485; x_wconf 95' lang='lat'>,</span> <span class='ocrx_word' id='word_1_514' title='bbox 1610 2435 1843 2476; x_wconf 89' lang='lat' dir='ltr'>secundum</span> <span class='ocrx_word' id='word_1_515' title='bbox 1886 2436 2001 2488; x_wconf 86' lang='lat' dir='ltr'>quod</span> <span class='ocrx_word' id='word_1_516' title='bbox 2045 2439 2190 2476; x_wconf 86' lang='lat' dir='ltr'>narrat</span> <span class='ocrx_word' id='word_1_517' title='bbox 2237 2436 2412 2477; x_wconf 87' lang='lat' dir='ltr'>historia</span> 
     </span>
     <span class='ocr_line' id='line_1_79' title="bbox 1379 2506 2410 2559; baseline 0.001 -11"><span class='ocrx_word' id='word_1_518' title='bbox 1379 2508 1574 2548; x_wconf 88' lang='lat' dir='ltr'>omnium</span> <span class='ocrx_word' id='word_1_519' title='bbox 1607 2507 1986 2559; x_wconf 87' lang='lat' dir='ltr'>evangelistarum.</span> <span class='ocrx_word' id='word_1_520' title='bbox 2016 2506 2237 2551; x_wconf 73' lang='lat' dir='ltr'>Tetrarcha</span> <span class='ocrx_word' id='word_1_521' title='bbox 2269 2511 2410 2551; x_wconf 75' lang='lat' dir='ltr'>autem</span> 
     </span>
     <span class='ocr_line' id='line_1_80' title="bbox 1383 2565 2412 2632; baseline -0.001 -11"><span class='ocrx_word' id='word_1_522' title='bbox 1383 2579 1568 2621; x_wconf 78' lang='lat' dir='ltr'>Galiloeae</span> <span class='ocrx_word' id='word_1_523' title='bbox 1600 2577 1800 2620; x_wconf 75' lang='lat' dir='ltr'>Herode:</span> <span class='ocrx_word' id='word_1_524' title='bbox 1830 2578 1907 2619; x_wconf 88' lang='lat' dir='ltr'>iste</span> <span class='ocrx_word' id='word_1_525' title='bbox 1936 2577 2037 2629; x_wconf 87' lang='lat' dir='ltr'>fuit,</span> <span class='ocrx_word' id='word_1_526' title='bbox 2061 2578 2140 2619; x_wconf 87' lang='lat' dir='ltr'>suh</span> <span class='ocrx_word' id='word_1_527' title='bbox 2168 2565 2253 2632; x_wconf 58' lang='lat' dir='ltr'>duo</span> <span class='ocrx_word' id='word_1_528' title='bbox 2284 2578 2412 2620; x_wconf 88' lang='lat' dir='ltr'>etiam</span> 
     </span>
     <span class='ocr_line' id='line_1_81' title="bbox 1379 2649 2412 2702; baseline 0 -11"><span class='ocrx_word' id='word_1_529' title='bbox 1379 2649 1584 2691; x_wconf 90' lang='lat' dir='ltr'>Dominus</span> <span class='ocrx_word' id='word_1_530' title='bbox 1623 2649 1852 2690; x_wconf 80' lang='lat' dir='ltr'>crucifixus</span> <span class='ocrx_word' id='word_1_531' title='bbox 1887 2651 1978 2698; x_wconf 84' lang='lat' dir='ltr'>est,</span> <span class='ocrx_word' id='word_1_532' title='bbox 2012 2650 2052 2689; x_wconf 87' lang='lat' dir='ltr'>et</span> <span class='ocrx_word' id='word_1_533' title='bbox 2088 2649 2164 2702; x_wconf 81' lang='lat' dir='ltr'>qui</span> <span class='ocrx_word' id='word_1_534' title='bbox 2204 2650 2412 2691; x_wconf 87' lang='lat' dir='ltr'>interfecit</span> 
     </span>
     <span class='ocr_line' id='line_1_82' title="bbox 1378 2719 2410 2774; baseline -0.001 -13"><span class='ocrx_word' id='word_1_535' title='bbox 1378 2719 1586 2762; x_wconf 85' lang='lat' dir='ltr'>Joannem</span> <span class='ocrx_word' id='word_1_536' title='bbox 1615 2719 1876 2773; x_wconf 88' lang='lat' dir='ltr'>Baptistam,</span> <span class='ocrx_word' id='word_1_537' title='bbox 1903 2720 2139 2761; x_wconf 89' lang='lat' dir='ltr'>secundum</span> <span class='ocrx_word' id='word_1_538' title='bbox 2168 2720 2282 2774; x_wconf 86' lang='lat' dir='ltr'>quod</span> <span class='ocrx_word' id='word_1_539' title='bbox 2308 2721 2410 2762; x_wconf 90' lang='lat' dir='ltr'>dici-</span> 
     </span>
     <span class='ocr_line' id='line_1_83' title="bbox 1378 2789 2409 2845; baseline -0.001 -13"><span class='ocrx_word' id='word_1_540' title='bbox 1378 2794 1450 2833; x_wconf 91' lang='lat' dir='ltr'>tur</span> <span class='ocrx_word' id='word_1_541' title='bbox 1463 2823 1475 2843; x_wconf 91' lang='lat'>,</span> <span class='ocrx_word' id='word_1_542' title='bbox 1496 2791 1609 2845; x_wconf 87' lang='lat' dir='ltr'>quod</span> <span class='ocrx_word' id='word_1_543' title='bbox 1629 2791 1792 2834; x_wconf 85' lang='lat' dir='ltr'>dicebat</span> <span class='ocrx_word' id='word_1_544' title='bbox 1811 2791 1848 2832; x_wconf 90' lang='lat' dir='ltr'>ei</span> <span class='ocrx_word' id='word_1_545' title='bbox 1867 2791 1881 2814; x_wconf 68' lang='grc'>3</span> <span class='ocrx_word' id='word_1_546' title='bbox 1905 2802 1916 2831; x_wconf 88' lang='lat'>:</span> <span class='ocrx_word' id='word_1_547' title='bbox 1947 2805 1966 2830; x_wconf 76' lang='grc' dir='ltr'><strong>α</strong></span> <span class='ocrx_word' id='word_1_548' title='bbox 1984 2789 2078 2832; x_wconf 93' lang='lat' dir='ltr'>Non</span> <span class='ocrx_word' id='word_1_549' title='bbox 2110 2791 2206 2832; x_wconf 89' lang='lat' dir='ltr'>licet</span> <span class='ocrx_word' id='word_1_550' title='bbox 2239 2791 2314 2832; x_wconf 88' lang='lat' dir='ltr'>tibi</span> <span class='ocrx_word' id='word_1_551' title='bbox 2332 2791 2409 2832; x_wconf 89' lang='lat' dir='ltr'>ha-</span> 
     </span>
     <span class='ocr_line' id='line_1_84' title="bbox 1379 2862 2412 2916; baseline -0.001 -12"><span class='ocrx_word' id='word_1_552' title='bbox 1379 2863 1479 2904; x_wconf 88' lang='lat' dir='ltr'>bere</span> <span class='ocrx_word' id='word_1_553' title='bbox 1504 2875 1684 2904; x_wconf 75' lang='lat' dir='ltr'>uxorem</span> <span class='ocrx_word' id='word_1_554' title='bbox 1713 2862 1900 2916; x_wconf 84' lang='lat' dir='ltr'>Philippi</span> <span class='ocrx_word' id='word_1_555' title='bbox 1922 2862 2063 2903; x_wconf 81' lang='lat' dir='ltr'>fratris</span> <span class='ocrx_word' id='word_1_556' title='bbox 2083 2862 2145 2903; x_wconf 88' lang='lat' dir='ltr'>tui</span> <span class='ocrx_word' id='word_1_557' title='bbox 2159 2877 2170 2912; x_wconf 92' lang='lat'>;</span> <span class='ocrx_word' id='word_1_558' title='bbox 2198 2877 2218 2900; x_wconf 89' lang='lat'>»</span> <span class='ocrx_word' id='word_1_559' title='bbox 2244 2863 2294 2904; x_wconf 93' lang='lat' dir='ltr'>de</span> <span class='ocrx_word' id='word_1_560' title='bbox 2325 2875 2412 2916; x_wconf 88' lang='lat' dir='ltr'>quo</span> 
     </span>
     <span class='ocr_line' id='line_1_85' title="bbox 1380 2933 2412 2987; baseline 0.002 -13"><span class='ocrx_word' id='word_1_561' title='bbox 1380 2933 1578 2987; x_wconf 90' lang='lat' dir='ltr'>Philippo</span> <span class='ocrx_word' id='word_1_562' title='bbox 1613 2933 1781 2975; x_wconf 87' lang='lat' dir='ltr'>additur</span> <span class='ocrx_word' id='word_1_563' title='bbox 1813 2947 1822 2973; x_wconf 73' lang='grc' dir='ltr'>ε</span> <span class='ocrx_word' id='word_1_564' title='bbox 1858 2934 2057 2987; x_wconf 73' lang='lat' dir='ltr'>Philippo</span> <span class='ocrx_word' id='word_1_565' title='bbox 2098 2937 2241 2976; x_wconf 75' lang='lat' dir='ltr'>autem</span> <span class='ocrx_word' id='word_1_566' title='bbox 2279 2935 2412 2986; x_wconf 81' lang='lat' dir='ltr'>fratre</span> 
     </span>
     <span class='ocr_line' id='line_1_86' title="bbox 1380 3005 2409 3058; baseline 0.001 -12"><span class='ocrx_word' id='word_1_567' title='bbox 1380 3005 1470 3058; x_wconf 72' lang='lat' dir='ltr'>ejus</span> <span class='ocrx_word' id='word_1_568' title='bbox 1496 3005 1703 3048; x_wconf 79' lang='lat' dir='ltr'>tetrarcha</span> <span class='ocrx_word' id='word_1_569' title='bbox 1731 3007 1898 3048; x_wconf 78' lang='lat' dir='ltr'>lcuroeoe</span> <span class='ocrx_word' id='word_1_570' title='bbox 1929 3009 1967 3048; x_wconf 78' lang='lat' dir='ltr'>et</span> <span class='ocrx_word' id='word_1_571' title='bbox 2001 3005 2323 3048; x_wconf 77' lang='lat' dir='ltr'>Trachonitz&#39;dis</span> <span class='ocrx_word' id='word_1_572' title='bbox 2343 3016 2409 3047; x_wconf 85' lang='lat' dir='ltr'>re·</span> 
     </span>
     <span class='ocr_line' id='line_1_87' title="bbox 1379 3077 2405 3130; baseline -0.001 -11"><span class='ocrx_word' id='word_1_573' title='bbox 1379 3078 1533 3130; x_wconf 70' lang='lat' dir='ltr'>qiom&#39;s.</span> <span class='ocrx_word' id='word_1_574' title='bbox 1557 3077 1609 3118; x_wconf 89' lang='lat' dir='ltr'>Et</span> <span class='ocrx_word' id='word_1_575' title='bbox 1638 3078 1696 3118; x_wconf 88' lang='lat' dir='ltr'>ita</span> <span class='ocrx_word' id='word_1_576' title='bbox 1713 3079 1806 3130; x_wconf 78' lang='lat' dir='ltr'>Jam</span> <span class='ocrx_word' id='word_1_577' title='bbox 1831 3077 2097 3119; x_wconf 84' lang='lat' dir='ltr'>verificatum</span> <span class='ocrx_word' id='word_1_578' title='bbox 2130 3077 2234 3118; x_wconf 88' lang='lat' dir='ltr'>illud</span> <span class='ocrx_word' id='word_1_579' title='bbox 2253 3080 2342 3118; x_wconf 88' lang='lat' dir='ltr'>erat</span> <span class='ocrx_word' id='word_1_580' title='bbox 2361 3077 2374 3098; x_wconf 86' lang='lat'>‘&#39;</span> <span class='ocrx_word' id='word_1_581' title='bbox 2396 3091 2405 3117; x_wconf 78' lang='lat' dir='ltr'><strong><em>z</em></strong></span> 
     </span>
     <span class='ocr_line' id='line_1_88' title="bbox 1385 3147 2408 3200; baseline 0.002 -14"><span class='ocrx_word' id='word_1_582' title='bbox 1385 3163 1405 3187; x_wconf 74' lang='grc' dir='ltr'>(ι</span> <span class='ocrx_word' id='word_1_583' title='bbox 1424 3148 1656 3200; x_wconf 88' lang='lat' dir='ltr'>Regionem</span> <span class='ocrx_word' id='word_1_584' title='bbox 1676 3150 1861 3190; x_wconf 86' lang='lat' dir='ltr'>vestram</span> <span class='ocrx_word' id='word_1_585' title='bbox 1886 3160 2030 3190; x_wconf 89' lang='lat' dir='ltr'>coram</span> <span class='ocrx_word' id='word_1_586' title='bbox 2049 3148 2171 3191; x_wconf 87' lang='lat' dir='ltr'>vobis</span> <span class='ocrx_word' id='word_1_587' title='bbox 2191 3147 2316 3188; x_wconf 88' lang='lat' dir='ltr'>alieni</span> <span class='ocrx_word' id='word_1_588' title='bbox 2337 3147 2408 3188; x_wconf 90' lang='lat' dir='ltr'>de-</span> 
     </span>
     <span class='ocr_line' id='line_1_89' title="bbox 1379 3219 2411 3273; baseline -0.001 -13"><span class='ocrx_word' id='word_1_589' title='bbox 1379 3223 1548 3262; x_wconf 87' lang='lat' dir='ltr'>vorant.</span> <span class='ocrx_word' id='word_1_590' title='bbox 1572 3233 1593 3260; x_wconf 73' lang='lat'>1)</span> <span class='ocrx_word' id='word_1_591' title='bbox 1615 3220 1667 3261; x_wconf 86' lang='lat' dir='ltr'>Et</span> <span class='ocrx_word' id='word_1_592' title='bbox 1685 3220 1730 3261; x_wconf 90' lang='lat' dir='ltr'>in</span> <span class='ocrx_word' id='word_1_593' title='bbox 1749 3220 1990 3270; x_wconf 68' lang='lat' dir='ltr'>Proverbiis</span> <span class='ocrx_word' id='word_1_594' title='bbox 2013 3221 2027 3243; x_wconf 81' lang='lat'>⁵</span> <span class='ocrx_word' id='word_1_595' title='bbox 2051 3234 2061 3262; x_wconf 74' lang='grc' dir='ltr'>ε</span> <span class='ocrx_word' id='word_1_596' title='bbox 2090 3219 2302 3273; x_wconf 86' lang='lat' dir='ltr'>«Propter</span> <span class='ocrx_word' id='word_1_597' title='bbox 2320 3231 2411 3272; x_wconf 90' lang='lat' dir='ltr'>pec-</span> 
     </span>
     <span class='ocr_line' id='line_1_90' title="bbox 1379 3289 2410 3346; baseline -0.003 -13"><span class='ocrx_word' id='word_1_598' title='bbox 1379 3295 1471 3334; x_wconf 83' lang='lat' dir='ltr'>cata</span> <span class='ocrx_word' id='word_1_599' title='bbox 1502 3295 1625 3335; x_wconf 79' lang='lat' dir='ltr'>terrae</span> <span class='ocrx_word' id='word_1_600' title='bbox 1659 3292 1783 3334; x_wconf 84' lang='lat' dir='ltr'>multi</span> <span class='ocrx_word' id='word_1_601' title='bbox 1812 3293 2023 3346; x_wconf 85' lang='lat' dir='ltr'>principes</span> <span class='ocrx_word' id='word_1_602' title='bbox 2051 3293 2201 3344; x_wconf 80' lang='lat' dir='ltr'>ejus.»</span> <span class='ocrx_word' id='word_1_603' title='bbox 2233 3289 2285 3332; x_wconf 87' lang='lat' dir='ltr'>Et</span> <span class='ocrx_word' id='word_1_604' title='bbox 2315 3289 2410 3331; x_wconf 87' lang='lat' dir='ltr'>ideo</span> 
     </span>
    </p>
   </div>
   <div class='ocr_carea' id='block_1_8' title="bbox 1378 3396 2408 3478">
    <p class='ocr_par' dir='ltr' id='par_1_9' title="bbox 1378 3396 2408 3478">
     <span class='ocr_line' id='line_1_91' title="bbox 1378 3396 2408 3478; baseline -0.001 -48"><span class='ocrx_word' id='word_1_605' title='bbox 1378 3399 1464 3478; x_wconf 52' lang='grc' dir='ltr'><em>ααὲλα)</em></span> <span class='ocrx_word' id='word_1_606' title='bbox 1477 3399 1584 3450; x_wconf 50' lang='grc' dir='ltr'>Ὺυίς.</span> <span class='ocrx_word' id='word_1_607' title='bbox 1603 3399 1740 3431; x_wconf 80' lang='lat' dir='ltr'>Factum</span> <span class='ocrx_word' id='word_1_608' title='bbox 1761 3400 1810 3431; x_wconf 83' lang='lat' dir='ltr'>est</span> <span class='ocrx_word' id='word_1_609' title='bbox 1833 3401 1964 3439; x_wconf 82' lang='lat' dir='ltr'>autem,</span> <span class='ocrx_word' id='word_1_610' title='bbox 1980 3408 2064 3432; x_wconf 84' lang='lat' dir='ltr'>cum.</span> <span class='ocrx_word' id='word_1_611' title='bbox 2084 3415 2123 3441; x_wconf 82' lang='lat'>··.·</span> <span class='ocrx_word' id='word_1_612' title='bbox 2138 3397 2185 3440; x_wconf 75' lang='lat' dir='ltr'>(h)</span> <span class='ocrx_word' id='word_1_613' title='bbox 2218 3397 2298 3430; x_wconf 79' lang='lat' dir='ltr'>Coet.</span> <span class='ocrx_word' id='word_1_614' title='bbox 2329 3396 2408 3429; x_wconf 63' lang='lat' dir='ltr'>edit.</span> 
     </span>
     <span class='ocr_line' id='line_1_92' title="bbox 1445 3454 1521 3478; baseline -0.013 0"><span class='ocrx_word' id='word_1_615' title='bbox 1445 3469 1454 3478; x_wconf 88' lang='lat'><strong>.</strong></span> <span class='ocrx_word' id='word_1_616' title='bbox 1474 3454 1521 3477; x_wconf 87' lang='lat' dir='ltr'>m.</span> 
     </span>
    </p>
   </div>
  </div>
 </body>
</html>
