2587 3845
1132 163 1300 206 CAPUT
1330 164 1362 205 I.

192 255 421 299 Mandavit
449 255 678 306 Dominus,
709 255 787 296 etc.
826 268 837 294 ε
870 254 951 294 1106
982 252 1214 305 specialiter

191 327 403 380 impletur,
427 337 525 367 cum
544 325 836 367 tribulationes
856 324 1153 365 haereticorum
1174 326 1215 364 et

191 397 371 438 aliorum
392 399 537 438 contra
556 397 786 438 Ecclesiam
807 397 1084 445 suscitantur;
1109 406 1216 448 prae-

191 467 312 520 cipue
343 480 442 508 cum
479 468 745 509 carnalitates
782 470 823 508 et
861 467 976 508 carni
1012 467 1216 520 placentia

192 539 488 591 praedicantur,
511 542 612 581 tunc
630 539 885 589 Jerusalem,
909 539 1029 592 quasi
1058 539 1218 590 polluta

192 610 436 662 menstruis,
449 611 664 664 plangitur
674 626 684 662 3
699 623 775 664 pro
784 622 867 664 quo
877 612 1017 652 Isaias
1034 611 1045 632 ¹
1059 625 1067 651 :
1079 609 1218 651 «Facti

193 692 341 721 sumus
360 684 408 722 ut
428 682 673 723 immundus
694 693 840 722 omnes
860 693 957 731 nos3
979 681 1101 734 quasi
1120 691 1219 733 pan-

191 762 272 791 nus
289 753 563 793 menstruatae
582 752 792 793 universae
809 752 986 804 Justitiae
1002 754 1173 792 nostrae.
1193 766 1212 788 »

245 821 483 873 Moraliter,
507 822 609 863 Sion
636 822 825 863 animam
854 822 1096 874 significat,
1123 834 1219 875 quac

192 893 271 934 fuit
287 894 542 946 speculatrix
562 894 660 944 Dei3
684 895 756 935 sed
775 895 820 934 in
839 895 942 937 vitia
962 894 1146 947 relapsa,
1169 894 1222 934 ad

192 964 266 1005 Dei
285 965 588 1006 consolationes
606 965 764 1006 frustra
783 977 827 1006 se
848 965 999 1018 erigit,
1021 965 1123 1017 quia
1141 976 1221 1017 po-

191 1035 276 1076 tius
307 1036 511 1087 gravibus
541 1038 723 1077 vexatur
749 1037 800 1089 (a)
834 1036 1158 1085 tentationibus3
1183 1036 1223 1076 et

194 1107 357 1148 medico
380 1108 565 1160 indiget,
587 1120 675 1149 non
695 1119 861 1160 sponso.

248 1182 314 1220 18.
351 1180 497 1222 Iustus
530 1184 589 1222 est
627 1181 836 1222 Dominus
854 1212 864 1230 ,
900 1181 979 1221 etc.
1017 1178 1121 1219 Ecce
1154 1178 1224 1218 hic

196 1250 394 1300 secundo,
416 1252 509 1302 post
521 1262 658 1302 poenae
673 1250 1068 1302 exaggerationem,
1082 1249 1223 1289 subdit

193 1331 330 1372 poenae
342 1319 565 1372 justitiam,
587 1332 895 1371 recognoscens
907 1332 1000 1360 eam
1013 1319 1093 1359 sibi
1107 1320 1224 1371 Juste

194 1389 321 1430 fuisse
347 1389 507 1430 illatam
522 1421 534 1441 ,
556 1390 698 1431 dicens
721 1405 729 1430 z
754 1391 900 1432 Jasius
920 1393 979 1432 esi
1000 1390 1220 1431 Dominus.

197 1459 272 1500 Cui
290 1460 506 1501 sententiae
526 1461 799 1514 praemittitur
823 1461 962 1501 littera
995 1460 1110 1502 Sacli
1145 1459 1192 1511 (b)
1212 1491 1222 1511 ,

197 1531 310 1584 quod
320 1531 510 1583 justitae
527 1531 843 1584 interpretatur,
861 1535 901 1572 et
915 1531 1014 1572 satis
1026 1531 1224 1572 convenit

197 1602 425 1654 proposito.
448 1601 611 1643 Exinde
633 1602 828 1644 Rabanus
845 1604 942 1644 facit
970 1603 1041 1644 hic
1061 1606 1224 1644 sextam

198 1673 505 1714 connexionem
534 1674 665 1714 trium
702 1675 1032 1727 praecedentium
1062 1675 1226 1715 littera-

198 1755 297 1784 rum
316 1745 428 1794 Ain,
456 1745 564 1794 Phe,
598 1745 730 1794 Sadi,
765 1757 862 1798 quae
893 1745 1227 1798 interpretantur

200 1814 329 1855 simul
352 1816 471 1866 fons,
496 1815 585 1856 sive
608 1815 751 1857 oculas
765 1847 776 1865 ,
797 1817 883 1858 oris
897 1816 1101 1866 „iustitiam
1125 1816 1229 1856 Dicit

200 1897 304 1936 ergo
329 1900 339 1926 t
362 1886 508 1928 Jusius
540 1889 602 1929 esc
621 1887 855 1936 Dominus,
877 1898 945 1927 me
965 1887 1195 1938 affligendo
1217 1901 1226 1927 z

201 1956 306 2007 quia
325 1966 369 2000 03
399 1956 488 2008 effus
521 1956 580 1998 acl
605 1956 879 1999 iracundiam
907 1958 1167 2009 provocavi,·
1185 1968 1229 1999 os

201 2025 312 2077 ejus,
346 2026 388 2067 id
408 2028 495 2076 est,
517 2026 658 2079 ipsum
688 2027 793 2067 mihi
823 2039 897 2080 per
920 2027 1149 2081 Prophetas
1168 2027 1229 2068 lo-

201 2098 402 2149 quentem
431 2097 446 2118 2
479 2111 487 2138 :
528 2097 770 2150 «Ephraim
801 2098 847 2138 in
877 2098 1232 2139 amaritudinibus

203 2167 290 2209 suis
310 2167 555 2220 provocavit
574 2180 657 2208 me.
679 2182 698 2206 ³)
734 2167 853 2216 Quod
881 2181 906 2208 a
934 2180 1062 2209 sensu
1082 2168 1232 2209 morali

205 2250 291 2280 non
311 2239 544 2291 discrepat,
567 2239 644 2279 ubi
672 2239 846 2279 docetur
871 2251 1043 2280 omnem
1062 2251 1233 2292 poenam

207 2310 502 2363 aequanimiter
534 2321 623 2351 esse
657 2310 893 2360 serendam3
925 2311 1039 2351 unde
1073 2310 1234 2362 Grego-

207 2381 297 2422 rius
316 2381 360 2422 a:
390 2380 472 2421 «Si
498 2382 613 2433 justa
646 2381 809 2432 placere
840 2380 1017 2420 Domino
1051 2380 1231 2430 scimus3

208 2451 297 2503 pati
317 2453 459 2492 autem
486 2451 604 2491 nulla
617 2481 631 2501 ,
654 2450 734 2490 nisi
754 2461 850 2502 quae
869 2449 1047 2491 Domino
1066 2451 1233 2502 placue-

209 2522 307 2572 rint,
329 2533 556 2574 possumus
579 2534 588 2562 :
607 2522 722 2573 Justa
738 2523 836 2562 sunt
858 2523 1028 2572 cuncta,
1052 2533 1149 2574 quae
1168 2534 1238 2574 pa-

209 2590 366 2641 timur;
390 2594 431 2632 et
462 2591 584 2633 valde
612 2591 820 2643 injustum
840 2593 924 2642 est,
951 2592 986 2631 si
1015 2592 1066 2632 de
1094 2591 1166 2632 illa
1189 2592 1236 2644 (c)

209 2662 403 2715 passione
423 2673 762 2703 murmuramus.
785 2676 804 2700 ›>
831 2660 973 2703 Glossa
995 2662 1094 2703 dicit
1113 2675 1239 2715 super

211 2733 292 2774 hoc
313 2748 322 2773 :
351 2747 371 2772 (1
394 2733 637 2786 Deprecatio
663 2734 725 2773 est
755 2743 849 2785 spes
878 2734 1160 2774 concessionis
1183 2746 1193 2775 :
1217 2748 1237 2772 i>

209 2816 306 2857 quae
326 2806 387 2844 est
417 2803 530 2845 color
566 2803 832 2853 rhetoricUS,
861 2803 975 2844 unde
1010 2803 1171 2845 Tullius
1190 2806 1203 2826 ¹·
1227 2819 1235 2845 :

216 2889 235 2913 «
253 2874 495 2928 DeprecatIO
516 2873 589 2926 est,
622 2874 668 2914 in
701 2885 787 2926 qua
814 2885 899 2914 non
923 2874 1106 2914 defensio
1126 2875 1237 2925 facti,

210 2945 281 2986 sed
305 2945 548 2997 ignoscendi
573 2944 800 2998 postulatio
828 2944 1081 2986 continetur.
1103 2960 1123 2983 ))
1148 2948 1239 2988 Au-

212 3015 313 3067 dite,
346 3016 508 3059 obsecro
535 3031 550 3058 .·
579 3028 673 3057 6666
711 3017 835 3057 iterat
867 3016 1121 3058 conclusivae
1152 3029 1241 3058 suae

214 3088 482 3130 desolationis
497 3089 826 3142 querimoniam,
845 3089 920 3129 ubi
934 3089 1072 3141 primo
1091 3090 1244 3131 invitat

216 3171 361 3200 omnes
372 3160 424 3201 ad
437 3160 771 3212 compassionem
783 3174 793 3210 ;
810 3160 961 3201 deinde
973 3160 1113 3202 subdit
1126 3173 1240 3202 com-

218 3229 401 3282 patiendi
419 3230 628 3272 rationem
654 3245 662 3272 :
698 3230 896 3283 Virqines
924 3241 1039 3283 meae,
1061 3234 1137 3272 etc.
1163 3230 1244 3272 Ubi

263 3363 275 3382 ¹
293 3359 370 3403 lsa„
392 3369 483 3402 LX1V,
501 3363 581 3393 6.-
602 3362 613 3381 2
633 3362 718 3400 Οεευ
738 3367 802 3401 x11,
827 3361 927 3392 14.—
946 3360 959 3382 3
975 3362 1089 3402 Greg.‚
1109 3361 1244 3402 Moral„

222 3407 281 3440 lib.
301 3408 351 3447 11,
381 3417 414 3439 6.
437 3416 500 3448 xii,
519 3409 562 3441 al.
583 3416 680 3448 xviii,
705 3417 741 3440 11.
763 3409 814 3440 31.
834 3425 876 3432 --
894 3408 908 3430 4
929 3407 1011 3448 Cic.,
1036 3408 1075 3438 de
1105 3409 1244 3449 Inveni„

223 3455 282 3489 lib,
302 3457 343 3488 11.
364 3472 404 3478 —
422 3455 437 3477 ⁸
456 3457 485 3487 11
506 3456 597 3497 Cora,
616 3465 671 3498 xt,
690 3459 721 3489 2.
741 3473 783 3481 -
801 3457 813 3475 θ
833 3456 876 3488 111
896 3456 988 3497 Κεφ,
1006 3463 1071 3497 xii,
1091 3457 1140 3488 13.

382 3526 467 3556 TOM
493 3525 534 3556 X.

2233 175 2305 214 161

1287 253 1411 294 datur
1429 253 1610 305 intelligi
1643 266 1652 294 :
1683 253 1849 303 Quanto
1869 254 2021 308 aliquis
2040 257 2134 309 plus
2160 258 2282 311 luget
2295 269 2310 310 ,·

1286 326 1402 365 tanto
1439 324 1556 367 videt
1585 325 1768 378 amplius
1799 337 1887 367 esse
1916 326 2169 379 lugendum.
2207 328 2311 370 Dicit

1288 385 1394 447 ergo
1433 410 1441 436 ε
1482 395 1665 448 Audite,
1700 398 1887 449 obsecro,
1924 399 2117 440 universi
2149 400 2310 452 populi.

1290 466 1426 518 Supra
1440 466 1690 509 invitaverat
1704 468 1756 508 ad
1770 469 2112 522 compatiendum
2129 469 2290 522 aliquos
2302 485 2312 520 ;

1288 535 1358 576 hic
1387 537 1540 578 invitat
1566 539 1787 581 universos
1819 554 1828 579 :
1852 539 1946 580 talis
1975 539 2089 580 enim
2122 542 2183 581 est
2212 552 2316 581 usus

1290 605 1468 646 humani
1487 608 1677 659 affectus,
1694 611 1742 650 ut
1756 610 1852 650 dicIt
1871 609 2082 661 Rabanus,
2098 612 2145 651 ut
2160 611 2316 652 doloris

1291 677 1372 727 sui,
1390 677 1477 719 sive
1498 679 1660 730 gaudii,
1676 680 1780 721 alios
1797 683 1961 733 quaerat
1972 693 2062 722 esse
2077 681 2314 734 participes,

1292 750 1500 800 quatenus
1518 749 1690 790 illorum
1721 751 1867 792 solatio
1898 752 2060 793 illatum
2081 764 2188 794 onus
2220 752 2316 792 tris-

1292 819 1411 871 titiae,
1435 819 1525 861 sive
1543 820 1723 872 laetitiae,
1745 822 1906 864 facilius
1935 826 2085 876 portet.
2108 824 2162 866 Et
2181 823 2319 866 videte

1295 889 1477 932 dolorem
1497 902 1634 933 meum
1658 905 1672 933 .·
1698 893 1846 936 audite
1868 895 1998 935 verba
2017 895 2318 948 querimoniae;

1294 960 1433 1003 videte
1480 963 1834 1015 multiplicitatem
1878 964 2075 1005 miseriae.
2126 965 2323 1018 Virqines

1294 1042 1395 1074 mea?
1411 1063 1421 1081 ‚
1457 1044 1510 1073 ex
1529 1033 1682 1085 quibus
1708 1035 1918 1087 expectari
1950 1038 2089 1088 posset
2118 1036 2323 1077 successio

1294 1103 1567 1156 posteritati&
1600 1108 1638 1147 ei
1656 1105 1833 1158 juvenes
1866 1109 1949 1149 mci
1964 1139 1975 1158 ,
1999 1120 2052 1148 ex
2071 1107 2226 1160 quibus
2245 1119 2324 1149 ex-

1294 1175 1451 1227 pectari
1465 1178 1600 1228 potest
1611 1178 1820 1219 auxilium
1836 1178 2086 1219 defensionis
2098 1190 2108 1230 3
2125 1178 2325 1222 abierunt

1297 1246 1346 1286 in
1367 1247 1661 1298 captivitatem
1682 1247 1923 1302 Babylonis.
1945 1249 2021 1291 Vel
2047 1252 2228 1302 juvenes
2247 1264 2324 1304 pro

1296 1317 1488 1367 parvulis
1508 1318 1795 1370 accipiuntur,
1819 1322 1868 1360 ut
1888 1320 1940 1360 sit
1970 1321 2040 1361 1116
2061 1324 2235 1364 octavus
2263 1322 2325 1363 lo-

1298 1397 1373 1426 cus
1413 1386 1747 1438 indIgnationis,
1788 1390 1888 1442 quia
1919 1390 2021 1431 tales
2054 1404 2133 1432 nec
2170 1404 2215 1433 se
2251 1404 2327 1434 nec

1299 1457 1401 1498 alios
1420 1460 1598 1510 possunt
1617 1457 1854 1500 defendere.

1352 1528 1612 1581 Allegorice,
1644 1530 1836 1582 viraines
1867 1530 2062 1572 Ecclesiae
2097 1533 2327 1585 particula-

1299 1611 1366 1641 res
1385 1604 1398 1625 5
1430 1615 1439 1641 :
1469 1616 1488 1640 <‹
1515 1600 1723 1654 Despondi
1755 1613 1831 1644 vos
1858 1602 1935 1643 uni
1963 1603 2080 1654 viro,
2111 1603 2328 1657 virginem

1300 1674 1456 1712 castam
1486 1671 1687 1713 exhibere
1719 1672 1896 1714 Christo.
1932 1687 1952 1711 ))
1988 1676 2172 1717 Juvenes
2202 1676 2328 1717 etiam

1300 1743 1456 1783 abeunt
1475 1742 1519 1783 in
1538 1743 1849 1795 captivitatem,
1878 1756 1976 1785 cum
2004 1748 2242 1798 regenerati
2262 1759 2327 1788 se-

1302 1813 1516 1853 ducuntur
1536 1813 1736 1855 haeretica
1755 1815 1982 1867 pravitate,
2005 1816 2113 1858 sicut
2139 1820 2251 1870 patet
2286 1818 2330 1858 in

1302 1883 1485 1924 Ecclesia
1523 1884 1715 1925 orientali
1756 1899 1765 1924 :
1806 1885 1867 1925 ibi
1906 1887 2047 1928 statim
2090 1889 2331 1940 regenerati

1302 1954 1522 2006 multiplici
1548 1954 1803 1996 imbuuntur
1831 1968 1986 1998 errore.
2020 1957 2096 1999 Vel
2118 1959 2162 1999 in
2191 1959 2328 2011 virgi-

1302 2024 1427 2065 nibus
1445 2024 1662 2076 pudicitia,
1679 2025 1938 2078 simplicitas,
1962 2030 2002 2069 et
2021 2030 2303 2070 mansuetudo
2318 2044 2328 2081 3

1304 2096 1349 2136 in
1377 2096 1611 2148 Juvenibus
1639 2097 1779 2147 zelus,
1816 2109 1959 2150 amor,
1990 2099 2213 2151 fortitudo,
2245 2113 2334 2141 ma-

1304 2167 1563 2219 gnanimitas
1597 2179 1608 2207 :
1638 2167 1730 2208 haec
1763 2168 1926 2211 vadunt
1962 2169 2007 2210 in
2046 2171 2334 2224 captivitatem

1304 2249 1379 2289 per
1398 2238 1606 2279 defectum
1625 2238 1862 2291 prudentiae
1886 2252 1896 2280 :
1929 2240 2043 2281 unde
2075 2241 2088 2262 ⁶
2116 2241 2304 2283 Roboam
2320 2273 2331 2293 ,

1305 2311 1459 2361 rejecto
1479 2309 1650 2350 consilio
1676 2310 1921 2362 seniorum,
1952 2312 2130 2352 adhaesit
2162 2313 2334 2354 consilio

1302 2381 1530 2431 Juvenum.
1554 2380 1630 2422 Vel
1648 2380 1840 2432 virgines
1858 2382 2021 2423 vadunt
2039 2383 2084 2423 in
2115 2384 2335 2436 captivita-

1307 2453 1394 2492 tem
1413 2452 1458 2491 in
1479 2451 1603 2493 fatuis
1619 2451 1877 2503 virginibus,
1899 2465 1995 2505 quae
2015 2455 2266 2506 superbiunt
2284 2456 2335 2496 de

1307 2522 1582 2573 virginitate,
1618 2524 1659 2563 et
1697 2522 1825 2563 nullis
1863 2523 1955 2563 aliis
1985 2524 2106 2564 bonis
2137 2525 2336 2578 operibus

1308 2593 1581 2634 adornantur.
1617 2592 1694 2635 Vel
1723 2596 1848 2634 castae
1874 2594 2127 2636 intentiones
2155 2598 2196 2637 et
2218 2596 2335 2649 cogi-

1310 2663 1489 2704 tationes
1508 2664 1804 2716 significantur
1820 2676 1896 2717 per
1908 2665 2100 2717 virgines
2111 2680 2122 2716 ;
2143 2666 2250 2707 sicut
2262 2679 2338 2720 per

1307 2735 1502 2786 Juvenes,
1523 2735 1711 2775 robustae
1732 2735 1975 2776 afffictiones
2007 2749 2017 2777 :
2050 2749 2147 2790 quae
2173 2737 2338 2779 ducun-

1311 2804 1446 2844 turin
1467 2804 1769 2857 captivitatem,
1797 2818 1895 2847 cum
1914 2809 2133 2859 peccatum
2161 2809 2338 2850 mortale

1311 2877 1489 2927 occupat
1508 2878 1708 2917 mentem.

1366 2948 1432 2986 19.
1461 2946 1619 2989 Vocavi
1639 2947 1815 2999 amicos,
1839 2948 1918 2988 etc.
1952 2948 2056 2990 Ecce
2074 2951 2247 2992 tertium
2266 2950 2339 2992 in-

1314 3016 1531 3060 centivum
1551 3017 1867 3070 compassionis,
1888 3018 2044 3060 scilicet
2062 3021 2338 3062 consideratio

1314 3087 1516 3128 fraudum
1536 3087 1741 3129 falsorum
1760 3088 2010 3131 amicorum.
2026 3089 2104 3130 Ubi
2124 3091 2340 3143 praemittit

1315 3158 1508 3211 ipsorum
1528 3159 1836 3211 deceptionem;
1852 3159 2001 3201 deinde
2015 3164 2340 3214 consequentem

1315 3228 1449 3281 ipsius
1473 3228 1776 3270 desolationem
1805 3244 1814 3270 :
1844 3230 2092 3274 Sacerdotes
2119 3233 2223 3282 mei,
2257 3234 2336 3271 etc.

1316 3299 1424 3341 Huic
1440 3300 1641 3342 clausulae
1653 3301 1927 3354 praemittitur
1947 3302 2084 3343 littera
2100 3302 2221 3354 Caph,
2244 3314 2340 3355 quae

1362 3411 1403 3449 (a)
1439 3409 1520 3441 Coet.
1553 3409 1633 3440 edit.
1663 3412 1810 3442 taxatur.
1839 3428 1880 3435 —-
1911 3410 1955 3451 (li)
1988 3409 2085 3449 Vulg.
2115 3409 2219 3447 Saele,
2240 3411 2340 3441 etsie

1318 3457 1494 3497 deinceps.
1514 3474 1555 3480 -
1575 3457 1619 3498 (c)
1636 3458 1691 3490 Al.
1708 3459 1812 3498 justa.

2133 3521 2180 3558 11
