<?xml version="1.0" encoding="UTF-8"?>
<!DOCTYPE html PUBLIC "-//W3C//DTD XHTML 1.0 Transitional//EN"
    "http://www.w3.org/TR/xhtml1/DTD/xhtml1-transitional.dtd">
<html xmlns="http://www.w3.org/1999/xhtml" xml:lang="en" lang="en">
 <head>
  <title>
</title>
<meta http-equiv="Content-Type" content="text/html;charset=utf-8" />
  <meta name='ocr-system' content='tesseract 3.04.00' />
  <meta name='ocr-capabilities' content='ocr_page ocr_carea ocr_par ocr_line ocrx_word'/>
</head>
<body>
  <div class='ocr_page' id='page_1' title='image "./operaomniasixtiv10bonauoft_0282.png"; bbox 0 0 2634 3853; ppageno 0'>
   <div class='ocr_carea' id='block_1_1' title="bbox 249 51 325 90">
    <p class='ocr_par' dir='ltr' id='par_1_1' title="bbox 249 51 325 90">
     <span class='ocr_line' id='line_1_1' title="bbox 249 51 325 90; baseline 0 -1"><span class='ocrx_word' id='word_1_1' title='bbox 249 51 325 90; x_wconf 74' lang='lat'><strong>262</strong></span> 
     </span>
    </p>
   </div>
   <div class='ocr_carea' id='block_1_2' title="bbox 245 131 1286 3102">
    <p class='ocr_par' dir='ltr' id='par_1_2' title="bbox 248 131 1275 392">
     <span class='ocr_line' id='line_1_2' title="bbox 248 131 1275 188; baseline -0.007 -10"><span class='ocrx_word' id='word_1_2' title='bbox 248 138 413 188; x_wconf 90' lang='lat' dir='ltr'><strong>mento,</strong></span> <span class='ocrx_word' id='word_1_3' title='bbox 436 137 477 177; x_wconf 92' lang='lat' dir='ltr'><strong>et</strong></span> <span class='ocrx_word' id='word_1_4' title='bbox 496 135 541 176; x_wconf 93' lang='lat' dir='ltr'><strong>in</strong></span> <span class='ocrx_word' id='word_1_5' title='bbox 566 135 724 176; x_wconf 85' lang='lat' dir='ltr'><strong>femore</strong></span> <span class='ocrx_word' id='word_1_6' title='bbox 743 145 820 175; x_wconf 92' lang='lat' dir='ltr'><strong>suo</strong></span> <span class='ocrx_word' id='word_1_7' title='bbox 847 134 1050 186; x_wconf 90' lang='lat' dir='ltr'><strong>scriptum</strong></span> <span class='ocrx_word' id='word_1_8' title='bbox 1071 147 1079 171; x_wconf 92' lang='lat'><strong>:</strong></span> <span class='ocrx_word' id='word_1_9' title='bbox 1104 131 1192 172; x_wconf 91' lang='lat' dir='ltr'><strong>Rex</strong></span> <span class='ocrx_word' id='word_1_10' title='bbox 1213 143 1275 172; x_wconf 91' lang='lat' dir='ltr'><strong>re-</strong></span> 
     </span>
     <span class='ocr_line' id='line_1_3' title="bbox 250 201 1275 260; baseline -0.006 -12"><span class='ocrx_word' id='word_1_11' title='bbox 250 218 381 260; x_wconf 90' lang='lat' dir='ltr'><strong>gum,</strong></span> <span class='ocrx_word' id='word_1_12' title='bbox 405 208 445 248; x_wconf 86' lang='lat' dir='ltr'><strong>et</strong></span> <span class='ocrx_word' id='word_1_13' title='bbox 469 206 670 247; x_wconf 88' lang='lat' dir='ltr'>Dominus</span> <span class='ocrx_word' id='word_1_14' title='bbox 699 203 1022 246; x_wconf 79' lang='lat' dir='ltr'><strong>dominantium.</strong></span> <span class='ocrx_word' id='word_1_15' title='bbox 1054 216 1072 239; x_wconf 70' lang='lat'><strong>1&gt;</strong></span> <span class='ocrx_word' id='word_1_16' title='bbox 1105 201 1155 242; x_wconf 91' lang='lat' dir='ltr'><strong>Et</strong></span> <span class='ocrx_word' id='word_1_17' title='bbox 1182 201 1275 242; x_wconf 89' lang='lat' dir='ltr'><strong>ideo</strong></span> 
     </span>
     <span class='ocr_line' id='line_1_4' title="bbox 248 273 1275 328; baseline -0.009 -6"><span class='ocrx_word' id='word_1_18' title='bbox 248 279 297 322; x_wconf 80' lang='lat' dir='ltr'><strong>in</strong></span> <span class='ocrx_word' id='word_1_19' title='bbox 309 279 486 322; x_wconf 78' lang='lat' dir='ltr'><strong>civitate</strong></span> <span class='ocrx_word' id='word_1_20' title='bbox 504 277 659 328; x_wconf 76' lang='lat' dir='ltr'><strong>David,</strong></span> <span class='ocrx_word' id='word_1_21' title='bbox 677 277 717 317; x_wconf 86' lang='lat' dir='ltr'><strong>id</strong></span> <span class='ocrx_word' id='word_1_22' title='bbox 731 278 807 326; x_wconf 87' lang='lat' dir='ltr'><strong>est,</strong></span> <span class='ocrx_word' id='word_1_23' title='bbox 822 276 864 316; x_wconf 90' lang='lat' dir='ltr'><strong>in</strong></span> <span class='ocrx_word' id='word_1_24' title='bbox 882 273 1142 324; x_wconf 77' lang='lat' dir='ltr'>Bethlehem,</span> <span class='ocrx_word' id='word_1_25' title='bbox 1160 273 1275 314; x_wconf 85' lang='lat' dir='ltr'><strong>unde</strong></span> 
     </span>
     <span class='ocr_line' id='line_1_5' title="bbox 248 348 627 392; baseline -0.013 0"><span class='ocrx_word' id='word_1_26' title='bbox 248 353 367 392; x_wconf 91' lang='lat' dir='ltr'><strong>ortus</strong></span> <span class='ocrx_word' id='word_1_27' title='bbox 385 350 463 390; x_wconf 89' lang='lat' dir='ltr'><strong>fuit</strong></span> <span class='ocrx_word' id='word_1_28' title='bbox 482 348 627 389; x_wconf 91' lang='lat' dir='ltr'><strong>David.</strong></span> 
     </span>
    </p>

    <p class='ocr_par' dir='ltr' id='par_1_3' title="bbox 245 413 1286 3102">
     <span class='ocr_line' id='line_1_6' title="bbox 303 413 1272 468; baseline -0.008 -7"><span class='ocrx_word' id='word_1_29' title='bbox 303 423 369 462; x_wconf 69' lang='lat'><strong>1⁶2.</strong></span> <span class='ocrx_word' id='word_1_30' title='bbox 388 419 442 461; x_wconf 78' lang='lat' dir='ltr'><strong>Et</strong></span> <span class='ocrx_word' id='word_1_31' title='bbox 461 418 535 460; x_wconf 82' lang='lat' dir='ltr'><strong>hoc</strong></span> <span class='ocrx_word' id='word_1_32' title='bbox 554 416 670 459; x_wconf 74' lang='lat' dir='ltr'><strong>vobis</strong></span> <span class='ocrx_word' id='word_1_33' title='bbox 695 416 880 468; x_wconf 72' lang='lat' dir='ltr'><strong>siqnum.</strong></span> <span class='ocrx_word' id='word_1_34' title='bbox 912 413 1010 455; x_wconf 84' lang='lat' dir='ltr'>Post</span> <span class='ocrx_word' id='word_1_35' title='bbox 1035 413 1272 466; x_wconf 88' lang='lat' dir='ltr'><strong>dispositio-</strong></span> 
     </span>
     <span class='ocr_line' id='line_1_7' title="bbox 248 484 1276 545; baseline -0.011 -10"><span class='ocrx_word' id='word_1_36' title='bbox 248 504 347 535; x_wconf 93' lang='lat' dir='ltr'><strong>nem</strong></span> <span class='ocrx_word' id='word_1_37' title='bbox 372 491 679 545; x_wconf 60' lang='lat' dir='ltr'><strong>praeparantem</strong></span> <span class='ocrx_word' id='word_1_38' title='bbox 705 486 757 528; x_wconf 88' lang='lat' dir='ltr'><strong>ad</strong></span> <span class='ocrx_word' id='word_1_39' title='bbox 785 484 1037 526; x_wconf 87' lang='lat' dir='ltr'><strong>audiendam</strong></span> <span class='ocrx_word' id='word_1_40' title='bbox 1056 484 1276 526; x_wconf 88' lang='lat' dir='ltr'><strong>denuntia-</strong></span> 
     </span>
     <span class='ocr_line' id='line_1_8' title="bbox 247 555 1276 607; baseline -0.008 -3"><span class='ocrx_word' id='word_1_41' title='bbox 247 564 406 604; x_wconf 80' lang='lat' dir='ltr'><strong>tionem</strong></span> <span class='ocrx_word' id='word_1_42' title='bbox 423 560 674 602; x_wconf 79' lang='lat' dir='ltr'><strong>invitantem</strong></span> <span class='ocrx_word' id='word_1_43' title='bbox 691 557 742 598; x_wconf 89' lang='lat' dir='ltr'><strong>ad</strong></span> <span class='ocrx_word' id='word_1_44' title='bbox 762 557 1058 607; x_wconf 87' lang='lat' dir='ltr'><strong>exultandum,</strong></span> <span class='ocrx_word' id='word_1_45' title='bbox 1080 555 1276 597; x_wconf 82' lang='lat' dir='ltr'><strong>subditur</strong></span> 
     </span>
     <span class='ocr_line' id='line_1_9' title="bbox 247 627 1275 674; baseline -0.007 0"><span class='ocrx_word' id='word_1_46' title='bbox 247 634 316 674; x_wconf 88' lang='lat' dir='ltr'><strong>hic</strong></span> <span class='ocrx_word' id='word_1_47' title='bbox 341 632 464 673; x_wconf 88' lang='lat' dir='ltr'><strong>tertia</strong></span> <span class='ocrx_word' id='word_1_48' title='bbox 487 628 750 671; x_wconf 87' lang='lat' dir='ltr'><strong>confirmatio</strong></span> <span class='ocrx_word' id='word_1_49' title='bbox 778 627 1014 668; x_wconf 82' lang='lat' dir='ltr'><strong>certificans</strong></span> <span class='ocrx_word' id='word_1_50' title='bbox 1033 627 1086 668; x_wconf 87' lang='lat' dir='ltr'><strong>ad</strong></span> <span class='ocrx_word' id='word_1_51' title='bbox 1106 627 1275 668; x_wconf 90' lang='lat' dir='ltr'><strong>creden-</strong></span> 
     </span>
     <span class='ocr_line' id='line_1_10' title="bbox 247 698 1274 755; baseline -0.009 -9"><span class='ocrx_word' id='word_1_52' title='bbox 247 705 365 746; x_wconf 88' lang='lat' dir='ltr'><strong>dum.</strong></span> <span class='ocrx_word' id='word_1_53' title='bbox 388 702 438 744; x_wconf 90' lang='lat' dir='ltr'><strong>Et</strong></span> <span class='ocrx_word' id='word_1_54' title='bbox 458 701 661 755; x_wconf 90' lang='lat' dir='ltr'><strong>quoniam</strong></span> <span class='ocrx_word' id='word_1_55' title='bbox 682 701 692 721; x_wconf 90' lang='lat'><strong>¹</strong></span> <span class='ocrx_word' id='word_1_56' title='bbox 709 714 729 738; x_wconf 66' lang='grc' dir='ltr'><strong>(ι</strong></span> <span class='ocrx_word' id='word_1_57' title='bbox 747 699 792 739; x_wconf 91' lang='lat' dir='ltr'><strong>in</strong></span> <span class='ocrx_word' id='word_1_58' title='bbox 809 710 882 739; x_wconf 87' lang='lat' dir='ltr'><strong>ore</strong></span> <span class='ocrx_word' id='word_1_59' title='bbox 902 698 1086 739; x_wconf 85' lang='lat' dir='ltr'><strong>duorum</strong></span> <span class='ocrx_word' id='word_1_60' title='bbox 1105 698 1274 738; x_wconf 90' lang='lat' dir='ltr'><strong>testium</strong></span> 
     </span>
     <span class='ocr_line' id='line_1_11' title="bbox 248 768 1276 821; baseline -0.007 -5"><span class='ocrx_word' id='word_1_61' title='bbox 248 777 358 816; x_wconf 86' lang='lat' dir='ltr'><strong>stare</strong></span> <span class='ocrx_word' id='word_1_62' title='bbox 369 773 501 814; x_wconf 83' lang='lat' dir='ltr'><strong>debet</strong></span> <span class='ocrx_word' id='word_1_63' title='bbox 519 782 645 812; x_wconf 90' lang='lat' dir='ltr'><strong>omne</strong></span> <span class='ocrx_word' id='word_1_64' title='bbox 664 770 869 820; x_wconf 80' lang='lat' dir='ltr'><strong>verbum3</strong></span> <span class='ocrx_word' id='word_1_65' title='bbox 891 784 909 807; x_wconf 84' lang='lat'>»</span> <span class='ocrx_word' id='word_1_66' title='bbox 933 769 1025 810; x_wconf 88' lang='lat' dir='ltr'><strong>ideo</strong></span> <span class='ocrx_word' id='word_1_67' title='bbox 1054 768 1276 821; x_wconf 80' lang='lat' dir='ltr'><strong>dupliciter</strong></span> 
     </span>
     <span class='ocr_line' id='line_1_12' title="bbox 247 840 1272 896; baseline -0.008 -9"><span class='ocrx_word' id='word_1_68' title='bbox 247 845 551 887; x_wconf 86' lang='lat' dir='ltr'><strong>confirmantur</strong></span> <span class='ocrx_word' id='word_1_69' title='bbox 561 844 748 896; x_wconf 85' lang='lat' dir='ltr'><strong>pastores</strong></span> <span class='ocrx_word' id='word_1_70' title='bbox 758 852 833 894; x_wconf 90' lang='lat' dir='ltr'><strong>per</strong></span> <span class='ocrx_word' id='word_1_71' title='bbox 846 840 988 882; x_wconf 90' lang='lat' dir='ltr'><strong>visum</strong></span> <span class='ocrx_word' id='word_1_72' title='bbox 1000 842 1041 879; x_wconf 90' lang='lat' dir='ltr'><strong>et</strong></span> <span class='ocrx_word' id='word_1_73' title='bbox 1054 840 1244 880; x_wconf 88' lang='lat' dir='ltr'><strong>auditum</strong></span> <span class='ocrx_word' id='word_1_74' title='bbox 1262 852 1272 880; x_wconf 91' lang='lat'><strong>:</strong></span> 
     </span>
     <span class='ocr_line' id='line_1_13' title="bbox 248 910 1276 965; baseline -0.006 -8"><span class='ocrx_word' id='word_1_75' title='bbox 248 916 317 957; x_wconf 91' lang='lat' dir='ltr'><strong>isti</strong></span> <span class='ocrx_word' id='word_1_76' title='bbox 334 915 448 956; x_wconf 92' lang='lat' dir='ltr'><strong>enim</strong></span> <span class='ocrx_word' id='word_1_77' title='bbox 472 914 556 955; x_wconf 92' lang='lat' dir='ltr'><strong>duo</strong></span> <span class='ocrx_word' id='word_1_78' title='bbox 585 924 735 954; x_wconf 90' lang='lat' dir='ltr'><strong>sensus</strong></span> <span class='ocrx_word' id='word_1_79' title='bbox 754 911 971 965; x_wconf 84' lang='lat' dir='ltr'><strong>potissime</strong></span> <span class='ocrx_word' id='word_1_80' title='bbox 990 910 1111 952; x_wconf 89' lang='lat' dir='ltr'><strong>nobis</strong></span> <span class='ocrx_word' id='word_1_81' title='bbox 1139 910 1276 955; x_wconf 88' lang='lat' dir='ltr'><strong>deser-</strong></span> 
     </span>
     <span class='ocr_line' id='line_1_14' title="bbox 246 981 1277 1036; baseline -0.007 -8"><span class='ocrx_word' id='word_1_82' title='bbox 246 987 370 1028; x_wconf 88' lang='lat' dir='ltr'><strong>viunt</strong></span> <span class='ocrx_word' id='word_1_83' title='bbox 388 985 440 1026; x_wconf 89' lang='lat' dir='ltr'><strong>ad</strong></span> <span class='ocrx_word' id='word_1_84' title='bbox 459 983 814 1036; x_wconf 86' lang='lat' dir='ltr'><strong>cognoscendum.</strong></span> <span class='ocrx_word' id='word_1_85' title='bbox 836 981 979 1022; x_wconf 91' lang='lat' dir='ltr'><strong>Primo</strong></span> <span class='ocrx_word' id='word_1_86' title='bbox 1002 993 1106 1034; x_wconf 89' lang='lat' dir='ltr'><strong>ergo</strong></span> <span class='ocrx_word' id='word_1_87' title='bbox 1127 981 1277 1022; x_wconf 86' lang='lat' dir='ltr'><strong>certifi-</strong></span> 
     </span>
     <span class='ocr_line' id='line_1_15' title="bbox 246 1052 1276 1108; baseline -0.006 -10"><span class='ocrx_word' id='word_1_88' title='bbox 246 1058 396 1098; x_wconf 82' lang='lat' dir='ltr'><strong>cantur</strong></span> <span class='ocrx_word' id='word_1_89' title='bbox 426 1066 502 1108; x_wconf 89' lang='lat' dir='ltr'><strong>per</strong></span> <span class='ocrx_word' id='word_1_90' title='bbox 530 1055 705 1107; x_wconf 90' lang='lat' dir='ltr'><strong>signum</strong></span> <span class='ocrx_word' id='word_1_91' title='bbox 742 1052 980 1106; x_wconf 83' lang='lat' dir='ltr'><strong>probabile3</strong></span> <span class='ocrx_word' id='word_1_92' title='bbox 1016 1052 1165 1093; x_wconf 90' lang='lat' dir='ltr'><strong>deinde</strong></span> <span class='ocrx_word' id='word_1_93' title='bbox 1202 1062 1276 1105; x_wconf 89' lang='lat' dir='ltr'><strong>per</strong></span> 
     </span>
     <span class='ocr_line' id='line_1_16' title="bbox 245 1123 1277 1175; baseline -0.006 -5"><span class='ocrx_word' id='word_1_94' title='bbox 245 1126 534 1170; x_wconf 86' lang='lat' dir='ltr'><strong>testimonium</strong></span> <span class='ocrx_word' id='word_1_95' title='bbox 572 1124 780 1166; x_wconf 82' lang='lat' dir='ltr'><strong>credibile.</strong></span> <span class='ocrx_word' id='word_1_96' title='bbox 822 1124 1038 1174; x_wconf 86' lang='lat' dir='ltr'><strong>Quantum</strong></span> <span class='ocrx_word' id='word_1_97' title='bbox 1081 1135 1186 1175; x_wconf 86' lang='lat' dir='ltr'><strong>ergo</strong></span> <span class='ocrx_word' id='word_1_98' title='bbox 1225 1123 1277 1164; x_wconf 87' lang='lat' dir='ltr'><strong>ad</strong></span> 
     </span>
     <span class='ocr_line' id='line_1_17' title="bbox 246 1194 1277 1252; baseline -0.002 -12"><span class='ocrx_word' id='word_1_99' title='bbox 246 1198 362 1252; x_wconf 83' lang='lat' dir='ltr'><strong>signi</strong></span> <span class='ocrx_word' id='word_1_100' title='bbox 379 1196 610 1251; x_wconf 88' lang='lat' dir='ltr'><strong>probabilis</strong></span> <span class='ocrx_word' id='word_1_101' title='bbox 629 1195 968 1249; x_wconf 82' lang='lat' dir='ltr'><strong>persuasionem,</strong></span> <span class='ocrx_word' id='word_1_102' title='bbox 994 1194 1147 1236; x_wconf 89' lang='lat' dir='ltr'><strong>dicitur</strong></span> <span class='ocrx_word' id='word_1_103' title='bbox 1160 1195 1197 1235; x_wconf 74' lang='lat'><strong>²:</strong></span> <span class='ocrx_word' id='word_1_104' title='bbox 1217 1195 1259 1237; x_wconf 88' lang='lat' dir='ltr'><em>E</em></span> <span class='ocrx_word' id='word_1_105' title='bbox 1261 1198 1277 1238; x_wconf 75' lang='lat' dir='ltr'><strong>t</strong></span> 
     </span>
     <span class='ocr_line' id='line_1_18' title="bbox 246 1265 1277 1321; baseline -0.008 -8"><span class='ocrx_word' id='word_1_106' title='bbox 246 1270 319 1313; x_wconf 83' lang='lat' dir='ltr'><strong>hoc</strong></span> <span class='ocrx_word' id='word_1_107' title='bbox 339 1269 457 1312; x_wconf 77' lang='lat' dir='ltr'><strong>vobis</strong></span> <span class='ocrx_word' id='word_1_108' title='bbox 477 1269 663 1321; x_wconf 65' lang='lat' dir='ltr'><strong>siquam.</strong></span> <span class='ocrx_word' id='word_1_109' title='bbox 682 1266 810 1318; x_wconf 90' lang='lat' dir='ltr'><strong>Nam,</strong></span> <span class='ocrx_word' id='word_1_110' title='bbox 833 1266 1068 1308; x_wconf 90' lang='lat' dir='ltr'><strong>secundum</strong></span> <span class='ocrx_word' id='word_1_111' title='bbox 1086 1265 1200 1319; x_wconf 88' lang='lat' dir='ltr'><strong>quod</strong></span> <span class='ocrx_word' id='word_1_112' title='bbox 1219 1265 1277 1306; x_wconf 88' lang='lat' dir='ltr'><strong>di-</strong></span> 
     </span>
     <span class='ocr_line' id='line_1_19' title="bbox 248 1335 1276 1392; baseline -0.004 -9"><span class='ocrx_word' id='word_1_113' title='bbox 248 1341 372 1392; x_wconf 91' lang='lat' dir='ltr'><strong>citur,</strong></span> <span class='ocrx_word' id='word_1_114' title='bbox 393 1355 412 1380; x_wconf 82' lang='lat' dir='ltr'><strong>c‹</strong></span> <span class='ocrx_word' id='word_1_115' title='bbox 422 1339 557 1381; x_wconf 82' lang='lat' dir='ltr'><strong>Judaei</strong></span> <span class='ocrx_word' id='word_1_116' title='bbox 576 1338 699 1391; x_wconf 87' lang='lat' dir='ltr'><strong>signa</strong></span> <span class='ocrx_word' id='word_1_117' title='bbox 711 1340 876 1390; x_wconf 88' lang='lat' dir='ltr'><strong>petunt.</strong></span> <span class='ocrx_word' id='word_1_118' title='bbox 891 1352 910 1376; x_wconf 72' lang='lat' dir='ltr'><strong>n</strong></span> <span class='ocrx_word' id='word_1_119' title='bbox 924 1335 976 1379; x_wconf 90' lang='lat' dir='ltr'><strong>Et</strong></span> <span class='ocrx_word' id='word_1_120' title='bbox 993 1337 1075 1378; x_wconf 91' lang='lat' dir='ltr'><strong>hoc</strong></span> <span class='ocrx_word' id='word_1_121' title='bbox 1089 1337 1276 1379; x_wconf 80' lang='lat' dir='ltr'><strong>maxime</strong></span> 
     </span>
     <span class='ocr_line' id='line_1_20' title="bbox 246 1408 1274 1467; baseline -0.004 -14"><span class='ocrx_word' id='word_1_122' title='bbox 246 1412 414 1467; x_wconf 84' lang='lat' dir='ltr'><strong>petebat</strong></span> <span class='ocrx_word' id='word_1_123' title='bbox 443 1410 649 1464; x_wconf 89' lang='lat' dir='ltr'><strong>propheta</strong></span> <span class='ocrx_word' id='word_1_124' title='bbox 683 1409 817 1451; x_wconf 89' lang='lat' dir='ltr'><strong>David</strong></span> <span class='ocrx_word' id='word_1_125' title='bbox 840 1412 879 1450; x_wconf 82' lang='lat'><strong>³:</strong></span> <span class='ocrx_word' id='word_1_126' title='bbox 920 1424 939 1447; x_wconf 77' lang='grc' dir='ltr'><strong>(ι</strong></span> <span class='ocrx_word' id='word_1_127' title='bbox 968 1408 1051 1450; x_wconf 87' lang='lat' dir='ltr'><strong>Fac</strong></span> <span class='ocrx_word' id='word_1_128' title='bbox 1082 1420 1274 1460; x_wconf 90' lang='lat' dir='ltr'><strong>mecum,</strong></span> 
     </span>
     <span class='ocr_line' id='line_1_21' title="bbox 247 1480 1277 1537; baseline -0.005 -12"><span class='ocrx_word' id='word_1_129' title='bbox 247 1483 409 1537; x_wconf 87' lang='lat' dir='ltr'><strong>inquit,</strong></span> <span class='ocrx_word' id='word_1_130' title='bbox 440 1482 615 1534; x_wconf 87' lang='lat' dir='ltr'><strong>signum</strong></span> <span class='ocrx_word' id='word_1_131' title='bbox 646 1481 691 1521; x_wconf 87' lang='lat' dir='ltr'><strong>in</strong></span> <span class='ocrx_word' id='word_1_132' title='bbox 723 1481 902 1531; x_wconf 90' lang='lat' dir='ltr'><strong>bonum,</strong></span> <span class='ocrx_word' id='word_1_133' title='bbox 928 1482 977 1520; x_wconf 91' lang='lat' dir='ltr'><strong>ut</strong></span> <span class='ocrx_word' id='word_1_134' title='bbox 1007 1480 1178 1521; x_wconf 89' lang='lat' dir='ltr'><strong>videant</strong></span> <span class='ocrx_word' id='word_1_135' title='bbox 1202 1480 1277 1533; x_wconf 90' lang='lat' dir='ltr'><strong>qui</strong></span> 
     </span>
     <span class='ocr_line' id='line_1_22' title="bbox 247 1551 1275 1603; baseline -0.005 -7"><span class='ocrx_word' id='word_1_136' title='bbox 247 1554 429 1597; x_wconf 86' lang='lat' dir='ltr'><strong>oderunt</strong></span> <span class='ocrx_word' id='word_1_137' title='bbox 456 1564 544 1602; x_wconf 91' lang='lat' dir='ltr'><strong>me,</strong></span> <span class='ocrx_word' id='word_1_138' title='bbox 567 1554 609 1593; x_wconf 90' lang='lat' dir='ltr'><strong>et</strong></span> <span class='ocrx_word' id='word_1_139' title='bbox 630 1551 961 1600; x_wconf 87' lang='lat' dir='ltr'><strong>confundantur;</strong></span> <span class='ocrx_word' id='word_1_140' title='bbox 985 1551 1186 1603; x_wconf 89' lang='lat' dir='ltr'><strong>quoniam</strong></span> <span class='ocrx_word' id='word_1_141' title='bbox 1208 1553 1275 1601; x_wconf 90' lang='lat' dir='ltr'><strong>tu,</strong></span> 
     </span>
     <span class='ocr_line' id='line_1_23' title="bbox 248 1621 1278 1676; baseline -0.004 -9"><span class='ocrx_word' id='word_1_142' title='bbox 248 1624 437 1675; x_wconf 88' lang='lat' dir='ltr'><strong>Domine,</strong></span> <span class='ocrx_word' id='word_1_143' title='bbox 461 1621 663 1676; x_wconf 76' lang='lat' dir='ltr'><strong>adJuvisti</strong></span> <span class='ocrx_word' id='word_1_144' title='bbox 682 1633 765 1663; x_wconf 91' lang='lat' dir='ltr'><strong>me.</strong></span> <span class='ocrx_word' id='word_1_145' title='bbox 787 1635 806 1660; x_wconf 71' lang='grc' dir='ltr'><strong>υ</strong></span> <span class='ocrx_word' id='word_1_146' title='bbox 829 1621 915 1663; x_wconf 89' lang='lat' dir='ltr'><strong>Hoc</strong></span> <span class='ocrx_word' id='word_1_147' title='bbox 935 1621 1112 1674; x_wconf 84' lang='lat' dir='ltr'><strong>signum</strong></span> <span class='ocrx_word' id='word_1_148' title='bbox 1132 1625 1278 1675; x_wconf 88' lang='lat' dir='ltr'><strong>peten—</strong></span> 
     </span>
     <span class='ocr_line' id='line_1_24' title="bbox 249 1692 1278 1745; baseline -0.003 -7"><span class='ocrx_word' id='word_1_149' title='bbox 249 1697 352 1739; x_wconf 90' lang='lat' dir='ltr'><strong>dum</strong></span> <span class='ocrx_word' id='word_1_150' title='bbox 382 1697 472 1736; x_wconf 86' lang='lat' dir='ltr'><strong>erat</strong></span> <span class='ocrx_word' id='word_1_151' title='bbox 496 1693 535 1735; x_wconf 67' lang='lat'><strong>⁵:</strong></span> <span class='ocrx_word' id='word_1_152' title='bbox 564 1708 584 1733; x_wconf 75' lang='grc' dir='ltr'>α</span> <span class='ocrx_word' id='word_1_153' title='bbox 611 1693 710 1734; x_wconf 90' lang='lat' dir='ltr'><strong>Pete</strong></span> <span class='ocrx_word' id='word_1_154' title='bbox 739 1692 815 1733; x_wconf 89' lang='lat' dir='ltr'><strong>tibi</strong></span> <span class='ocrx_word' id='word_1_155' title='bbox 844 1692 1021 1745; x_wconf 86' lang='lat' dir='ltr'><strong>signum</strong></span> <span class='ocrx_word' id='word_1_156' title='bbox 1046 1705 1072 1734; x_wconf 80' lang='lat' dir='ltr'><strong>a</strong></span> <span class='ocrx_word' id='word_1_157' title='bbox 1100 1693 1278 1736; x_wconf 93' lang='lat' dir='ltr'><strong>Domino</strong></span> 
     </span>
     <span class='ocr_line' id='line_1_25' title="bbox 248 1764 1280 1818; baseline -0.002 -8"><span class='ocrx_word' id='word_1_158' title='bbox 248 1766 332 1810; x_wconf 87' lang='lat' dir='ltr'><strong>Deo</strong></span> <span class='ocrx_word' id='word_1_159' title='bbox 350 1769 439 1808; x_wconf 88' lang='lat' dir='ltr'><strong>tuo.</strong></span> <span class='ocrx_word' id='word_1_160' title='bbox 460 1780 479 1804; x_wconf 78' lang='lat' dir='ltr'><strong>n</strong></span> <span class='ocrx_word' id='word_1_161' title='bbox 506 1765 594 1806; x_wconf 91' lang='lat' dir='ltr'><strong>Hoc</strong></span> <span class='ocrx_word' id='word_1_162' title='bbox 612 1764 738 1806; x_wconf 88' lang='lat' dir='ltr'><strong>etiam</strong></span> <span class='ocrx_word' id='word_1_163' title='bbox 759 1764 1032 1818; x_wconf 78' lang='lat' dir='ltr'><strong>promittebat</strong></span> <span class='ocrx_word' id='word_1_164' title='bbox 1045 1764 1084 1806; x_wconf 82' lang='lat'><strong>⁵:</strong></span> <span class='ocrx_word' id='word_1_165' title='bbox 1108 1780 1127 1804; x_wconf 74' lang='lat' dir='ltr'><strong>c&lt;</strong></span> <span class='ocrx_word' id='word_1_166' title='bbox 1148 1765 1195 1806; x_wconf 90' lang='lat' dir='ltr'><strong>In</strong></span> <span class='ocrx_word' id='word_1_167' title='bbox 1213 1765 1280 1808; x_wconf 91' lang='lat' dir='ltr'><strong>die</strong></span> 
     </span>
     <span class='ocr_line' id='line_1_26' title="bbox 247 1835 1275 1890; baseline -0.001 -11"><span class='ocrx_word' id='word_1_168' title='bbox 247 1837 320 1879; x_wconf 89' lang='lat' dir='ltr'><strong>illa</strong></span> <span class='ocrx_word' id='word_1_169' title='bbox 338 1837 460 1879; x_wconf 83' lang='lat' dir='ltr'><strong>radix</strong></span> <span class='ocrx_word' id='word_1_170' title='bbox 480 1836 501 1879; x_wconf 84' lang='lat' dir='ltr'>J</span> <span class='ocrx_word' id='word_1_171' title='bbox 504 1848 614 1887; x_wconf 90' lang='lat' dir='ltr'><strong>esse,</strong></span> <span class='ocrx_word' id='word_1_172' title='bbox 642 1835 716 1889; x_wconf 88' lang='lat' dir='ltr'><strong>qui</strong></span> <span class='ocrx_word' id='word_1_173' title='bbox 740 1837 821 1876; x_wconf 87' lang='lat' dir='ltr'><strong>stat</strong></span> <span class='ocrx_word' id='word_1_174' title='bbox 840 1835 886 1876; x_wconf 90' lang='lat' dir='ltr'><strong>in</strong></span> <span class='ocrx_word' id='word_1_175' title='bbox 905 1835 1079 1888; x_wconf 88' lang='lat' dir='ltr'><strong>signum</strong></span> <span class='ocrx_word' id='word_1_176' title='bbox 1098 1836 1275 1890; x_wconf 91' lang='lat' dir='ltr'><strong>populo-</strong></span> 
     </span>
     <span class='ocr_line' id='line_1_27' title="bbox 247 1906 1278 1961; baseline -0.002 -10"><span class='ocrx_word' id='word_1_177' title='bbox 247 1920 362 1961; x_wconf 88' lang='lat' dir='ltr'><strong>rum,</strong></span> <span class='ocrx_word' id='word_1_178' title='bbox 384 1909 528 1961; x_wconf 91' lang='lat' dir='ltr'><strong>ipsum</strong></span> <span class='ocrx_word' id='word_1_179' title='bbox 548 1909 697 1960; x_wconf 81' lang='lat' dir='ltr'><strong>gentes</strong></span> <span class='ocrx_word' id='word_1_180' title='bbox 717 1906 1070 1960; x_wconf 87' lang='lat' dir='ltr'><strong>deprecabuntur.</strong></span> <span class='ocrx_word' id='word_1_181' title='bbox 1093 1920 1111 1945; x_wconf 67' lang='lat' dir='ltr'><strong>i&gt;</strong></span> <span class='ocrx_word' id='word_1_182' title='bbox 1128 1907 1184 1950; x_wconf 79' lang='lat' dir='ltr'><strong>Et</strong></span> <span class='ocrx_word' id='word_1_183' title='bbox 1204 1906 1278 1950; x_wconf 82' lang='lat' dir='ltr'><strong>hoc</strong></span> 
     </span>
     <span class='ocr_line' id='line_1_28' title="bbox 249 1979 1277 2034; baseline -0.005 -9"><span class='ocrx_word' id='word_1_184' title='bbox 249 1980 364 2025; x_wconf 75' lang='lat' dir='ltr'><strong>vobis</strong></span> <span class='ocrx_word' id='word_1_185' title='bbox 393 1981 589 2034; x_wconf 72' lang='lat' dir='ltr'><strong>siqnu7n3</strong></span> <span class='ocrx_word' id='word_1_186' title='bbox 610 1979 747 2031; x_wconf 78' lang='lat' dir='ltr'><strong>vobis,</strong></span> <span class='ocrx_word' id='word_1_187' title='bbox 779 1979 979 2032; x_wconf 87' lang='lat' dir='ltr'><strong>inquam,</strong></span> <span class='ocrx_word' id='word_1_188' title='bbox 1001 1979 1277 2032; x_wconf 84' lang='lat' dir='ltr'><strong>pauperibuS,</strong></span> 
     </span>
     <span class='ocr_line' id='line_1_29' title="bbox 250 2050 1281 2107; baseline -0.002 -13"><span class='ocrx_word' id='word_1_189' title='bbox 250 2052 363 2107; x_wconf 87' lang='lat' dir='ltr'><strong>quod</strong></span> <span class='ocrx_word' id='word_1_190' title='bbox 389 2052 553 2095; x_wconf 85' lang='lat' dir='ltr'><strong>venerit</strong></span> <span class='ocrx_word' id='word_1_191' title='bbox 584 2062 790 2105; x_wconf 83' lang='lat' dir='ltr'><strong>pauperes</strong></span> <span class='ocrx_word' id='word_1_192' title='bbox 819 2050 1022 2101; x_wconf 81' lang='lat' dir='ltr'><strong>liberare,</strong></span> <span class='ocrx_word' id='word_1_193' title='bbox 1047 2051 1281 2092; x_wconf 88' lang='lat' dir='ltr'><strong>secundum</strong></span> 
     </span>
     <span class='ocr_line' id='line_1_30' title="bbox 248 2121 1282 2175; baseline -0.003 -10"><span class='ocrx_word' id='word_1_194' title='bbox 248 2122 356 2165; x_wconf 83' lang='lat' dir='ltr'><strong>illud</strong></span> <span class='ocrx_word' id='word_1_195' title='bbox 374 2123 415 2165; x_wconf 81' lang='lat'><strong>⁶:</strong></span> <span class='ocrx_word' id='word_1_196' title='bbox 446 2137 465 2161; x_wconf 70' lang='lat' dir='ltr'><strong>a</strong></span> <span class='ocrx_word' id='word_1_197' title='bbox 491 2121 704 2164; x_wconf 87' lang='lat' dir='ltr'><strong>Liberabit</strong></span> <span class='ocrx_word' id='word_1_198' title='bbox 728 2133 958 2175; x_wconf 83' lang='lat' dir='ltr'><strong>pauperem</strong></span> <span class='ocrx_word' id='word_1_199' title='bbox 986 2134 1011 2163; x_wconf 92' lang='lat' dir='ltr'><strong>a</strong></span> <span class='ocrx_word' id='word_1_200' title='bbox 1029 2124 1219 2175; x_wconf 87' lang='lat' dir='ltr'><strong>potente,</strong></span> <span class='ocrx_word' id='word_1_201' title='bbox 1241 2124 1282 2163; x_wconf 93' lang='lat' dir='ltr'><strong>et</strong></span> 
     </span>
     <span class='ocr_line' id='line_1_31' title="bbox 249 2192 1278 2249; baseline -0.001 -13"><span class='ocrx_word' id='word_1_202' title='bbox 249 2204 501 2249; x_wconf 83' lang='lat' dir='ltr'><strong>pauperem,</strong></span> <span class='ocrx_word' id='word_1_203' title='bbox 524 2193 594 2234; x_wconf 92' lang='lat' dir='ltr'><strong>cui</strong></span> <span class='ocrx_word' id='word_1_204' title='bbox 612 2205 700 2234; x_wconf 91' lang='lat' dir='ltr'><strong>non</strong></span> <span class='ocrx_word' id='word_1_205' title='bbox 719 2195 809 2234; x_wconf 89' lang='lat' dir='ltr'><strong>erat</strong></span> <span class='ocrx_word' id='word_1_206' title='bbox 827 2193 1009 2245; x_wconf 73' lang='lat' dir='ltr'><strong>adiutor.</strong></span> <span class='ocrx_word' id='word_1_207' title='bbox 1032 2206 1050 2231; x_wconf 68' lang='grc' dir='ltr'>υ</span> <span class='ocrx_word' id='word_1_208' title='bbox 1080 2192 1189 2240; x_wconf 79' lang='lat' dir='ltr'><strong>Quia</strong></span> <span class='ocrx_word' id='word_1_209' title='bbox 1209 2193 1278 2235; x_wconf 76' lang='lat' dir='ltr'><strong>in-</strong></span> 
     </span>
     <span class='ocr_line' id='line_1_32' title="bbox 250 2263 1283 2317; baseline -0.005 -7"><span class='ocrx_word' id='word_1_210' title='bbox 250 2266 429 2310; x_wconf 73' lang='lat' dir='ltr'><strong>venietis</strong></span> <span class='ocrx_word' id='word_1_211' title='bbox 449 2264 662 2316; x_wconf 76' lang='lat' dir='ltr'><strong>infantem</strong></span> <span class='ocrx_word' id='word_1_212' title='bbox 672 2264 834 2317; x_wconf 75' lang='lat' dir='ltr'><strong>pannis</strong></span> <span class='ocrx_word' id='word_1_213' title='bbox 853 2263 1107 2315; x_wconf 73' lang='lat' dir='ltr'><strong>involutum,</strong></span> <span class='ocrx_word' id='word_1_214' title='bbox 1123 2266 1164 2305; x_wconf 89' lang='lat' dir='ltr'><strong>et</strong></span> <span class='ocrx_word' id='word_1_215' title='bbox 1183 2276 1283 2317; x_wconf 87' lang='lat' dir='ltr'><strong>pau-</strong></span> 
     </span>
     <span class='ocr_line' id='line_1_33' title="bbox 249 2334 1283 2391; baseline -0.003 -12"><span class='ocrx_word' id='word_1_216' title='bbox 249 2349 410 2391; x_wconf 89' lang='lat' dir='ltr'><strong>perem,</strong></span> <span class='ocrx_word' id='word_1_217' title='bbox 433 2339 473 2378; x_wconf 88' lang='lat' dir='ltr'><strong>et</strong></span> <span class='ocrx_word' id='word_1_218' title='bbox 493 2335 736 2377; x_wconf 89' lang='lat' dir='ltr'><strong>mendicum</strong></span> <span class='ocrx_word' id='word_1_219' title='bbox 755 2335 768 2356; x_wconf 78' lang='lat'><strong>⁷</strong></span> <span class='ocrx_word' id='word_1_220' title='bbox 788 2348 797 2377; x_wconf 70' lang='grc' dir='ltr'><strong><em>τ</em></strong></span> <span class='ocrx_word' id='word_1_221' title='bbox 826 2350 845 2375; x_wconf 74' lang='grc' dir='ltr'>α</span> <span class='ocrx_word' id='word_1_222' title='bbox 865 2334 968 2377; x_wconf 86' lang='lat' dir='ltr'><strong>Ecce</strong></span> <span class='ocrx_word' id='word_1_223' title='bbox 988 2334 1078 2376; x_wconf 85' lang='lat' dir='ltr'><strong>Rex</strong></span> <span class='ocrx_word' id='word_1_224' title='bbox 1098 2337 1196 2376; x_wconf 89' lang='lat' dir='ltr'><strong>tuus</strong></span> <span class='ocrx_word' id='word_1_225' title='bbox 1214 2348 1283 2377; x_wconf 90' lang='lat' dir='ltr'><strong>ve-</strong></span> 
     </span>
     <span class='ocr_line' id='line_1_34' title="bbox 250 2406 1284 2460; baseline -0.002 -10"><span class='ocrx_word' id='word_1_226' title='bbox 250 2408 338 2450; x_wconf 91' lang='lat' dir='ltr'><strong>niet</strong></span> <span class='ocrx_word' id='word_1_227' title='bbox 357 2407 432 2450; x_wconf 89' lang='lat' dir='ltr'><strong>tibi</strong></span> <span class='ocrx_word' id='word_1_228' title='bbox 453 2408 598 2460; x_wconf 76' lang='lat' dir='ltr'><strong>Justus</strong></span> <span class='ocrx_word' id='word_1_229' title='bbox 624 2409 664 2448; x_wconf 89' lang='lat' dir='ltr'><strong>et</strong></span> <span class='ocrx_word' id='word_1_230' title='bbox 692 2406 897 2458; x_wconf 84' lang='lat' dir='ltr'><strong>salvator3</strong></span> <span class='ocrx_word' id='word_1_231' title='bbox 928 2407 1018 2460; x_wconf 89' lang='lat' dir='ltr'><strong>ipse</strong></span> <span class='ocrx_word' id='word_1_232' title='bbox 1043 2419 1220 2460; x_wconf 88' lang='lat' dir='ltr'><strong>pauper,</strong></span> <span class='ocrx_word' id='word_1_233' title='bbox 1243 2410 1284 2448; x_wconf 86' lang='lat' dir='ltr'><strong>et</strong></span> 
     </span>
     <span class='ocr_line' id='line_1_35' title="bbox 252 2478 1284 2532; baseline -0.002 -10"><span class='ocrx_word' id='word_1_234' title='bbox 252 2480 477 2522; x_wconf 87' lang='lat' dir='ltr'><strong>ascendens</strong></span> <span class='ocrx_word' id='word_1_235' title='bbox 497 2491 624 2532; x_wconf 90' lang='lat' dir='ltr'><strong>super</strong></span> <span class='ocrx_word' id='word_1_236' title='bbox 644 2479 821 2520; x_wconf 76' lang='lat' dir='ltr'><strong>asinam,</strong></span> <span class='ocrx_word' id='word_1_237' title='bbox 844 2493 862 2517; x_wconf 68' lang='grc' dir='ltr'><strong>ι)</strong></span> <span class='ocrx_word' id='word_1_238' title='bbox 881 2478 1120 2520; x_wconf 89' lang='lat' dir='ltr'><strong>Bernardus</strong></span> <span class='ocrx_word' id='word_1_239' title='bbox 1139 2482 1175 2519; x_wconf 79' lang='lat'><strong>8:</strong></span> <span class='ocrx_word' id='word_1_240' title='bbox 1196 2494 1215 2517; x_wconf 65' lang='grc' dir='ltr'><strong>(ι</strong></span> <span class='ocrx_word' id='word_1_241' title='bbox 1235 2478 1284 2520; x_wconf 93' lang='lat' dir='ltr'><strong>ln</strong></span> 
     </span>
     <span class='ocr_line' id='line_1_36' title="bbox 253 2550 1279 2604; baseline -0.001 -12"><span class='ocrx_word' id='word_1_242' title='bbox 253 2551 429 2604; x_wconf 88' lang='lat' dir='ltr'><strong>signum</strong></span> <span class='ocrx_word' id='word_1_243' title='bbox 448 2550 574 2604; x_wconf 85' lang='lat' dir='ltr'><strong>positi</strong></span> <span class='ocrx_word' id='word_1_244' title='bbox 595 2552 695 2591; x_wconf 89' lang='lat' dir='ltr'><strong>sunt</strong></span> <span class='ocrx_word' id='word_1_245' title='bbox 713 2550 845 2603; x_wconf 88' lang='lat' dir='ltr'><strong>panni</strong></span> <span class='ocrx_word' id='word_1_246' title='bbox 865 2550 943 2602; x_wconf 89' lang='lat' dir='ltr'><strong>tui,</strong></span> <span class='ocrx_word' id='word_1_247' title='bbox 965 2550 1143 2591; x_wconf 90' lang='lat' dir='ltr'><strong>Domine</strong></span> <span class='ocrx_word' id='word_1_248' title='bbox 1161 2550 1279 2602; x_wconf 88' lang='lat' dir='ltr'><strong>Jesu;</strong></span> 
     </span>
     <span class='ocr_line' id='line_1_37' title="bbox 255 2621 1284 2674; baseline -0.002 -10"><span class='ocrx_word' id='word_1_249' title='bbox 255 2622 327 2664; x_wconf 91' lang='lat' dir='ltr'><strong>sed</strong></span> <span class='ocrx_word' id='word_1_250' title='bbox 346 2622 392 2662; x_wconf 90' lang='lat' dir='ltr'><strong>in</strong></span> <span class='ocrx_word' id='word_1_251' title='bbox 412 2622 609 2674; x_wconf 84' lang='lat' dir='ltr'><strong>signum,</strong></span> <span class='ocrx_word' id='word_1_252' title='bbox 632 2622 700 2663; x_wconf 90' lang='lat' dir='ltr'><strong>cui</strong></span> <span class='ocrx_word' id='word_1_253' title='bbox 718 2622 843 2663; x_wconf 89' lang='lat' dir='ltr'><strong>hodie</strong></span> <span class='ocrx_word' id='word_1_254' title='bbox 863 2633 887 2662; x_wconf 91' lang='lat' dir='ltr'><strong>a</strong></span> <span class='ocrx_word' id='word_1_255' title='bbox 903 2621 1050 2662; x_wconf 90' lang='lat' dir='ltr'><strong>multis</strong></span> <span class='ocrx_word' id='word_1_256' title='bbox 1069 2622 1284 2663; x_wconf 86' lang='lat' dir='ltr'><strong>contradi-</strong></span> 
     </span>
     <span class='ocr_line' id='line_1_38' title="bbox 255 2692 1284 2745; baseline 0.001 -11"><span class='ocrx_word' id='word_1_257' title='bbox 255 2694 377 2734; x_wconf 86' lang='lat' dir='ltr'><strong>citur.</strong></span> <span class='ocrx_word' id='word_1_258' title='bbox 396 2696 464 2731; x_wconf 64' lang='grc' dir='ltr'><strong>»θα</strong></span> <span class='ocrx_word' id='word_1_259' title='bbox 481 2692 600 2734; x_wconf 85' lang='lat' dir='ltr'><strong>Multi</strong></span> <span class='ocrx_word' id='word_1_260' title='bbox 617 2692 733 2734; x_wconf 91' lang='lat' dir='ltr'><strong>enim</strong></span> <span class='ocrx_word' id='word_1_261' title='bbox 753 2695 851 2734; x_wconf 89' lang='lat' dir='ltr'><strong>sunt</strong></span> <span class='ocrx_word' id='word_1_262' title='bbox 869 2693 1021 2743; x_wconf 86' lang='lat' dir='ltr'><strong>vocati,</strong></span> <span class='ocrx_word' id='word_1_263' title='bbox 1040 2693 1162 2745; x_wconf 89' lang='lat' dir='ltr'><strong>pauci</strong></span> <span class='ocrx_word' id='word_1_264' title='bbox 1183 2705 1284 2735; x_wconf 84' lang='lat' dir='ltr'><strong>vero</strong></span> 
     </span>
     <span class='ocr_line' id='line_1_39' title="bbox 255 2764 1285 2817; baseline 0.001 -11"><span class='ocrx_word' id='word_1_265' title='bbox 255 2764 396 2815; x_wconf 86' lang='lat' dir='ltr'><strong>electi;</strong></span> <span class='ocrx_word' id='word_1_266' title='bbox 419 2778 438 2803; x_wconf 83' lang='lat'><strong>›&gt;</strong></span> <span class='ocrx_word' id='word_1_267' title='bbox 451 2767 491 2806; x_wconf 88' lang='lat' dir='ltr'><strong>et</strong></span> <span class='ocrx_word' id='word_1_268' title='bbox 511 2764 603 2805; x_wconf 90' lang='lat' dir='ltr'><strong>ideo</strong></span> <span class='ocrx_word' id='word_1_269' title='bbox 618 2776 695 2805; x_wconf 92' lang='lat' dir='ltr'><strong>nec</strong></span> <span class='ocrx_word' id='word_1_270' title='bbox 715 2764 887 2817; x_wconf 86' lang='lat' dir='ltr'><strong>signati.</strong></span> <span class='ocrx_word' id='word_1_271' title='bbox 912 2764 1002 2806; x_wconf 84' lang='lat' dir='ltr'><strong>Erit</strong></span> <span class='ocrx_word' id='word_1_272' title='bbox 1021 2765 1147 2806; x_wconf 84' lang='lat' dir='ltr'><strong>etiam</strong></span> <span class='ocrx_word' id='word_1_273' title='bbox 1163 2766 1285 2807; x_wconf 88' lang='lat' dir='ltr'><strong>vobis</strong></span> 
     </span>
     <span class='ocr_line' id='line_1_40' title="bbox 255 2835 1286 2888; baseline 0.001 -11"><span class='ocrx_word' id='word_1_274' title='bbox 255 2835 492 2877; x_wconf 84' lang='lat' dir='ltr'><strong>humilibus</strong></span> <span class='ocrx_word' id='word_1_275' title='bbox 521 2835 695 2888; x_wconf 88' lang='lat' dir='ltr'><strong>signum</strong></span> <span class='ocrx_word' id='word_1_276' title='bbox 709 2867 722 2886; x_wconf 91' lang='lat'><strong>,</strong></span> <span class='ocrx_word' id='word_1_277' title='bbox 757 2835 871 2888; x_wconf 88' lang='lat' dir='ltr'><strong>quod</strong></span> <span class='ocrx_word' id='word_1_278' title='bbox 906 2836 1072 2876; x_wconf 85' lang='lat' dir='ltr'><strong>venerit</strong></span> <span class='ocrx_word' id='word_1_279' title='bbox 1107 2836 1286 2878; x_wconf 87' lang='lat' dir='ltr'><strong>liberare</strong></span> 
     </span>
     <span class='ocr_line' id='line_1_41' title="bbox 254 2905 1284 2960; baseline 0.002 -13"><span class='ocrx_word' id='word_1_280' title='bbox 254 2905 462 2957; x_wconf 83' lang='lat' dir='ltr'><strong>humileS,</strong></span> <span class='ocrx_word' id='word_1_281' title='bbox 485 2906 719 2948; x_wconf 86' lang='lat' dir='ltr'><strong>secundum</strong></span> <span class='ocrx_word' id='word_1_282' title='bbox 738 2906 843 2948; x_wconf 91' lang='lat' dir='ltr'><strong>illud</strong></span> <span class='ocrx_word' id='word_1_283' title='bbox 866 2906 893 2928; x_wconf 80' lang='lat'><strong>¹0</strong></span> <span class='ocrx_word' id='word_1_284' title='bbox 910 2920 950 2946; x_wconf 80' lang='lat'><strong>2«</strong></span> <span class='ocrx_word' id='word_1_285' title='bbox 969 2905 1179 2960; x_wconf 89' lang='lat' dir='ltr'><strong>Populum</strong></span> <span class='ocrx_word' id='word_1_286' title='bbox 1198 2907 1284 2949; x_wconf 87' lang='lat' dir='ltr'><strong>hu—</strong></span> 
     </span>
     <span class='ocr_line' id='line_1_42' title="bbox 256 2975 1283 3030; baseline 0 -12"><span class='ocrx_word' id='word_1_287' title='bbox 256 2977 404 3018; x_wconf 87' lang='lat' dir='ltr'><strong>milem</strong></span> <span class='ocrx_word' id='word_1_288' title='bbox 431 2975 600 3018; x_wconf 87' lang='lat' dir='ltr'><strong>salvum</strong></span> <span class='ocrx_word' id='word_1_289' title='bbox 628 2977 771 3028; x_wconf 83' lang='lat' dir='ltr'><strong>facies,</strong></span> <span class='ocrx_word' id='word_1_290' title='bbox 799 2991 817 3015; x_wconf 86' lang='grc'>»</span> <span class='ocrx_word' id='word_1_291' title='bbox 843 2977 887 3017; x_wconf 90' lang='lat' dir='ltr'><strong>in</strong></span> <span class='ocrx_word' id='word_1_292' title='bbox 910 2977 1010 3028; x_wconf 88' lang='lat' dir='ltr'><strong>hoc,</strong></span> <span class='ocrx_word' id='word_1_293' title='bbox 1041 2977 1153 3030; x_wconf 90' lang='lat' dir='ltr'><strong>quod</strong></span> <span class='ocrx_word' id='word_1_294' title='bbox 1182 2978 1283 3019; x_wconf 91' lang='lat' dir='ltr'><strong>sub-</strong></span> 
     </span>
     <span class='ocr_line' id='line_1_43' title="bbox 256 3047 1286 3102; baseline 0 -12"><span class='ocrx_word' id='word_1_295' title='bbox 256 3049 397 3090; x_wconf 85' lang='lat' dir='ltr'><strong>ditur:</strong></span> <span class='ocrx_word' id='word_1_296' title='bbox 430 3047 485 3090; x_wconf 80' lang='lat' dir='ltr'><strong>Ec</strong></span> <span class='ocrx_word' id='word_1_297' title='bbox 512 3049 701 3100; x_wconf 68' lang='lat' dir='ltr'><strong>positum</strong></span> <span class='ocrx_word' id='word_1_298' title='bbox 729 3049 777 3090; x_wconf 77' lang='lat' dir='ltr'><strong>in</strong></span> <span class='ocrx_word' id='word_1_299' title='bbox 803 3049 1036 3102; x_wconf 77' lang='lat' dir='ltr'><strong>prcesepz‘o;</strong></span> <span class='ocrx_word' id='word_1_300' title='bbox 1060 3060 1154 3090; x_wconf 90' lang='lat' dir='ltr'><strong>ecce</strong></span> <span class='ocrx_word' id='word_1_301' title='bbox 1177 3049 1286 3090; x_wconf 88' lang='lat' dir='ltr'><strong>mira</strong></span> 
     </span>
    </p>
   </div>
   <div class='ocr_carea' id='block_1_3' title="bbox 299 3154 1284 3195">
    <p class='ocr_par' dir='ltr' id='par_1_4' title="bbox 299 3154 1284 3195">
     <span class='ocr_line' id='line_1_44' title="bbox 299 3154 1284 3195; baseline -0.001 -7"><span class='ocrx_word' id='word_1_302' title='bbox 299 3158 309 3177; x_wconf 89' lang='lat'><strong>¹</strong></span> <span class='ocrx_word' id='word_1_303' title='bbox 331 3154 465 3194; x_wconf 58' lang='lat' dir='ltr'><strong>Manli„</strong></span> <span class='ocrx_word' id='word_1_304' title='bbox 492 3161 597 3192; x_wconf 69' lang='lat' dir='ltr'><strong>xvim,</strong></span> <span class='ocrx_word' id='word_1_305' title='bbox 631 3157 679 3186; x_wconf 80' lang='grc'><strong>16.</strong></span> <span class='ocrx_word' id='word_1_306' title='bbox 706 3171 743 3177; x_wconf 92' lang='grc'><strong>-</strong></span> <span class='ocrx_word' id='word_1_307' title='bbox 771 3155 781 3174; x_wconf 90' lang='lat'>²</span> <span class='ocrx_word' id='word_1_308' title='bbox 809 3156 817 3185; x_wconf 87' lang='lat' dir='ltr'><strong>l</strong></span> <span class='ocrx_word' id='word_1_309' title='bbox 848 3155 938 3195; x_wconf 60' lang='lat' dir='ltr'><strong>Corn,</strong></span> <span class='ocrx_word' id='word_1_310' title='bbox 968 3164 994 3195; x_wconf 83' lang='lat'><strong>1,</strong></span> <span class='ocrx_word' id='word_1_311' title='bbox 1020 3157 1071 3186; x_wconf 75' lang='lat'><strong>22.</strong></span> <span class='ocrx_word' id='word_1_312' title='bbox 1092 3173 1131 3178; x_wconf 93' lang='lat'>—</span> <span class='ocrx_word' id='word_1_313' title='bbox 1155 3157 1168 3178; x_wconf 77' lang='lat'><strong>⁸</strong></span> <span class='ocrx_word' id='word_1_314' title='bbox 1192 3155 1284 3188; x_wconf 78' lang='lat' dir='ltr'><strong>Psal.</strong></span> 
     </span>
    </p>
   </div>
   <div class='ocr_carea' id='block_1_4' title="bbox 258 3201 1287 3337">
    <p class='ocr_par' dir='ltr' id='par_1_5' title="bbox 258 3201 1287 3337">
     <span class='ocr_line' id='line_1_45' title="bbox 258 3201 1286 3243; baseline -0.001 -8"><span class='ocrx_word' id='word_1_315' title='bbox 258 3210 385 3243; x_wconf 79' lang='lat' dir='ltr'><strong>Lxxxv,</strong></span> <span class='ocrx_word' id='word_1_316' title='bbox 417 3204 466 3234; x_wconf 85' lang='lat'><strong>1‘1.</strong></span> <span class='ocrx_word' id='word_1_317' title='bbox 493 3219 533 3225; x_wconf 90' lang='lat'><em>-</em></span> <span class='ocrx_word' id='word_1_318' title='bbox 561 3201 574 3223; x_wconf 60' lang='grc' dir='ltr'>δ</span> <span class='ocrx_word' id='word_1_319' title='bbox 594 3202 671 3240; x_wconf 69' lang='grc' dir='ltr'><strong><em>[εα.,</em></strong></span> <span class='ocrx_word' id='word_1_320' title='bbox 697 3209 763 3241; x_wconf 81' lang='lat' dir='ltr'><strong>vu,</strong></span> <span class='ocrx_word' id='word_1_321' title='bbox 793 3205 842 3234; x_wconf 81' lang='lat' dir='ltr'><strong>tt.</strong></span> <span class='ocrx_word' id='word_1_322' title='bbox 870 3220 909 3225; x_wconf 96' lang='lat'><strong>—</strong></span> <span class='ocrx_word' id='word_1_323' title='bbox 934 3203 947 3225; x_wconf 64' lang='grc' dir='ltr'>ὃ</span> <span class='ocrx_word' id='word_1_324' title='bbox 976 3204 1054 3243; x_wconf 72' lang='grc' dir='ltr'><em>Ιεα.,</em></span> <span class='ocrx_word' id='word_1_325' title='bbox 1082 3211 1136 3242; x_wconf 76' lang='lat' dir='ltr'><strong>xi,</strong></span> <span class='ocrx_word' id='word_1_326' title='bbox 1168 3205 1217 3235; x_wconf 90' lang='lat'><strong>10.</strong></span> <span class='ocrx_word' id='word_1_327' title='bbox 1245 3220 1286 3227; x_wconf 92' lang='lat'><em>-</em></span> 
     </span>
     <span class='ocr_line' id='line_1_46' title="bbox 260 3248 1287 3291; baseline 0.001 -10"><span class='ocrx_word' id='word_1_328' title='bbox 260 3251 272 3269; x_wconf 79' lang='lat'><strong>⁶</strong></span> <span class='ocrx_word' id='word_1_329' title='bbox 292 3250 383 3281; x_wconf 81' lang='lat' dir='ltr'><strong>Psal.</strong></span> <span class='ocrx_word' id='word_1_330' title='bbox 412 3256 512 3289; x_wconf 75' lang='lat' dir='ltr'><strong>LXXI,</strong></span> <span class='ocrx_word' id='word_1_331' title='bbox 539 3250 589 3281; x_wconf 82' lang='lat'><strong>12.</strong></span> <span class='ocrx_word' id='word_1_332' title='bbox 614 3265 653 3272; x_wconf 91' lang='lat'>—</span> <span class='ocrx_word' id='word_1_333' title='bbox 684 3248 694 3269; x_wconf 89' lang='lat'>⁷</span> <span class='ocrx_word' id='word_1_334' title='bbox 728 3248 841 3285; x_wconf 69' lang='lat' dir='ltr'><strong>Zach„</strong></span> <span class='ocrx_word' id='word_1_335' title='bbox 869 3258 922 3289; x_wconf 78' lang='lat' dir='ltr'><strong>lx,</strong></span> <span class='ocrx_word' id='word_1_336' title='bbox 950 3252 981 3281; x_wconf 89' lang='lat'><strong>9.</strong></span> <span class='ocrx_word' id='word_1_337' title='bbox 1002 3267 1041 3273; x_wconf 92' lang='lat'><strong>—</strong></span> <span class='ocrx_word' id='word_1_338' title='bbox 1068 3249 1081 3271; x_wconf 68' lang='grc' dir='ltr'><strong>Β</strong></span> <span class='ocrx_word' id='word_1_339' title='bbox 1109 3250 1225 3291; x_wconf 88' lang='lat' dir='ltr'><strong>Bern.,</strong></span> <span class='ocrx_word' id='word_1_340' title='bbox 1248 3251 1287 3282; x_wconf 81' lang='lat' dir='ltr'><strong>de</strong></span> 
     </span>
     <span class='ocr_line' id='line_1_47' title="bbox 258 3296 1285 3337; baseline 0 -8"><span class='ocrx_word' id='word_1_341' title='bbox 258 3297 371 3330; x_wconf 84' lang='lat' dir='ltr'><strong>Nativ.</strong></span> <span class='ocrx_word' id='word_1_342' title='bbox 411 3297 523 3334; x_wconf 66' lang='lat' dir='ltr'><strong>Dom„</strong></span> <span class='ocrx_word' id='word_1_343' title='bbox 561 3304 663 3329; x_wconf 88' lang='lat' dir='ltr'><strong>serm.</strong></span> <span class='ocrx_word' id='word_1_344' title='bbox 698 3304 743 3328; x_wconf 76' lang='lat' dir='ltr'><strong>lv.</strong></span> <span class='ocrx_word' id='word_1_345' title='bbox 773 3313 813 3320; x_wconf 93' lang='lat'><strong>—</strong></span> <span class='ocrx_word' id='word_1_346' title='bbox 844 3297 856 3315; x_wconf 80' lang='lat'><strong>⁹</strong></span> <span class='ocrx_word' id='word_1_347' title='bbox 891 3296 1022 3336; x_wconf 65' lang='lat' dir='ltr'><strong>Manli„</strong></span> <span class='ocrx_word' id='word_1_348' title='bbox 1060 3304 1129 3337; x_wconf 78' lang='lat' dir='ltr'><strong>xx,</strong></span> <span class='ocrx_word' id='word_1_349' title='bbox 1161 3300 1212 3329; x_wconf 78' lang='lat'><strong>16.</strong></span> <span class='ocrx_word' id='word_1_350' title='bbox 1247 3315 1285 3322; x_wconf 90' lang='lat'><strong>--</strong></span> 
     </span>
    </p>
   </div>
   <div class='ocr_carea' id='block_1_5' title="bbox 260 3343 1285 3386">
    <p class='ocr_par' dir='ltr' id='par_1_6' title="bbox 260 3343 1285 3386">
     <span class='ocr_line' id='line_1_48' title="bbox 260 3343 1285 3386; baseline 0.001 -10"><span class='ocrx_word' id='word_1_351' title='bbox 260 3344 284 3366; x_wconf 85' lang='lat'><strong>1⁰</strong></span> <span class='ocrx_word' id='word_1_352' title='bbox 305 3343 398 3376; x_wconf 79' lang='grc' dir='ltr'><strong><em>Ρεαί.</em></strong></span> <span class='ocrx_word' id='word_1_353' title='bbox 416 3351 502 3386; x_wconf 81' lang='lat' dir='ltr'><strong>xvu,</strong></span> <span class='ocrx_word' id='word_1_354' title='bbox 522 3345 573 3376; x_wconf 83' lang='lat'><strong>28.</strong></span> <span class='ocrx_word' id='word_1_355' title='bbox 595 3361 635 3368; x_wconf 94' lang='lat'>—</span> <span class='ocrx_word' id='word_1_356' title='bbox 655 3344 679 3366; x_wconf 83' lang='lat'><strong>11</strong></span> <span class='ocrx_word' id='word_1_357' title='bbox 697 3345 777 3383; x_wconf 65' lang='lat' dir='ltr'><strong>lsa„</strong></span> <span class='ocrx_word' id='word_1_358' title='bbox 794 3351 871 3384; x_wconf 77' lang='lat' dir='ltr'><strong>Lm,</strong></span> <span class='ocrx_word' id='word_1_359' title='bbox 892 3345 924 3375; x_wconf 81' lang='lat'><strong>2.</strong></span> <span class='ocrx_word' id='word_1_360' title='bbox 944 3361 983 3367; x_wconf 88' lang='lat'><em>-</em></span> <span class='ocrx_word' id='word_1_361' title='bbox 1003 3343 1029 3365; x_wconf 72' lang='lat'><strong>12</strong></span> <span class='ocrx_word' id='word_1_362' title='bbox 1049 3343 1138 3376; x_wconf 80' lang='lat' dir='ltr'><strong>Psal.</strong></span> <span class='ocrx_word' id='word_1_363' title='bbox 1160 3352 1234 3386; x_wconf 78' lang='lat' dir='ltr'><strong>xxi,</strong></span> <span class='ocrx_word' id='word_1_364' title='bbox 1254 3347 1285 3377; x_wconf 85' lang='lat'><strong>7.</strong></span> 
     </span>
    </p>
   </div>
   <div class='ocr_carea' id='block_1_6' title="bbox 976 42 1653 85">
    <p class='ocr_par' dir='ltr' id='par_1_7' title="bbox 976 42 1653 85">
     <span class='ocr_line' id='line_1_49' title="bbox 976 42 1653 85; baseline 0 -1"><span class='ocrx_word' id='word_1_365' title='bbox 976 42 1258 85; x_wconf 86' lang='lat' dir='ltr'><strong>EVANGELII</strong></span> <span class='ocrx_word' id='word_1_366' title='bbox 1288 42 1474 84; x_wconf 88' lang='lat' dir='ltr'><strong>SANCTI</strong></span> <span class='ocrx_word' id='word_1_367' title='bbox 1504 42 1653 85; x_wconf 89' lang='lat' dir='ltr'><strong>LUCAE</strong></span> 
     </span>
    </p>
   </div>
   <div class='ocr_carea' id='block_1_7' title="bbox 1347 130 2393 3165">
    <p class='ocr_par' dir='ltr' id='par_1_8' title="bbox 1347 130 2393 3165">
     <span class='ocr_line' id='line_1_50' title="bbox 1347 130 2374 184; baseline 0.002 -11"><span class='ocrx_word' id='word_1_368' title='bbox 1347 132 1588 183; x_wconf 81' lang='lat' dir='ltr'><strong>humilitaS,</strong></span> <span class='ocrx_word' id='word_1_369' title='bbox 1624 131 1738 184; x_wconf 90' lang='lat' dir='ltr'><strong>quod</strong></span> <span class='ocrx_word' id='word_1_370' title='bbox 1772 130 1975 173; x_wconf 90' lang='lat' dir='ltr'><strong>Dominus</strong></span> <span class='ocrx_word' id='word_1_371' title='bbox 2013 132 2219 175; x_wconf 86' lang='lat' dir='ltr'><strong>coelorum</strong></span> <span class='ocrx_word' id='word_1_372' title='bbox 2255 134 2374 175; x_wconf 89' lang='lat' dir='ltr'><strong>incli-</strong></span> 
     </span>
     <span class='ocr_line' id='line_1_51' title="bbox 1347 201 2375 255; baseline 0.002 -11"><span class='ocrx_word' id='word_1_373' title='bbox 1347 204 1465 245; x_wconf 89' lang='lat' dir='ltr'><strong>navit</strong></span> <span class='ocrx_word' id='word_1_374' title='bbox 1484 216 1527 244; x_wconf 93' lang='lat' dir='ltr'><strong>se</strong></span> <span class='ocrx_word' id='word_1_375' title='bbox 1550 214 1686 255; x_wconf 89' lang='lat' dir='ltr'><strong>usque</strong></span> <span class='ocrx_word' id='word_1_376' title='bbox 1711 201 1762 241; x_wconf 85' lang='lat' dir='ltr'><strong>ad</strong></span> <span class='ocrx_word' id='word_1_377' title='bbox 1782 212 1972 254; x_wconf 87' lang='lat' dir='ltr'><strong>praesepe</strong></span> <span class='ocrx_word' id='word_1_378' title='bbox 1989 203 2240 245; x_wconf 87' lang='lat' dir='ltr'><strong>animalium</strong></span> <span class='ocrx_word' id='word_1_379' title='bbox 2272 205 2375 246; x_wconf 88' lang='lat' dir='ltr'><strong>bru·</strong></span> 
     </span>
     <span class='ocr_line' id='line_1_52' title="bbox 1347 272 2374 329; baseline 0.004 -16"><span class='ocrx_word' id='word_1_380' title='bbox 1347 275 1502 314; x_wconf 85' lang='lat' dir='ltr'><strong>torum.</strong></span> <span class='ocrx_word' id='word_1_381' title='bbox 1528 274 1552 295; x_wconf 87' lang='lat'><strong>¹¹</strong></span> <span class='ocrx_word' id='word_1_382' title='bbox 1581 272 1794 313; x_wconf 81' lang='lat' dir='ltr'><strong>«Vidimus</strong></span> <span class='ocrx_word' id='word_1_383' title='bbox 1815 283 1934 323; x_wconf 89' lang='lat' dir='ltr'><strong>eum,</strong></span> <span class='ocrx_word' id='word_1_384' title='bbox 1959 274 2000 312; x_wconf 90' lang='lat' dir='ltr'><strong>et</strong></span> <span class='ocrx_word' id='word_1_385' title='bbox 2018 285 2103 314; x_wconf 91' lang='lat' dir='ltr'><strong>non</strong></span> <span class='ocrx_word' id='word_1_386' title='bbox 2123 277 2213 316; x_wconf 87' lang='lat' dir='ltr'><strong>erat</strong></span> <span class='ocrx_word' id='word_1_387' title='bbox 2231 287 2374 329; x_wconf 86' lang='lat' dir='ltr'><strong>aspec-</strong></span> 
     </span>
     <span class='ocr_line' id='line_1_53' title="bbox 1347 342 2378 397; baseline 0.005 -13"><span class='ocrx_word' id='word_1_388' title='bbox 1347 345 1438 394; x_wconf 91' lang='lat' dir='ltr'><strong>tus,</strong></span> <span class='ocrx_word' id='word_1_389' title='bbox 1464 347 1505 385; x_wconf 87' lang='lat' dir='ltr'><strong>et</strong></span> <span class='ocrx_word' id='word_1_390' title='bbox 1523 342 1856 384; x_wconf 88' lang='lat' dir='ltr'><strong>desideravimus</strong></span> <span class='ocrx_word' id='word_1_391' title='bbox 1883 354 2009 383; x_wconf 88' lang='lat' dir='ltr'><strong>eum:</strong></span> <span class='ocrx_word' id='word_1_392' title='bbox 2041 343 2305 397; x_wconf 81' lang='lat' dir='ltr'><strong>despectum,</strong></span> <span class='ocrx_word' id='word_1_393' title='bbox 2337 350 2378 389; x_wconf 88' lang='lat' dir='ltr'><strong>et</strong></span> 
     </span>
     <span class='ocr_line' id='line_1_54' title="bbox 1348 412 2378 464; baseline 0.005 -10"><span class='ocrx_word' id='word_1_394' title='bbox 1348 414 1633 455; x_wconf 88' lang='lat' dir='ltr'><strong>novissimum</strong></span> <span class='ocrx_word' id='word_1_395' title='bbox 1658 414 1876 464; x_wconf 88' lang='lat' dir='ltr'><strong>virorum,</strong></span> <span class='ocrx_word' id='word_1_396' title='bbox 1900 427 1919 450; x_wconf 71' lang='lat'><strong>&gt;³</strong></span> <span class='ocrx_word' id='word_1_397' title='bbox 1944 415 2022 453; x_wconf 88' lang='lat' dir='ltr'><strong>etc.</strong></span> <span class='ocrx_word' id='word_1_398' title='bbox 2049 412 2163 455; x_wconf 88' lang='lat' dir='ltr'><strong>Unde</strong></span> <span class='ocrx_word' id='word_1_399' title='bbox 2184 415 2229 456; x_wconf 91' lang='lat' dir='ltr'><strong>in</strong></span> <span class='ocrx_word' id='word_1_400' title='bbox 2257 417 2378 459; x_wconf 81' lang='lat' dir='ltr'><strong>Psal-</strong></span> 
     </span>
     <span class='ocr_line' id='line_1_55' title="bbox 1348 484 2379 537; baseline 0.002 -12"><span class='ocrx_word' id='word_1_401' title='bbox 1348 495 1413 527; x_wconf 81' lang='lat' dir='ltr'><strong>mo</strong></span> <span class='ocrx_word' id='word_1_402' title='bbox 1440 485 1499 525; x_wconf 67' lang='lat'><strong>¹¹:</strong></span> <span class='ocrx_word' id='word_1_403' title='bbox 1528 500 1547 524; x_wconf 77' lang='lat' dir='ltr'><strong>c&lt;</strong></span> <span class='ocrx_word' id='word_1_404' title='bbox 1567 485 1660 537; x_wconf 88' lang='lat' dir='ltr'><strong>Ego</strong></span> <span class='ocrx_word' id='word_1_405' title='bbox 1695 487 1838 525; x_wconf 86' lang='lat' dir='ltr'><strong>autem</strong></span> <span class='ocrx_word' id='word_1_406' title='bbox 1871 495 1967 524; x_wconf 95' lang='lat' dir='ltr'><strong>sum</strong></span> <span class='ocrx_word' id='word_1_407' title='bbox 2005 484 2179 534; x_wconf 87' lang='lat' dir='ltr'><strong>vermis,</strong></span> <span class='ocrx_word' id='word_1_408' title='bbox 2218 488 2259 526; x_wconf 90' lang='lat' dir='ltr'><strong>et</strong></span> <span class='ocrx_word' id='word_1_409' title='bbox 2292 498 2379 527; x_wconf 91' lang='lat' dir='ltr'><strong>non</strong></span> 
     </span>
     <span class='ocr_line' id='line_1_56' title="bbox 1348 555 2379 609; baseline 0 -12"><span class='ocrx_word' id='word_1_410' title='bbox 1348 556 1498 607; x_wconf 91' lang='lat' dir='ltr'><strong>homo,</strong></span> <span class='ocrx_word' id='word_1_411' title='bbox 1526 556 1804 609; x_wconf 88' lang='lat' dir='ltr'><strong>opprobrium</strong></span> <span class='ocrx_word' id='word_1_412' title='bbox 1840 555 2089 605; x_wconf 89' lang='lat' dir='ltr'><strong>hominum,</strong></span> <span class='ocrx_word' id='word_1_413' title='bbox 2127 557 2168 595; x_wconf 91' lang='lat' dir='ltr'><strong>et</strong></span> <span class='ocrx_word' id='word_1_414' title='bbox 2203 556 2379 609; x_wconf 75' lang='lat' dir='ltr'><strong>abJectio</strong></span> 
     </span>
     <span class='ocr_line' id='line_1_57' title="bbox 1349 626 2378 680; baseline 0.001 -13"><span class='ocrx_word' id='word_1_415' title='bbox 1349 627 1495 680; x_wconf 88' lang='lat' dir='ltr'><strong>plebis.</strong></span> <span class='ocrx_word' id='word_1_416' title='bbox 1519 642 1536 664; x_wconf 76' lang='lat'><strong>›)</strong></span> <span class='ocrx_word' id='word_1_417' title='bbox 1562 626 1613 668; x_wconf 85' lang='lat' dir='ltr'><strong>Et</strong></span> <span class='ocrx_word' id='word_1_418' title='bbox 1634 630 1755 677; x_wconf 86' lang='lat' dir='ltr'><strong>nota,</strong></span> <span class='ocrx_word' id='word_1_419' title='bbox 1789 626 1903 679; x_wconf 89' lang='lat' dir='ltr'><strong>quod</strong></span> <span class='ocrx_word' id='word_1_420' title='bbox 1924 628 2109 678; x_wconf 86' lang='lat' dir='ltr'><strong>pastores</strong></span> <span class='ocrx_word' id='word_1_421' title='bbox 2134 630 2253 667; x_wconf 88' lang='lat' dir='ltr'><strong>erant</strong></span> <span class='ocrx_word' id='word_1_422' title='bbox 2273 639 2378 680; x_wconf 88' lang='lat' dir='ltr'><strong>pau-</strong></span> 
     </span>
     <span class='ocr_line' id='line_1_58' title="bbox 1348 697 2381 751; baseline 0 -13"><span class='ocrx_word' id='word_1_423' title='bbox 1348 709 1483 750; x_wconf 82' lang='lat' dir='ltr'><strong>pereS,</strong></span> <span class='ocrx_word' id='word_1_424' title='bbox 1506 698 1740 751; x_wconf 81' lang='lat' dir='ltr'><strong>simpliceS,</strong></span> <span class='ocrx_word' id='word_1_425' title='bbox 1763 699 1804 738; x_wconf 92' lang='lat' dir='ltr'><strong>et</strong></span> <span class='ocrx_word' id='word_1_426' title='bbox 1822 697 2171 749; x_wconf 81' lang='lat' dir='ltr'><strong>contemptibiles,</strong></span> <span class='ocrx_word' id='word_1_427' title='bbox 2194 697 2305 747; x_wconf 87' lang='lat' dir='ltr'><strong>ideo,</strong></span> <span class='ocrx_word' id='word_1_428' title='bbox 2328 710 2381 738; x_wconf 90' lang='lat' dir='ltr'><strong>ne</strong></span> 
     </span>
     <span class='ocr_line' id='line_1_59' title="bbox 1348 767 2381 826; baseline 0.001 -18"><span class='ocrx_word' id='word_1_429' title='bbox 1348 768 1546 810; x_wconf 84' lang='lat' dir='ltr'><strong>timerent</strong></span> <span class='ocrx_word' id='word_1_430' title='bbox 1575 769 1771 809; x_wconf 84' lang='lat' dir='ltr'><strong>accedere</strong></span> <span class='ocrx_word' id='word_1_431' title='bbox 1790 801 1799 819; x_wconf 84' lang='lat'><strong>,</strong></span> <span class='ocrx_word' id='word_1_432' title='bbox 1830 769 1976 809; x_wconf 84' lang='lat' dir='ltr'><strong>datum</strong></span> <span class='ocrx_word' id='word_1_433' title='bbox 1995 770 2055 808; x_wconf 86' lang='lat' dir='ltr'><strong>est</strong></span> <span class='ocrx_word' id='word_1_434' title='bbox 2074 768 2133 808; x_wconf 91' lang='lat' dir='ltr'><strong>eis</strong></span> <span class='ocrx_word' id='word_1_435' title='bbox 2155 768 2199 826; x_wconf 86' lang='lat' dir='ltr'><strong>in</strong></span> <span class='ocrx_word' id='word_1_436' title='bbox 2219 767 2381 809; x_wconf 82' lang='lat' dir='ltr'><strong>Christo</strong></span> 
     </span>
     <span class='ocr_line' id='line_1_60' title="bbox 1348 839 2378 892; baseline 0.002 -13"><span class='ocrx_word' id='word_1_437' title='bbox 1348 839 1536 880; x_wconf 86' lang='lat' dir='ltr'><strong>infantiae</strong></span> <span class='ocrx_word' id='word_1_438' title='bbox 1557 841 1747 891; x_wconf 89' lang='lat' dir='ltr'><strong>signum,</strong></span> <span class='ocrx_word' id='word_1_439' title='bbox 1766 839 2038 892; x_wconf 82' lang='lat' dir='ltr'><strong>paupertatis,</strong></span> <span class='ocrx_word' id='word_1_440' title='bbox 2055 841 2096 879; x_wconf 89' lang='lat' dir='ltr'><strong>et</strong></span> <span class='ocrx_word' id='word_1_441' title='bbox 2114 839 2378 881; x_wconf 86' lang='lat' dir='ltr'><strong>humilitatis.</strong></span> 
     </span>
     <span class='ocr_line' id='line_1_61' title="bbox 1349 909 2382 964; baseline 0.001 -13"><span class='ocrx_word' id='word_1_442' title='bbox 1349 909 1398 951; x_wconf 90' lang='lat' dir='ltr'><strong>Et</strong></span> <span class='ocrx_word' id='word_1_443' title='bbox 1424 911 1469 950; x_wconf 93' lang='lat' dir='ltr'><strong>in</strong></span> <span class='ocrx_word' id='word_1_444' title='bbox 1487 911 1567 951; x_wconf 84' lang='lat' dir='ltr'><strong>hoc</strong></span> <span class='ocrx_word' id='word_1_445' title='bbox 1598 910 1876 962; x_wconf 81' lang='lat' dir='ltr'><strong>significatur,</strong></span> <span class='ocrx_word' id='word_1_446' title='bbox 1898 910 2095 962; x_wconf 87' lang='lat' dir='ltr'><strong>qualiter,</strong></span> <span class='ocrx_word' id='word_1_447' title='bbox 2123 913 2161 950; x_wconf 90' lang='lat' dir='ltr'><strong>et</strong></span> <span class='ocrx_word' id='word_1_448' title='bbox 2185 923 2209 950; x_wconf 87' lang='lat' dir='ltr'><strong>a</strong></span> <span class='ocrx_word' id='word_1_449' title='bbox 2228 911 2382 964; x_wconf 89' lang='lat' dir='ltr'><strong>quibus</strong></span> 
     </span>
     <span class='ocr_line' id='line_1_62' title="bbox 1348 982 2380 1025; baseline 0.001 -2"><span class='ocrx_word' id='word_1_450' title='bbox 1348 983 1562 1025; x_wconf 77' lang='lat' dir='ltr'><strong>invenitur</strong></span> <span class='ocrx_word' id='word_1_451' title='bbox 1593 983 1794 1024; x_wconf 88' lang='lat' dir='ltr'><strong>Christus.</strong></span> <span class='ocrx_word' id='word_1_452' title='bbox 1819 982 1936 1023; x_wconf 89' lang='lat' dir='ltr'><strong>Unde</strong></span> <span class='ocrx_word' id='word_1_453' title='bbox 1958 984 2013 1022; x_wconf 79' lang='grc'><strong>13;</strong></span> <span class='ocrx_word' id='word_1_454' title='bbox 2043 982 2228 1023; x_wconf 81' lang='lat' dir='ltr'><strong>«Videte</strong></span> <span class='ocrx_word' id='word_1_455' title='bbox 2257 995 2380 1024; x_wconf 91' lang='lat' dir='ltr'><strong>voca-</strong></span> 
     </span>
     <span class='ocr_line' id='line_1_63' title="bbox 1348 1053 2383 1106; baseline 0.001 -12"><span class='ocrx_word' id='word_1_456' title='bbox 1348 1054 1507 1095; x_wconf 89' lang='lat' dir='ltr'><strong>tionem</strong></span> <span class='ocrx_word' id='word_1_457' title='bbox 1544 1056 1753 1105; x_wconf 88' lang='lat' dir='ltr'><strong>vestram,</strong></span> <span class='ocrx_word' id='word_1_458' title='bbox 1792 1054 1968 1104; x_wconf 80' lang='lat' dir='ltr'><strong>fratreS,</strong></span> <span class='ocrx_word' id='word_1_459' title='bbox 2003 1053 2104 1106; x_wconf 88' lang='lat' dir='ltr'><strong>quia</strong></span> <span class='ocrx_word' id='word_1_460' title='bbox 2137 1065 2222 1093; x_wconf 91' lang='lat' dir='ltr'><strong>non</strong></span> <span class='ocrx_word' id='word_1_461' title='bbox 2259 1054 2383 1095; x_wconf 89' lang='lat' dir='ltr'><strong>multi</strong></span> 
     </span>
     <span class='ocr_line' id='line_1_64' title="bbox 1349 1124 2380 1179; baseline 0 -13"><span class='ocrx_word' id='word_1_462' title='bbox 1349 1126 1557 1179; x_wconf 86' lang='lat' dir='ltr'><strong>sapientes</strong></span> <span class='ocrx_word' id='word_1_463' title='bbox 1576 1125 1811 1166; x_wconf 90' lang='lat' dir='ltr'><strong>secundum</strong></span> <span class='ocrx_word' id='word_1_464' title='bbox 1833 1135 2025 1174; x_wconf 83' lang='lat' dir='ltr'><strong>carnem,</strong></span> <span class='ocrx_word' id='word_1_465' title='bbox 2055 1136 2142 1165; x_wconf 89' lang='lat' dir='ltr'><strong>non</strong></span> <span class='ocrx_word' id='word_1_466' title='bbox 2160 1124 2286 1165; x_wconf 86' lang='lat' dir='ltr'><strong>multi</strong></span> <span class='ocrx_word' id='word_1_467' title='bbox 2306 1137 2380 1178; x_wconf 90' lang='lat' dir='ltr'><strong>po-</strong></span> 
     </span>
     <span class='ocr_line' id='line_1_65' title="bbox 1349 1194 2384 1248; baseline 0 -11"><span class='ocrx_word' id='word_1_468' title='bbox 1349 1198 1502 1246; x_wconf 78' lang='lat' dir='ltr'><strong>tentes,</strong></span> <span class='ocrx_word' id='word_1_469' title='bbox 1536 1207 1624 1237; x_wconf 88' lang='lat' dir='ltr'><strong>non</strong></span> <span class='ocrx_word' id='word_1_470' title='bbox 1651 1195 1776 1236; x_wconf 88' lang='lat' dir='ltr'><strong>multi</strong></span> <span class='ocrx_word' id='word_1_471' title='bbox 1803 1194 1994 1236; x_wconf 89' lang='lat' dir='ltr'><strong>nobiles:</strong></span> <span class='ocrx_word' id='word_1_472' title='bbox 2031 1195 2103 1235; x_wconf 88' lang='lat' dir='ltr'><strong>sed</strong></span> <span class='ocrx_word' id='word_1_473' title='bbox 2131 1207 2229 1248; x_wconf 81' lang='lat' dir='ltr'><strong>quae</strong></span> <span class='ocrx_word' id='word_1_474' title='bbox 2258 1196 2384 1237; x_wconf 86' lang='lat' dir='ltr'><strong>stulta</strong></span> 
     </span>
     <span class='ocr_line' id='line_1_66' title="bbox 1350 1266 2379 1319; baseline 0 -10"><span class='ocrx_word' id='word_1_475' title='bbox 1350 1270 1450 1309; x_wconf 91' lang='lat' dir='ltr'><strong>sunt</strong></span> <span class='ocrx_word' id='word_1_476' title='bbox 1470 1267 1618 1308; x_wconf 92' lang='lat' dir='ltr'><strong>mundi</strong></span> <span class='ocrx_word' id='word_1_477' title='bbox 1637 1267 1764 1319; x_wconf 88' lang='lat' dir='ltr'><strong>elegit</strong></span> <span class='ocrx_word' id='word_1_478' title='bbox 1778 1266 1902 1317; x_wconf 90' lang='lat' dir='ltr'><strong>Deus,</strong></span> <span class='ocrx_word' id='word_1_479' title='bbox 1915 1269 2018 1307; x_wconf 75' lang='lat' dir='ltr'><strong>netc.</strong></span> <span class='ocrx_word' id='word_1_480' title='bbox 2036 1266 2087 1307; x_wconf 91' lang='lat' dir='ltr'><strong>Et</strong></span> <span class='ocrx_word' id='word_1_481' title='bbox 2100 1266 2192 1308; x_wconf 92' lang='lat' dir='ltr'><strong>ideo</strong></span> <span class='ocrx_word' id='word_1_482' title='bbox 2208 1267 2318 1308; x_wconf 82' lang='lat' dir='ltr'><strong>infra</strong></span> <span class='ocrx_word' id='word_1_483' title='bbox 2330 1267 2379 1309; x_wconf 84' lang='lat'><strong>¹⁴:</strong></span> 
     </span>
     <span class='ocr_line' id='line_1_67' title="bbox 1357 1337 2384 1389; baseline 0.005 -13"><span class='ocrx_word' id='word_1_484' title='bbox 1357 1352 1375 1376; x_wconf 66' lang='grc' dir='ltr'><strong>(ι</strong></span> <span class='ocrx_word' id='word_1_485' title='bbox 1396 1337 1560 1379; x_wconf 91' lang='lat' dir='ltr'><strong>Positus</strong></span> <span class='ocrx_word' id='word_1_486' title='bbox 1581 1340 1641 1378; x_wconf 87' lang='lat' dir='ltr'><strong>est</strong></span> <span class='ocrx_word' id='word_1_487' title='bbox 1661 1337 1731 1378; x_wconf 90' lang='lat' dir='ltr'><strong>hic</strong></span> <span class='ocrx_word' id='word_1_488' title='bbox 1759 1338 1804 1377; x_wconf 93' lang='lat' dir='ltr'><strong>in</strong></span> <span class='ocrx_word' id='word_1_489' title='bbox 1828 1337 2020 1389; x_wconf 88' lang='lat' dir='ltr'><strong>ruinam,</strong></span> <span class='ocrx_word' id='word_1_490' title='bbox 2043 1340 2084 1378; x_wconf 92' lang='lat' dir='ltr'><strong>et</strong></span> <span class='ocrx_word' id='word_1_491' title='bbox 2109 1338 2153 1378; x_wconf 92' lang='lat' dir='ltr'><strong>in</strong></span> <span class='ocrx_word' id='word_1_492' title='bbox 2174 1350 2384 1380; x_wconf 90' lang='lat' dir='ltr'><strong>resurrec-</strong></span> 
     </span>
     <span class='ocr_line' id='line_1_68' title="bbox 1350 1409 2382 1462; baseline 0 -12"><span class='ocrx_word' id='word_1_493' title='bbox 1350 1409 1510 1450; x_wconf 88' lang='lat' dir='ltr'><strong>tionem</strong></span> <span class='ocrx_word' id='word_1_494' title='bbox 1542 1409 1776 1450; x_wconf 88' lang='lat' dir='ltr'><strong>mnltorum</strong></span> <span class='ocrx_word' id='word_1_495' title='bbox 1802 1410 1845 1449; x_wconf 93' lang='lat' dir='ltr'><strong>in</strong></span> <span class='ocrx_word' id='word_1_496' title='bbox 1872 1409 2018 1459; x_wconf 87' lang='lat' dir='ltr'><strong>Israel,</strong></span> <span class='ocrx_word' id='word_1_497' title='bbox 2051 1411 2092 1450; x_wconf 91' lang='lat' dir='ltr'><strong>et</strong></span> <span class='ocrx_word' id='word_1_498' title='bbox 2114 1409 2160 1449; x_wconf 89' lang='lat' dir='ltr'><strong>in</strong></span> <span class='ocrx_word' id='word_1_499' title='bbox 2184 1409 2382 1462; x_wconf 85' lang='lat' dir='ltr'><strong>signum,</strong></span> 
     </span>
     <span class='ocr_line' id='line_1_69' title="bbox 1352 1480 2386 1533; baseline 0.001 -12"><span class='ocrx_word' id='word_1_500' title='bbox 1352 1481 1419 1522; x_wconf 92' lang='lat' dir='ltr'><strong>cui</strong></span> <span class='ocrx_word' id='word_1_501' title='bbox 1451 1481 1783 1522; x_wconf 87' lang='lat' dir='ltr'><strong>contradicetur:</strong></span> <span class='ocrx_word' id='word_1_502' title='bbox 1816 1495 1835 1518; x_wconf 81' lang='lat'><strong>›&gt;</strong></span> <span class='ocrx_word' id='word_1_503' title='bbox 1864 1482 1905 1520; x_wconf 90' lang='lat' dir='ltr'><strong>et</strong></span> <span class='ocrx_word' id='word_1_504' title='bbox 1929 1481 2030 1530; x_wconf 87' lang='lat' dir='ltr'><strong>hoc,</strong></span> <span class='ocrx_word' id='word_1_505' title='bbox 2065 1480 2166 1533; x_wconf 87' lang='lat' dir='ltr'><strong>quia</strong></span> <span class='ocrx_word' id='word_1_506' title='bbox 2196 1492 2271 1533; x_wconf 91' lang='lat' dir='ltr'><strong>per</strong></span> <span class='ocrx_word' id='word_1_507' title='bbox 2305 1480 2386 1522; x_wconf 83' lang='lat' dir='ltr'><strong>ista</strong></span> 
     </span>
     <span class='ocr_line' id='line_1_70' title="bbox 1352 1550 2383 1602; baseline 0.002 -11"><span class='ocrx_word' id='word_1_508' title='bbox 1352 1552 1477 1602; x_wconf 86' lang='lat' dir='ltr'><strong>signa</strong></span> <span class='ocrx_word' id='word_1_509' title='bbox 1499 1563 1587 1592; x_wconf 92' lang='lat' dir='ltr'><strong>non</strong></span> <span class='ocrx_word' id='word_1_510' title='bbox 1610 1551 1692 1591; x_wconf 87' lang='lat' dir='ltr'><strong>fuit</strong></span> <span class='ocrx_word' id='word_1_511' title='bbox 1720 1550 1920 1602; x_wconf 88' lang='lat' dir='ltr'><strong>cognitus</strong></span> <span class='ocrx_word' id='word_1_512' title='bbox 1940 1561 1965 1590; x_wconf 86' lang='lat' dir='ltr'><strong>a</strong></span> <span class='ocrx_word' id='word_1_513' title='bbox 1984 1550 2222 1592; x_wconf 87' lang='lat' dir='ltr'><strong>carnalibus</strong></span> <span class='ocrx_word' id='word_1_514' title='bbox 2249 1553 2290 1592; x_wconf 92' lang='lat' dir='ltr'><strong>et</strong></span> <span class='ocrx_word' id='word_1_515' title='bbox 2311 1563 2383 1593; x_wconf 91' lang='lat' dir='ltr'><strong>su-</strong></span> 
     </span>
     <span class='ocr_line' id='line_1_71' title="bbox 1351 1620 2386 1676; baseline 0.003 -14"><span class='ocrx_word' id='word_1_516' title='bbox 1351 1622 1506 1676; x_wconf 87' lang='lat' dir='ltr'><strong>perbis.</strong></span> <span class='ocrx_word' id='word_1_517' title='bbox 1530 1620 1647 1662; x_wconf 92' lang='lat' dir='ltr'><strong>Unde</strong></span> <span class='ocrx_word' id='word_1_518' title='bbox 1668 1621 1719 1663; x_wconf 85' lang='lat'><strong>¹⁵:</strong></span> <span class='ocrx_word' id='word_1_519' title='bbox 1741 1636 1760 1659; x_wconf 90' lang='lat'>«</span> <span class='ocrx_word' id='word_1_520' title='bbox 1779 1621 1985 1663; x_wconf 92' lang='lat' dir='ltr'><strong>Dixerunt</strong></span> <span class='ocrx_word' id='word_1_521' title='bbox 2006 1621 2051 1662; x_wconf 93' lang='lat' dir='ltr'><strong>in</strong></span> <span class='ocrx_word' id='word_1_522' title='bbox 2072 1622 2195 1673; x_wconf 84' lang='lat' dir='ltr'><strong>corde</strong></span> <span class='ocrx_word' id='word_1_523' title='bbox 2216 1634 2294 1664; x_wconf 88' lang='lat' dir='ltr'><strong>suo</strong></span> <span class='ocrx_word' id='word_1_524' title='bbox 2314 1635 2386 1665; x_wconf 90' lang='lat' dir='ltr'><strong>co-</strong></span> 
     </span>
     <span class='ocr_line' id='line_1_72' title="bbox 1354 1691 2385 1745; baseline 0.003 -11"><span class='ocrx_word' id='word_1_525' title='bbox 1354 1693 1502 1745; x_wconf 85' lang='lat' dir='ltr'><strong>gnatio</strong></span> <span class='ocrx_word' id='word_1_526' title='bbox 1538 1704 1686 1734; x_wconf 91' lang='lat' dir='ltr'><strong>eorum</strong></span> <span class='ocrx_word' id='word_1_527' title='bbox 1726 1692 1851 1733; x_wconf 85' lang='lat' dir='ltr'><strong>simul</strong></span> <span class='ocrx_word' id='word_1_528' title='bbox 1875 1707 1884 1734; x_wconf 92' lang='lat'>:</span> <span class='ocrx_word' id='word_1_529' title='bbox 1926 1691 2144 1742; x_wconf 84' lang='lat' dir='ltr'><strong>Quiescere</strong></span> <span class='ocrx_word' id='word_1_530' title='bbox 2182 1694 2385 1737; x_wconf 86' lang='lat' dir='ltr'><strong>faciamus</strong></span> 
     </span>
     <span class='ocr_line' id='line_1_73' title="bbox 1354 1764 2387 1821; baseline 0.001 -14"><span class='ocrx_word' id='word_1_531' title='bbox 1354 1776 1502 1807; x_wconf 88' lang='lat' dir='ltr'><strong>omnes</strong></span> <span class='ocrx_word' id='word_1_532' title='bbox 1528 1765 1616 1806; x_wconf 90' lang='lat' dir='ltr'><strong>dies</strong></span> <span class='ocrx_word' id='word_1_533' title='bbox 1642 1765 1768 1806; x_wconf 87' lang='lat' dir='ltr'><strong>festos</strong></span> <span class='ocrx_word' id='word_1_534' title='bbox 1799 1764 1870 1805; x_wconf 92' lang='lat' dir='ltr'><strong>Dei</strong></span> <span class='ocrx_word' id='word_1_535' title='bbox 1891 1776 1916 1805; x_wconf 93' lang='lat' dir='ltr'><strong>a</strong></span> <span class='ocrx_word' id='word_1_536' title='bbox 1940 1766 2067 1805; x_wconf 87' lang='lat' dir='ltr'><strong>terra.</strong></span> <span class='ocrx_word' id='word_1_537' title='bbox 2091 1764 2224 1817; x_wconf 89' lang='lat' dir='ltr'><strong>Signa</strong></span> <span class='ocrx_word' id='word_1_538' title='bbox 2242 1768 2387 1821; x_wconf 86' lang='lat' dir='ltr'><strong>nostra</strong></span> 
     </span>
     <span class='ocr_line' id='line_1_74' title="bbox 1354 1836 2388 1889; baseline 0.003 -12"><span class='ocrx_word' id='word_1_539' title='bbox 1354 1849 1442 1878; x_wconf 85' lang='lat' dir='ltr'><strong>non</strong></span> <span class='ocrx_word' id='word_1_540' title='bbox 1459 1836 1666 1887; x_wconf 87' lang='lat' dir='ltr'><strong>vidimus,</strong></span> <span class='ocrx_word' id='word_1_541' title='bbox 1690 1837 1782 1889; x_wconf 74' lang='lat' dir='ltr'><strong>Jam</strong></span> <span class='ocrx_word' id='word_1_542' title='bbox 1809 1848 1895 1877; x_wconf 90' lang='lat' dir='ltr'><strong>non</strong></span> <span class='ocrx_word' id='word_1_543' title='bbox 1921 1839 1984 1877; x_wconf 90' lang='lat' dir='ltr'><strong>est</strong></span> <span class='ocrx_word' id='word_1_544' title='bbox 2006 1836 2230 1889; x_wconf 87' lang='lat' dir='ltr'><strong>propheta,</strong></span> <span class='ocrx_word' id='word_1_545' title='bbox 2252 1839 2293 1878; x_wconf 92' lang='lat' dir='ltr'><strong>et</strong></span> <span class='ocrx_word' id='word_1_546' title='bbox 2310 1849 2388 1880; x_wconf 90' lang='lat' dir='ltr'><strong>nos</strong></span> 
     </span>
     <span class='ocr_line' id='line_1_75' title="bbox 1354 1907 2389 1961; baseline 0.002 -12"><span class='ocrx_word' id='word_1_547' title='bbox 1354 1919 1441 1949; x_wconf 91' lang='lat' dir='ltr'><strong>non</strong></span> <span class='ocrx_word' id='word_1_548' title='bbox 1461 1910 1686 1960; x_wconf 81' lang='lat' dir='ltr'><strong>cognoscet</strong></span> <span class='ocrx_word' id='word_1_549' title='bbox 1700 1907 1898 1961; x_wconf 88' lang='lat' dir='ltr'><strong>amplius.</strong></span> <span class='ocrx_word' id='word_1_550' title='bbox 1914 1922 1933 1946; x_wconf 74' lang='grc' dir='ltr'><strong>ι)</strong></span> <span class='ocrx_word' id='word_1_551' title='bbox 1948 1907 1999 1949; x_wconf 87' lang='lat' dir='ltr'><strong>Et</strong></span> <span class='ocrx_word' id='word_1_552' title='bbox 2013 1907 2170 1949; x_wconf 89' lang='lat' dir='ltr'><strong>iterum</strong></span> <span class='ocrx_word' id='word_1_553' title='bbox 2183 1922 2191 1950; x_wconf 89' lang='lat'><strong>:</strong></span> <span class='ocrx_word' id='word_1_554' title='bbox 2203 1923 2222 1948; x_wconf 84' lang='lat'><strong>&lt;‹</strong></span> <span class='ocrx_word' id='word_1_555' title='bbox 2236 1908 2389 1951; x_wconf 90' lang='lat' dir='ltr'><strong>Posue-</strong></span> 
     </span>
     <span class='ocr_line' id='line_1_76' title="bbox 1354 1976 2390 2029; baseline 0.003 -13"><span class='ocrx_word' id='word_1_556' title='bbox 1354 1978 1455 2017; x_wconf 88' lang='lat' dir='ltr'><strong>runt</strong></span> <span class='ocrx_word' id='word_1_557' title='bbox 1481 1976 1608 2028; x_wconf 88' lang='lat' dir='ltr'><strong>signa</strong></span> <span class='ocrx_word' id='word_1_558' title='bbox 1628 1988 1726 2026; x_wconf 88' lang='lat' dir='ltr'><strong>sua,</strong></span> <span class='ocrx_word' id='word_1_559' title='bbox 1750 1976 1901 2028; x_wconf 88' lang='lat' dir='ltr'><strong>signa:</strong></span> <span class='ocrx_word' id='word_1_560' title='bbox 1925 1978 1966 2017; x_wconf 89' lang='lat' dir='ltr'><strong>et</strong></span> <span class='ocrx_word' id='word_1_561' title='bbox 1985 1988 2071 2017; x_wconf 94' lang='lat' dir='ltr'><strong>non</strong></span> <span class='ocrx_word' id='word_1_562' title='bbox 2092 1981 2390 2029; x_wconf 85' lang='lat' dir='ltr'><strong>cognoverunt</strong></span> 
     </span>
     <span class='ocr_line' id='line_1_77' title="bbox 1356 2047 2388 2101; baseline 0.003 -13"><span class='ocrx_word' id='word_1_563' title='bbox 1356 2048 1465 2088; x_wconf 90' lang='lat' dir='ltr'><strong>sicut</strong></span> <span class='ocrx_word' id='word_1_564' title='bbox 1490 2048 1534 2088; x_wconf 89' lang='lat' dir='ltr'><strong>in</strong></span> <span class='ocrx_word' id='word_1_565' title='bbox 1564 2047 1682 2088; x_wconf 85' lang='lat' dir='ltr'><strong>exitu</strong></span> <span class='ocrx_word' id='word_1_566' title='bbox 1711 2059 1839 2101; x_wconf 92' lang='lat' dir='ltr'><strong>super</strong></span> <span class='ocrx_word' id='word_1_567' title='bbox 1872 2058 2106 2089; x_wconf 88' lang='lat' dir='ltr'><strong>summum.</strong></span> <span class='ocrx_word' id='word_1_568' title='bbox 2130 2061 2150 2085; x_wconf 70' lang='lat' dir='ltr'><strong>n</strong></span> <span class='ocrx_word' id='word_1_569' title='bbox 2174 2047 2388 2097; x_wconf 83' lang='lat' dir='ltr'><strong>Quantum</strong></span> 
     </span>
     <span class='ocr_line' id='line_1_78' title="bbox 1357 2118 2384 2172; baseline 0.002 -12"><span class='ocrx_word' id='word_1_570' title='bbox 1357 2130 1459 2161; x_wconf 88' lang='lat' dir='ltr'><strong>vero</strong></span> <span class='ocrx_word' id='word_1_571' title='bbox 1479 2118 1531 2159; x_wconf 91' lang='lat' dir='ltr'><strong>ad</strong></span> <span class='ocrx_word' id='word_1_572' title='bbox 1550 2118 1781 2159; x_wconf 90' lang='lat' dir='ltr'><strong>testimonii</strong></span> <span class='ocrx_word' id='word_1_573' title='bbox 1810 2118 2022 2159; x_wconf 87' lang='lat' dir='ltr'><strong>credibilis</strong></span> <span class='ocrx_word' id='word_1_574' title='bbox 2047 2119 2384 2172; x_wconf 88' lang='lat' dir='ltr'><strong>persuasionem,</strong></span> 
     </span>
     <span class='ocr_line' id='line_1_79' title="bbox 1357 2189 2390 2241; baseline 0.003 -10"><span class='ocrx_word' id='word_1_575' title='bbox 1357 2189 1552 2231; x_wconf 83' lang='lat' dir='ltr'><strong>subditur</strong></span> <span class='ocrx_word' id='word_1_576' title='bbox 1581 2189 1647 2241; x_wconf 89' lang='lat' dir='ltr'><strong>(v.</strong></span> <span class='ocrx_word' id='word_1_577' title='bbox 1672 2191 1744 2240; x_wconf 85' lang='lat'><strong>13)</strong></span> <span class='ocrx_word' id='word_1_578' title='bbox 1771 2203 1778 2230; x_wconf 94' lang='lat'>:</span> <span class='ocrx_word' id='word_1_579' title='bbox 1814 2189 1874 2231; x_wconf 77' lang='lat' dir='ltr'><strong>Ec</strong></span> <span class='ocrx_word' id='word_1_580' title='bbox 1903 2189 2042 2232; x_wconf 72' lang='lat' dir='ltr'><strong>sabico</strong></span> <span class='ocrx_word' id='word_1_581' title='bbox 2069 2190 2186 2241; x_wconf 79' lang='lat' dir='ltr'><strong>facta</strong></span> <span class='ocrx_word' id='word_1_582' title='bbox 2211 2194 2272 2234; x_wconf 79' lang='lat' dir='ltr'><strong>est</strong></span> <span class='ocrx_word' id='word_1_583' title='bbox 2295 2202 2390 2234; x_wconf 80' lang='lat' dir='ltr'><strong>cum</strong></span> 
     </span>
     <span class='ocr_line' id='line_1_80' title="bbox 1358 2261 2390 2314; baseline 0.001 -11"><span class='ocrx_word' id='word_1_584' title='bbox 1358 2261 1505 2314; x_wconf 71' lang='lat' dir='ltr'><strong>anqelo</strong></span> <span class='ocrx_word' id='word_1_585' title='bbox 1525 2261 1770 2304; x_wconf 76' lang='lat' dir='ltr'><strong>multitudo.</strong></span> <span class='ocrx_word' id='word_1_586' title='bbox 1794 2262 1924 2304; x_wconf 76' lang='lat' dir='ltr'><strong>Facta</strong></span> <span class='ocrx_word' id='word_1_587' title='bbox 1943 2266 2020 2313; x_wconf 76' lang='lat' dir='ltr'><strong>esc,</strong></span> <span class='ocrx_word' id='word_1_588' title='bbox 2041 2262 2195 2303; x_wconf 87' lang='lat' dir='ltr'><strong>scilieet</strong></span> <span class='ocrx_word' id='word_1_589' title='bbox 2213 2262 2265 2303; x_wconf 88' lang='lat' dir='ltr'><strong>ad</strong></span> <span class='ocrx_word' id='word_1_590' title='bbox 2285 2275 2390 2304; x_wconf 90' lang='lat' dir='ltr'><strong>con-</strong></span> 
     </span>
     <span class='ocr_line' id='line_1_81' title="bbox 1356 2332 2391 2386; baseline 0.002 -13"><span class='ocrx_word' id='word_1_591' title='bbox 1356 2332 1617 2373; x_wconf 86' lang='lat' dir='ltr'><strong>firmandum</strong></span> <span class='ocrx_word' id='word_1_592' title='bbox 1637 2332 1794 2385; x_wconf 89' lang='lat' dir='ltr'><strong>pariter</strong></span> <span class='ocrx_word' id='word_1_593' title='bbox 1813 2333 1974 2374; x_wconf 89' lang='lat' dir='ltr'><strong>dictum</strong></span> <span class='ocrx_word' id='word_1_594' title='bbox 1995 2333 2254 2386; x_wconf 86' lang='lat' dir='ltr'><strong>angelicum,</strong></span> <span class='ocrx_word' id='word_1_595' title='bbox 2275 2337 2316 2375; x_wconf 89' lang='lat' dir='ltr'><strong>et</strong></span> <span class='ocrx_word' id='word_1_596' title='bbox 2338 2335 2391 2376; x_wconf 90' lang='lat' dir='ltr'><strong>ad</strong></span> 
     </span>
     <span class='ocr_line' id='line_1_82' title="bbox 1358 2405 2392 2458; baseline 0.001 -11"><span class='ocrx_word' id='word_1_597' title='bbox 1358 2405 1651 2447; x_wconf 85' lang='lat' dir='ltr'><strong>venerandum</strong></span> <span class='ocrx_word' id='word_1_598' title='bbox 1684 2405 1914 2458; x_wconf 89' lang='lat' dir='ltr'><strong>parvulum</strong></span> <span class='ocrx_word' id='word_1_599' title='bbox 1948 2409 2123 2457; x_wconf 87' lang='lat' dir='ltr'><strong>natum,</strong></span> <span class='ocrx_word' id='word_1_600' title='bbox 2157 2406 2392 2448; x_wconf 89' lang='lat' dir='ltr'><strong>secundum</strong></span> 
     </span>
     <span class='ocr_line' id='line_1_83' title="bbox 1358 2476 2391 2530; baseline 0.001 -13"><span class='ocrx_word' id='word_1_601' title='bbox 1358 2476 1462 2518; x_wconf 87' lang='lat' dir='ltr'><strong>illud</strong></span> <span class='ocrx_word' id='word_1_602' title='bbox 1479 2478 1506 2503; x_wconf 72' lang='lat'><strong>¹⁵</strong></span> <span class='ocrx_word' id='word_1_603' title='bbox 1521 2491 1561 2517; x_wconf 78' lang='lat' dir='ltr'><strong>z«</strong></span> <span class='ocrx_word' id='word_1_604' title='bbox 1582 2476 1687 2518; x_wconf 90' lang='lat' dir='ltr'><strong>Cum</strong></span> <span class='ocrx_word' id='word_1_605' title='bbox 1702 2477 1862 2517; x_wconf 88' lang='lat' dir='ltr'><strong>iterum</strong></span> <span class='ocrx_word' id='word_1_606' title='bbox 1882 2477 2109 2518; x_wconf 87' lang='lat' dir='ltr'><strong>introducit</strong></span> <span class='ocrx_word' id='word_1_607' title='bbox 2127 2477 2391 2530; x_wconf 88' lang='lat' dir='ltr'><strong>primogeni-</strong></span> 
     </span>
     <span class='ocr_line' id='line_1_84' title="bbox 1357 2547 2393 2596; baseline 0.001 -7"><span class='ocrx_word' id='word_1_608' title='bbox 1357 2550 1453 2589; x_wconf 92' lang='lat' dir='ltr'><strong>tum</strong></span> <span class='ocrx_word' id='word_1_609' title='bbox 1479 2548 1523 2588; x_wconf 93' lang='lat' dir='ltr'><strong>in</strong></span> <span class='ocrx_word' id='word_1_610' title='bbox 1547 2547 1694 2588; x_wconf 88' lang='lat' dir='ltr'><strong>orbem</strong></span> <span class='ocrx_word' id='word_1_611' title='bbox 1714 2549 1861 2596; x_wconf 60' lang='lat' dir='ltr'><strong>terrae,</strong></span> <span class='ocrx_word' id='word_1_612' title='bbox 1884 2547 2007 2588; x_wconf 91' lang='lat' dir='ltr'><strong>dicit:</strong></span> <span class='ocrx_word' id='word_1_613' title='bbox 2031 2547 2082 2588; x_wconf 86' lang='lat' dir='ltr'><strong>Et</strong></span> <span class='ocrx_word' id='word_1_614' title='bbox 2101 2548 2274 2589; x_wconf 86' lang='lat' dir='ltr'><strong>adorent</strong></span> <span class='ocrx_word' id='word_1_615' title='bbox 2294 2561 2393 2590; x_wconf 89' lang='lat' dir='ltr'><strong>eum</strong></span> 
     </span>
     <span class='ocr_line' id='line_1_85' title="bbox 1359 2617 2391 2671; baseline 0.001 -11"><span class='ocrx_word' id='word_1_616' title='bbox 1359 2630 1506 2660; x_wconf 87' lang='lat' dir='ltr'><strong>omnes</strong></span> <span class='ocrx_word' id='word_1_617' title='bbox 1537 2618 1681 2670; x_wconf 78' lang='lat' dir='ltr'><strong>angeli</strong></span> <span class='ocrx_word' id='word_1_618' title='bbox 1710 2617 1796 2659; x_wconf 89' lang='lat' dir='ltr'><strong>Dei.</strong></span> <span class='ocrx_word' id='word_1_619' title='bbox 1836 2632 1855 2656; x_wconf 70' lang='lat' dir='ltr'><strong>n</strong></span> <span class='ocrx_word' id='word_1_620' title='bbox 1879 2618 1927 2658; x_wconf 88' lang='lat' dir='ltr'><strong>Et</strong></span> <span class='ocrx_word' id='word_1_621' title='bbox 1959 2618 2183 2671; x_wconf 81' lang='lat' dir='ltr'><strong>signanter</strong></span> <span class='ocrx_word' id='word_1_622' title='bbox 2209 2619 2391 2661; x_wconf 89' lang='lat' dir='ltr'><strong>dicitur:</strong></span> 
     </span>
     <span class='ocr_line' id='line_1_86' title="bbox 1359 2688 2393 2739; baseline -0.002 -8"><span class='ocrx_word' id='word_1_623' title='bbox 1359 2689 1615 2739; x_wconf 73' lang='lat' dir='ltr'><strong>Multitudo,</strong></span> <span class='ocrx_word' id='word_1_624' title='bbox 1648 2689 1880 2730; x_wconf 90' lang='lat' dir='ltr'><strong>secundum</strong></span> <span class='ocrx_word' id='word_1_625' title='bbox 1907 2688 2014 2730; x_wconf 90' lang='lat' dir='ltr'><strong>illud</strong></span> <span class='ocrx_word' id='word_1_626' title='bbox 2034 2689 2086 2729; x_wconf 80' lang='lat'><strong>¹⁷:</strong></span> <span class='ocrx_word' id='word_1_627' title='bbox 2117 2689 2393 2730; x_wconf 79' lang='lat' dir='ltr'><strong>«Accessistis</strong></span> 
     </span>
     <span class='ocr_line' id='line_1_87' title="bbox 1359 2759 2390 2811; baseline -0.005 -8"><span class='ocrx_word' id='word_1_628' title='bbox 1359 2762 1412 2803; x_wconf 91' lang='lat' dir='ltr'><strong>ad</strong></span> <span class='ocrx_word' id='word_1_629' title='bbox 1436 2761 1541 2802; x_wconf 86' lang='lat' dir='ltr'><strong>Sion</strong></span> <span class='ocrx_word' id='word_1_630' title='bbox 1562 2768 1747 2801; x_wconf 89' lang='lat' dir='ltr'><strong>montem</strong></span> <span class='ocrx_word' id='word_1_631' title='bbox 1761 2792 1775 2811; x_wconf 82' lang='lat'><strong>,</strong></span> <span class='ocrx_word' id='word_1_632' title='bbox 1796 2762 1837 2801; x_wconf 89' lang='lat' dir='ltr'><strong>et</strong></span> <span class='ocrx_word' id='word_1_633' title='bbox 1863 2759 2075 2802; x_wconf 86' lang='lat' dir='ltr'><strong>civitatem</strong></span> <span class='ocrx_word' id='word_1_634' title='bbox 2103 2760 2173 2800; x_wconf 90' lang='lat' dir='ltr'><strong>Dei</strong></span> <span class='ocrx_word' id='word_1_635' title='bbox 2194 2759 2390 2811; x_wconf 86' lang='lat' dir='ltr'><strong>viventis,</strong></span> 
     </span>
     <span class='ocr_line' id='line_1_88' title="bbox 1359 2830 2391 2882; baseline -0.003 -8"><span class='ocrx_word' id='word_1_636' title='bbox 1359 2832 1591 2874; x_wconf 86' lang='lat' dir='ltr'><strong>Jerusalem</strong></span> <span class='ocrx_word' id='word_1_637' title='bbox 1624 2831 1857 2882; x_wconf 72' lang='lat' dir='ltr'><strong>coelestem,</strong></span> <span class='ocrx_word' id='word_1_638' title='bbox 1887 2833 1928 2871; x_wconf 89' lang='lat' dir='ltr'><strong>et</strong></span> <span class='ocrx_word' id='word_1_639' title='bbox 1956 2831 2189 2870; x_wconf 89' lang='lat' dir='ltr'><strong>multorum</strong></span> <span class='ocrx_word' id='word_1_640' title='bbox 2209 2830 2391 2871; x_wconf 89' lang='lat' dir='ltr'><strong>millium</strong></span> 
     </span>
     <span class='ocr_line' id='line_1_89' title="bbox 1360 2900 2387 2957; baseline -0.001 -12"><span class='ocrx_word' id='word_1_641' title='bbox 1360 2904 1616 2957; x_wconf 80' lang='lat' dir='ltr'><strong>angelorum</strong></span> <span class='ocrx_word' id='word_1_642' title='bbox 1637 2901 1932 2955; x_wconf 85' lang='lat' dir='ltr'><strong>frequentiam.</strong></span> <span class='ocrx_word' id='word_1_643' title='bbox 1955 2915 1973 2939; x_wconf 77' lang='lat' dir='ltr'><strong>n</strong></span> <span class='ocrx_word' id='word_1_644' title='bbox 1999 2900 2172 2943; x_wconf 68' lang='lat' dir='ltr'><strong>Militia&gt;</strong></span> <span class='ocrx_word' id='word_1_645' title='bbox 2190 2901 2387 2953; x_wconf 78' lang='lat' dir='ltr'><strong>caelestz&#39;s,</strong></span> 
     </span>
     <span class='ocr_line' id='line_1_90' title="bbox 1361 2970 2388 3024; baseline -0.004 -7"><span class='ocrx_word' id='word_1_646' title='bbox 1361 2975 1593 3017; x_wconf 89' lang='lat' dir='ltr'><strong>secundum</strong></span> <span class='ocrx_word' id='word_1_647' title='bbox 1614 2973 1719 3014; x_wconf 88' lang='lat' dir='ltr'><strong>illud</strong></span> <span class='ocrx_word' id='word_1_648' title='bbox 1735 2971 1807 3015; x_wconf 84' lang='lat' dir='ltr'><strong>Job</strong></span> <span class='ocrx_word' id='word_1_649' title='bbox 1822 2973 1850 2997; x_wconf 75' lang='lat'><strong>¹⁸</strong></span> <span class='ocrx_word' id='word_1_650' title='bbox 1862 2983 1876 3012; x_wconf 92' lang='lat'><strong>.·</strong></span> <span class='ocrx_word' id='word_1_651' title='bbox 1891 2986 1910 3010; x_wconf 84' lang='lat'><strong>(‹</strong></span> <span class='ocrx_word' id='word_1_652' title='bbox 1926 2970 2143 3024; x_wconf 85' lang='lat' dir='ltr'><strong>Numquid</strong></span> <span class='ocrx_word' id='word_1_653' title='bbox 2158 2974 2220 3013; x_wconf 87' lang='lat' dir='ltr'><strong>est</strong></span> <span class='ocrx_word' id='word_1_654' title='bbox 2238 2984 2388 3014; x_wconf 88' lang='lat' dir='ltr'><strong>nume-</strong></span> 
     </span>
     <span class='ocr_line' id='line_1_91' title="bbox 1361 3044 2391 3097; baseline -0.003 -9"><span class='ocrx_word' id='word_1_655' title='bbox 1361 3058 1435 3088; x_wconf 89' lang='lat' dir='ltr'><strong>rus</strong></span> <span class='ocrx_word' id='word_1_656' title='bbox 1455 3045 1639 3087; x_wconf 87' lang='lat' dir='ltr'><strong>militum</strong></span> <span class='ocrx_word' id='word_1_657' title='bbox 1656 3044 1775 3097; x_wconf 80' lang='lat' dir='ltr'><strong>eJ‘us‘?</strong></span> <span class='ocrx_word' id='word_1_658' title='bbox 1796 3045 1836 3083; x_wconf 89' lang='lat' dir='ltr'><strong>et</strong></span> <span class='ocrx_word' id='word_1_659' title='bbox 1852 3054 1978 3095; x_wconf 90' lang='lat' dir='ltr'><strong>super</strong></span> <span class='ocrx_word' id='word_1_660' title='bbox 1994 3054 2123 3095; x_wconf 88' lang='lat' dir='ltr'><strong>quem</strong></span> <span class='ocrx_word' id='word_1_661' title='bbox 2141 3055 2226 3084; x_wconf 92' lang='lat' dir='ltr'><strong>non</strong></span> <span class='ocrx_word' id='word_1_662' title='bbox 2241 3045 2391 3095; x_wconf 84' lang='lat' dir='ltr'><strong>surget</strong></span> 
     </span>
     <span class='ocr_line' id='line_1_92' title="bbox 1360 3113 2386 3165; baseline -0.003 -5"><span class='ocrx_word' id='word_1_663' title='bbox 1360 3119 1508 3160; x_wconf 90' lang='lat' dir='ltr'><strong>lumen</strong></span> <span class='ocrx_word' id='word_1_664' title='bbox 1537 3116 1681 3157; x_wconf 90' lang='lat' dir='ltr'><strong>illius?</strong></span> <span class='ocrx_word' id='word_1_665' title='bbox 1703 3130 1722 3153; x_wconf 69' lang='grc' dir='ltr'><strong>η</strong></span> <span class='ocrx_word' id='word_1_666' title='bbox 1746 3114 1796 3155; x_wconf 89' lang='lat' dir='ltr'><strong>Et</strong></span> <span class='ocrx_word' id='word_1_667' title='bbox 1816 3114 1910 3155; x_wconf 92' lang='lat' dir='ltr'><strong>ideo</strong></span> <span class='ocrx_word' id='word_1_668' title='bbox 1930 3113 1986 3154; x_wconf 79' lang='lat'><strong>¹⁹:</strong></span> <span class='ocrx_word' id='word_1_669' title='bbox 2015 3113 2190 3155; x_wconf 78' lang='lat' dir='ltr'><strong>«Nolite</strong></span> <span class='ocrx_word' id='word_1_670' title='bbox 2217 3114 2386 3165; x_wconf 88' lang='lat' dir='ltr'><strong>timere,</strong></span> 
     </span>
    </p>
   </div>
   <div class='ocr_carea' id='block_1_8' title="bbox 1361 3245 2388 3385">
    <p class='ocr_par' dir='ltr' id='par_1_9' title="bbox 1361 3245 2388 3385">
     <span class='ocr_line' id='line_1_93' title="bbox 1361 3245 2388 3287; baseline -0.002 -6"><span class='ocrx_word' id='word_1_671' title='bbox 1361 3269 1402 3275; x_wconf 90' lang='lat'>—</span> <span class='ocrx_word' id='word_1_672' title='bbox 1420 3250 1444 3271; x_wconf 85' lang='lat'><strong>¹³</strong></span> <span class='ocrx_word' id='word_1_673' title='bbox 1466 3251 1477 3281; x_wconf 95' lang='lat'><em>1</em></span> <span class='ocrx_word' id='word_1_674' title='bbox 1499 3249 1589 3287; x_wconf 53' lang='lat' dir='ltr'><strong>Con,</strong></span> <span class='ocrx_word' id='word_1_675' title='bbox 1613 3249 1663 3279; x_wconf 80' lang='grc'><strong>26.</strong></span> <span class='ocrx_word' id='word_1_676' title='bbox 1684 3263 1724 3269; x_wconf 89' lang='grc'><strong>-</strong></span> <span class='ocrx_word' id='word_1_677' title='bbox 1744 3246 1768 3267; x_wconf 81' lang='lat'><strong>1⁴</strong></span> <span class='ocrx_word' id='word_1_678' title='bbox 1789 3246 1880 3286; x_wconf 61' lang='lat' dir='ltr'><strong>Lucu,</strong></span> <span class='ocrx_word' id='word_1_679' title='bbox 1907 3253 1953 3285; x_wconf 89' lang='lat'><strong>11,</strong></span> <span class='ocrx_word' id='word_1_680' title='bbox 1974 3246 2026 3277; x_wconf 81' lang='lat'><strong>34.</strong></span> <span class='ocrx_word' id='word_1_681' title='bbox 2048 3263 2087 3269; x_wconf 91' lang='lat'><strong>—-</strong></span> <span class='ocrx_word' id='word_1_682' title='bbox 2108 3247 2131 3267; x_wconf 80' lang='lat'><strong>¹⁵</strong></span> <span class='ocrx_word' id='word_1_683' title='bbox 2152 3245 2243 3278; x_wconf 74' lang='lat' dir='ltr'><strong>Psal.</strong></span> <span class='ocrx_word' id='word_1_684' title='bbox 2264 3254 2388 3287; x_wconf 77' lang='lat' dir='ltr'><strong>Lxxux,</strong></span> 
     </span>
     <span class='ocr_line' id='line_1_94' title="bbox 1362 3292 2388 3338; baseline -0.003 -8"><span class='ocrx_word' id='word_1_685' title='bbox 1362 3300 1400 3338; x_wconf 92' lang='lat'><strong>8,</strong></span> <span class='ocrx_word' id='word_1_686' title='bbox 1421 3299 1456 3338; x_wconf 86' lang='lat'><strong>9,</strong></span> <span class='ocrx_word' id='word_1_687' title='bbox 1480 3298 1510 3328; x_wconf 85' lang='lat'><strong>4.</strong></span> <span class='ocrx_word' id='word_1_688' title='bbox 1532 3297 1578 3336; x_wconf 67' lang='grc' dir='ltr'><strong>ζ-</strong></span> <span class='ocrx_word' id='word_1_689' title='bbox 1606 3295 1634 3315; x_wconf 81' lang='lat'><strong>¹⁶</strong></span> <span class='ocrx_word' id='word_1_690' title='bbox 1662 3293 1777 3334; x_wconf 64' lang='lat' dir='ltr'><strong>Helm,</strong></span> <span class='ocrx_word' id='word_1_691' title='bbox 1804 3302 1829 3334; x_wconf 87' lang='grc' dir='ltr'><strong>ι,</strong></span> <span class='ocrx_word' id='word_1_692' title='bbox 1855 3294 1885 3326; x_wconf 91' lang='grc'><strong>6.</strong></span> <span class='ocrx_word' id='word_1_693' title='bbox 1912 3309 1953 3316; x_wconf 95' lang='grc'>-</span> <span class='ocrx_word' id='word_1_694' title='bbox 1977 3292 2004 3313; x_wconf 90' lang='lat'><strong>¹⁷</strong></span> <span class='ocrx_word' id='word_1_695' title='bbox 2031 3292 2143 3335; x_wconf 57' lang='lat' dir='ltr'><strong>Heba,</strong></span> <span class='ocrx_word' id='word_1_696' title='bbox 2174 3301 2248 3335; x_wconf 76' lang='lat' dir='ltr'><strong>xil,</strong></span> <span class='ocrx_word' id='word_1_697' title='bbox 2273 3295 2324 3328; x_wconf 84' lang='lat'><strong>22.</strong></span> <span class='ocrx_word' id='word_1_698' title='bbox 2348 3309 2388 3319; x_wconf 96' lang='lat'>—</span> 
     </span>
     <span class='ocr_line' id='line_1_95' title="bbox 1363 3341 2057 3385; baseline -0.007 -9"><span class='ocrx_word' id='word_1_699' title='bbox 1363 3346 1387 3366; x_wconf 88' lang='lat'><strong>¹¹</strong></span> <span class='ocrx_word' id='word_1_700' title='bbox 1403 3344 1476 3385; x_wconf 78' lang='lat' dir='ltr'><strong>lob,</strong></span> <span class='ocrx_word' id='word_1_701' title='bbox 1501 3347 1579 3381; x_wconf 79' lang='lat' dir='ltr'><strong>xxv,</strong></span> <span class='ocrx_word' id='word_1_702' title='bbox 1605 3345 1636 3374; x_wconf 69' lang='grc'><strong>3.</strong></span> <span class='ocrx_word' id='word_1_703' title='bbox 1656 3358 1697 3364; x_wconf 91' lang='grc'><strong>-</strong></span> <span class='ocrx_word' id='word_1_704' title='bbox 1718 3342 1741 3362; x_wconf 73' lang='lat'><strong>¹⁹</strong></span> <span class='ocrx_word' id='word_1_705' title='bbox 1764 3341 1804 3373; x_wconf 84' lang='lat' dir='ltr'><strong>tv</strong></span> <span class='ocrx_word' id='word_1_706' title='bbox 1827 3341 1917 3383; x_wconf 67' lang='lat' dir='ltr'><strong>Req„</strong></span> <span class='ocrx_word' id='word_1_707' title='bbox 1940 3348 1986 3381; x_wconf 81' lang='lat' dir='ltr'><strong>vt,</strong></span> <span class='ocrx_word' id='word_1_708' title='bbox 2008 3341 2057 3372; x_wconf 85' lang='lat'><strong>16.</strong></span> 
     </span>
    </p>
   </div>
  </div>
 </body>
</html>
