2587 3845
66 3017 205 3051 Supplicii

73 3057 204 3085 couside-

67 3096 152 3125 ratio.

1119 243 1288 285 CAPUT
1317 243 1440 285 XVII.

220 347 313 378 cum
332 333 598 384 contumelia,
621 334 782 387 supple,
803 338 917 384 erat,
950 334 992 374 id
1011 336 1094 383 est,
1120 345 1244 373 causa

219 404 486 447 correctionis
512 404 826 444 contumeliosae
836 419 846 454 ;
882 403 995 444 unde
1025 405 1035 425 ¹
1068 418 1077 444 :
1115 419 1133 442 α
1164 403 1244 444 Ubi

219 475 344 516 fuerit
360 474 570 527 superbia,
593 474 650 514 ibi
673 474 945 524 contumelia3
961 487 980 511 n
997 474 1087 514 et²z
1116 472 1244 514 «Non

219 545 427 598 glorietur
448 545 613 597 sapiens
633 546 678 585 in
700 544 902 597 sapientia
921 556 1013 584 sua.
1032 558 1052 581 n

271 620 312 658 8.
332 617 407 659 Illi
425 618 558 666 enim,
581 618 659 656 etc.
683 616 735 668 (a)
771 614 822 656 Et
851 616 957 655 bene
984 614 1095 665 dixi,
1133 615 1246 667 quod

219 699 368 730 eorum
389 687 594 740 correptio
624 686 705 727 fuit
732 697 830 726 cum
863 684 1117 726 contumelia
1137 685 1246 737 ipso-

219 771 319 799 rum
343 773 352 800 :
382 757 451 800 illi
470 758 598 806 enim,
618 756 775 797 scilicet
791 756 922 808 magi,
940 756 1017 808 qui
1033 757 1248 807 promitte-

221 831 320 872 bant
348 831 544 879 timores,
566 828 720 868 scilicet
746 827 985 876 imerici-(353
1017 830 1053 868 et
1078 830 1245 878 pertur-

222 899 424 948 bationes,
445 899 599 939 scilicet
618 897 866 947 exteriores;
885 907 926 938 se
940 896 1154 948 expellere,
1174 895 1249 936 sci-

220 970 316 1011 licet
332 982 408 1022 per
427 981 548 1010 suam
578 971 712 1009 artem
747 967 982 1019 magicam,
1014 967 1064 1008 ab
1101 967 1248 1008 anima

222 1041 442 1094 lanquenie
457 1072 469 1091 ,
492 1040 649 1081 scilicet
668 1051 756 1092 prae
780 1040 932 1080 timore
963 1041 1004 1079 et
1024 1038 1245 1091 perturba-

222 1112 336 1153 tione
362 1127 371 1152 :
407 1112 440 1154 ii
458 1123 554 1153 cum
571 1111 743 1161 derisu,
765 1110 879 1151 illato
912 1111 965 1150 ab
985 1109 1100 1159 aliis,
1132 1109 1250 1161 pleni

223 1184 385 1234 timore,
406 1182 451 1222 in
469 1182 628 1234 seipsis,
654 1181 919 1234 languebant.
942 1180 1059 1221 Unde
1081 1180 1250 1220 cuilibet

224 1265 373 1294 eorum
391 1255 551 1306 poterat
571 1253 751 1293 verbum
771 1252 850 1293 dici
862 1252 965 1292 illud
978 1252 992 1273 ³
1009 1266 1017 1291 ε
1039 1265 1058 1289 (ι
1075 1250 1245 1302 Medice,

224 1337 326 1365 cura
341 1325 543 1376 teipsum;
567 1338 584 1361 n
612 1326 653 1363 et
671 1323 683 1343 ⁴
706 1338 714 1362 :
739 1338 758 1361 (‹
777 1322 934 1372 Nubes,
956 1325 996 1362 et
1019 1326 1187 1371 ventus,
1211 1324 1251 1361 et

222 1394 379 1446 pluviae
423 1406 511 1434 nou
556 1395 803 1444 sequentes,
834 1393 900 1433 vir
934 1392 1168 1443 gloriosus,
1211 1395 1251 1432 et

221 1465 428 1518 promissa
445 1476 532 1504 non
551 1463 779 1515 complens.
801 1477 819 1500 n

273 1539 313 1577 9.
335 1536 449 1579 Nam
472 1540 513 1577 et
538 1535 580 1576 si
609 1534 722 1576 nihil
750 1534 844 1576 illos
875 1544 930 1575 ex
959 1534 1186 1584 monstris,
1208 1534 1251 1574 id

221 1610 304 1658 est,
340 1607 708 1660 phantasmatibus
735 1605 1059 1658 apparentibuS,
1082 1606 1150 1647 vel
1170 1607 1252 1645 mi-

221 1677 374 1718 raculis
409 1677 568 1730 Moysi,
613 1677 886 1729 perturbabat
903 1708 914 1727 ,
955 1677 1055 1729 quia
1099 1677 1252 1717 scilicet

222 1749 421 1789 monstris
440 1751 558 1788 erant
577 1748 755 1798 assueti,
781 1748 887 1788 sicut
906 1747 1077 1788 Balaam
1099 1760 1186 1788 non
1205 1749 1252 1788 ti-

224 1820 333 1860 muit
355 1820 567 1873 loquelam
594 1820 748 1870 asinae,
786 1822 832 1860 ut
864 1822 976 1872 patet
996 1820 1028 1869 5;
1063 1821 1251 1862 transitu

224 1894 364 1932 tamen
384 1891 664 1940 animalium,
694 1890 849 1930 scilicet
878 1890 1015 1930 subito
1049 1893 1089 1930 et
1117 1891 1250 1943 impe-

223 1965 370 2011 tuoso,
404 1961 559 2002 scilicet
589 1972 811 2011 ursorum,
837 1964 877 2001 et
899 1960 1095 2010 leonum,
1118 1963 1159 2001 et
1178 1961 1253 2002 hu-

218 2031 432 2084 Jusmodi,
455 2035 494 2073 et
513 2030 758 2073 sibilatione
787 2035 1041 2082 serpentum,
1064 2031 1132 2071 vel
1163 2043 1249 2071 ser—

222 2102 426 2155 pentium,
447 2113 553 2154 quos
574 2101 728 2142 scilicet
750 2101 893 2141 videre
917 2113 1004 2141 non
1031 2104 1247 2153 poterant,

221 2173 430 2222 commoti,
462 2172 617 2213 scilicet
644 2172 842 2222 interius,
866 2172 1131 2214 tremebundi·
1145 2205 1154 2222 ,
1177 2185 1249 2214 ex-

221 2243 354 2284 terius
368 2275 379 2294 ,
397 2243 597 2295 peribant
610 2276 619 2294 ,
650 2244 804 2284 scilicet
822 2244 1063 2285 deficientes
1082 2249 1253 2298 propter

220 2313 439 2366 praedicta,
459 2313 572 2354 unde
591 2314 604 2335 ⁶
628 2328 637 2354 :
665 2329 684 2352 α
710 2314 830 2355 Dabit
860 2315 936 2355 tibi
958 2314 1161 2355 Dominus
1181 2328 1254 2356 cor

220 2383 445 2436 pavidum,
470 2386 511 2424 et
530 2384 672 2424 oculos
700 2384 937 2425 deficientes
954 2417 963 2435 ,
996 2388 1037 2425 et
1065 2385 1253 2425 animam

223 2466 404 2496 moerore
434 2458 753 2508 consumptam,
787 2458 827 2495 et
860 2455 1028 2495 timebis
1058 2458 1179 2496 nocte
1213 2459 1254 2496 et

223 2525 305 2566 die.
325 2539 344 2562 n
371 2525 452 2574 Et,
474 2525 516 2566 id
535 2528 597 2566 est
616 2527 745 2567 etiam
762 2556 774 2574 ,
803 2536 961 2575 aerem,
991 2536 1113 2578 quem
1131 2526 1253 2567 nulla

224 2595 389 2638 ratione
413 2595 593 2648 effugere
612 2595 711 2648 quis
730 2599 887 2648 posset,
909 2595 1064 2636 scilicet
1081 2599 1253 2648 propter

226 2666 517 2707 necessitatem
548 2666 834 2719 inspirationis
866 2669 907 2706 et
936 2666 1249 2718 respirationis;

225 2740 426 2789 negantes
454 2747 496 2778 se
520 2736 661 2778 videre
676 2768 687 2786 ,
709 2738 880 2790 propter
898 2737 1089 2777 tenebras
1113 2737 1254 2790 palpa-

224 2807 343 2848 biles.
358 2807 614 2859 Frequenter
635 2808 747 2849 enim
760 2812 1077 2859 praeoccupant,
1099 2808 1254 2849 scilicet

224 2877 448 2930 cogitando
467 2880 509 2918 et
527 2878 784 2930 expectando
804 2881 901 2919 ante
921 2881 1138 2928 eventum,
1160 2889 1251 2930 pes-

223 2951 333 2991 sima
355 2949 421 3002 (b),
447 2949 603 2990 scilicet
628 2949 832 3002 supplicia
851 2961 926 3002 pro
954 2949 1132 3001 peccatis
1153 2949 1254 2989 infe-

224 3019 368 3060 renda.
394 3019 578 3061 Pessima
597 3019 708 3068 dicit,
730 3020 831 3072 quia
850 3020 961 3060 mala
987 3019 1032 3059 in
1051 3019 1154 3069 vita,
1184 3032 1255 3072 pe-

220 3091 316 3142 jora
327 3090 372 3130 in
383 3093 533 3140 morte,
547 3089 729 3142 pessima
739 3093 832 3142 post
846 3092 1022 3131 mortem
1035 3104 1045 3140 3
1063 3090 1130 3131 vel
1144 3090 1254 3131 mala

225 3160 383 3211 innata,
396 3163 542 3213 pejora
560 3160 676 3201 illata
695 3161 747 3201 ab
766 3160 954 3210 homine,
978 3160 1050 3201 sed
1070 3161 1251 3213 pessima

225 3230 380 3272 inflicta
398 3244 423 3272 a
441 3231 539 3282 Deo,
557 3235 728 3285 propter
746 3232 860 3285 quod
876 3233 890 3255 ⁷
908 3247 916 3273 :
943 3248 962 3270 «
984 3232 1253 3274 Horrendum

226 3303 289 3340 est
307 3300 488 3343 incidere
505 3302 550 3342 in
571 3314 725 3343 manus
745 3302 819 3343 Dei
837 3303 1035 3345 viventis.
1054 3317 1072 3340 n
1098 3303 1253 3346 Redar-

269 3383 276 3400 ¹
302 3384 408 3419 Prov„
436 3391 490 3423 x1,
512 3386 542 3415 2.
568 3402 607 3408 —
631 3385 644 3405 Ξ
666 3385 798 3423 Jerem„
827 3393 883 3425 1x,
908 3387 959 3418 23.
982 3402 1022 3409 —
1045 3386 1059 3407 3
1087 3386 1176 3424 Luc„
1205 3394 1250 3426 ιν,

227 3430 277 3461 23.
294 3444 327 3451 -
343 3429 356 3450 ¹·
372 3429 481 3470 Prov„
499 3438 579 3471 xxv,
598 3433 649 3463 14.
663 3450 704 3456 —
718 3433 858 3472 5Num„
878 3440 966 3472 xxii,
988 3435 1038 3466 29.
1052 3451 1088 3458 —
1111 3434 1124 3455 θ
1139 3433 1250 3470 Dent„

229 3483 358 3514 xxvm,
388 3477 438 3507 65.
463 3494 503 3499 —
524 3479 537 3499 ⁷
562 3478 674 3517 Helm,
699 3489 741 3520 x,
771 3482 819 3512 31.
844 3498 878 3502 —
905 3479 919 3501 ⁸
941 3481 1047 3522 Hiera,
1070 3488 1112 3517 11,
1143 3482 1191 3512 19.
1212 3498 1252 3504 -

227 3523 238 3541 ⁹
263 3523 274 3554 1
295 3523 401 3563 Joan„
430 3530 476 3563 iv,
503 3526 552 3561 18,
579 3542 620 3550 -
649 3527 678 3549 ¹⁰
703 3526 797 3561 Psal.
823 3533 909 3567 xm,
935 3530 985 3560 10.
1013 3545 1052 3552 -
1083 3530 1108 3551 ¹1
1133 3527 1250 3567 Levit.,

2269 239 2337 276 121

1318 334 1468 385 quente
1495 342 1565 371 eos
1591 332 1873 381 conscientia,
1896 330 2130 371 secundum
2160 330 2265 371 illud
2284 333 2297 354 ⁸
2329 342 2339 370 ε

1324 417 1344 440 «
1362 403 1529 453 Arguet
1547 404 1588 442 te
1607 401 1768 441 malitia
1785 407 1874 442 tua.
1897 415 1916 439 ›)

1374 476 1438 514 10.
1461 472 1566 512 Cum
1582 473 1643 514 sit
1661 473 1774 514 enim
1795 471 1950 514 timida
1968 471 2184 524 nequitia,
2206 470 2248 511 id
2268 475 2342 522 est,

1319 544 1479 583 habens
1497 543 1697 583 timorem
1716 555 1948 593 annexum,
1970 554 2019 583 eo
2039 542 2153 594 quod
2184 541 2347 581 malum

1320 614 1454 666 culpae
1488 626 1654 667 semper
1690 614 1983 667 consequitur,
2020 613 2088 655 vel
2122 612 2348 653 comitatur

1320 685 1481 724 malum
1508 696 1647 737 poenae
1671 695 1680 724 :
1710 685 1822 725 unde
1849 684 1956 725 sicut
1994 699 2013 722 <‹
2042 684 2223 724 charitas
2250 695 2347 736 per-

1320 755 1426 795 fecta
1444 755 1630 795 excludit
1644 755 1855 805 timorem,
1875 768 1894 791 ))
1913 757 1962 794 ut
1982 753 2135 794 dicitur
2154 757 2182 804 ⁹,
2199 753 2257 793 sic
2267 753 2347 793 ini-

1321 825 1461 878 quitas
1481 837 1580 865 eum
1600 827 1743 865 causat
1761 827 1802 865 et
1821 824 1995 874 inducit,
2016 824 2130 865 unde
2148 823 2178 846 ⁴⁰
2202 838 2242 864 ια
2255 823 2352 865 Tre-

1321 897 1575 950 pidaverunt
1602 896 1778 946 timore,
1801 896 1875 935 ubi
1905 907 1991 935 non
2022 897 2111 935 erat
2139 895 2293 945 timor3
2326 910 2345 932 n

1321 968 1424 1008 item
1436 968 1461 989 ¹¹
1477 981 1516 1007 z«
1530 966 1719 1007 Terrebit
1733 978 1803 1007 eos
1823 966 1986 1006 sonitus
2005 965 2094 1006 folii
2112 965 2309 1007 volantis.
2327 980 2346 1002 i>

1323 1041 1405 1081 Dat
1436 1038 1725 1081 testimonium
1760 1036 2154 1086 condemnationis,
2197 1035 2353 1077 scilicet

1323 1113 1468 1150 contra
1489 1112 1673 1150 actorem
1694 1120 1846 1159 suum,
1870 1108 1983 1148 unde
2015 1107 2042 1129 ¹²
2074 1121 2084 1148 z
2114 1122 2133 1146 α
2153 1106 2354 1147 Testimo-

1323 1180 1444 1221 nium
1464 1180 1663 1220 reddente
1683 1178 1937 1219 conscientia
1960 1190 1970 1219 z
1992 1192 2011 1215 n
2047 1178 2351 1227 testimonium,

1324 1251 1514 1304 inquam,
1532 1250 1917 1297 condemnationis,
1931 1249 2088 1290 scilicet
2101 1248 2251 1289 actoris
2271 1248 2351 1298 sui,

1323 1322 1367 1362 id
1387 1325 1463 1371 est,
1485 1322 1730 1362 testificatur
1750 1321 1891 1373 ipsum
1923 1332 2014 1361 esse
2045 1320 2229 1371 dignum
2260 1331 2355 1360 con-

1324 1392 1615 1441 demnatione,
1650 1391 1764 1431 unde
1793 1403 1923 1442 supra
1953 1391 1982 1416 ¹³
2018 1403 2028 1430 ι
2059 1404 2078 1427 α
2102 1389 2186 1430 Nos
2217 1389 2356 1430 insen-

1325 1461 1427 1511 sati,
1450 1476 1468 1498 »
1495 1464 1573 1501 etc.
1596 1461 1701 1501 Item
1718 1462 1747 1486 ¹³
1769 1473 1779 1501 :
1809 1476 1828 1498 «
1853 1460 2002 1501 Merito
2030 1459 2122 1500 haec
2150 1459 2353 1511 patimur,

1325 1532 1428 1584 quia
1448 1532 1716 1585 peccavimus
1736 1532 1781 1572 in
1801 1533 1975 1572 fratrem
1993 1533 2203 1572 nostrum.
2226 1544 2245 1568 1)
2273 1529 2356 1570 Alii

1325 1604 1482 1644 habent
1502 1618 1510 1643 :
1536 1604 1646 1645 Data
1670 1607 1731 1645 est
1755 1604 1804 1644 in
1824 1603 2014 1645 omnium
2041 1600 2357 1644 condemnatio-

1325 1684 1434 1715 nem.
1455 1675 1621 1726 Semper
1649 1674 1762 1716 enim
1787 1674 2034 1725 praesumit,
2058 1672 2099 1712 id
2131 1674 2216 1723 est,
2248 1674 2360 1712 aute-

1326 1757 1455 1797 quam
1485 1745 1705 1793 eveniant,
1740 1743 1998 1796 suspicatur,
2033 1752 2171 1793 soeva,
2202 1742 2245 1783 id
2273 1744 2356 1792 est,

1325 1828 1473 1868 aspera
1488 1816 1566 1855 sibi
1581 1819 1805 1865 eventura3
1819 1814 2068 1867 perturbata
2083 1815 2358 1864 conscientia,

1327 1887 1481 1927 scilicet
1500 1888 1668 1939 peccato
1683 1918 1694 1936 ,
1717 1885 1785 1926 vel
1810 1886 1968 1937 peccati
1993 1897 2212 1934 remorsu,
2245 1885 2361 1925 unde

1326 1958 1424 1999 dicit
1444 1957 1546 1998 Cain
1573 1957 1602 1981 ¹5
1627 1971 1635 1997 :
1681 1955 1884 2007 «Omnis,
1911 1956 1985 2008 qui
2017 1955 2232 1998 invenerit
2264 1967 2357 2005 me,

1325 2028 1482 2070 occidet
1503 2040 1586 2068 me.
1614 2041 1633 2064 »

1381 2103 1446 2139 11.
1477 2098 1602 2140 Nihil
1635 2098 1749 2139 enim
1773 2100 1856 2148 est,
1887 2099 1963 2137 etc.
1999 2096 2120 2145 Nota,
2154 2096 2265 2150 quod
2291 2096 2361 2137 hic
2408 2098 2519 2152 ,Timor

1326 2170 1503 2211 causalis
1516 2169 1773 2222 praedicatio,
1790 2180 1880 2209 non
1897 2168 2131 2209 essentialis
2147 2168 2328 2209 habetur
2347 2180 2357 2208 :
2380 2147 2522 2215 Zssmgfsss

1324 2241 1451 2282 timor
1471 2240 1584 2281 enim
1602 2251 1689 2280 non
1710 2243 1771 2280 est
1790 2239 2067 2292 praesumptio
2081 2270 2094 2289 ,
2115 2239 2187 2280 sed
2213 2250 2359 2280 causa·
2381 2229 2518 2290 ssfftussfu'

1326 2316 1395 2353 tur
1425 2324 1479 2352 ex
1508 2310 1868 2363 praesumptione,
1907 2309 1951 2350 id
1982 2312 2065 2360 est,
2101 2312 2362 2362 praesumpta

1325 2382 1562 2435 suspicione
1592 2381 1695 2421 mali
1729 2380 1877 2421 futuri.
1915 2379 2035 2420 Unde
2067 2379 2265 2420 describit
2291 2380 2362 2420 hic

1325 2453 1522 2492 timorem
1541 2451 1762 2504 dupliciter
1785 2465 1793 2491 :
1813 2450 1952 2503 primo
1965 2462 2040 2502 per
2056 2462 2243 2502 causam,
2262 2462 2360 2503 quae

1326 2525 1388 2563 est
1416 2522 1691 2574 praesumptio
1723 2520 1823 2561 mali
1854 2520 2009 2570 futuri3
2045 2521 2252 2571 secundo,
2286 2533 2361 2573 per

1326 2594 1523 2634 effectum
1554 2594 1671 2644 ejus,
1704 2591 1778 2644 qui
1807 2594 1869 2632 est
1893 2591 2096 2643 perditio,
2129 2591 2199 2631 vel
2226 2591 2360 2631 mani-

1324 2664 1489 2705 festatio
1508 2662 1777 2715 cogitationis
1798 2660 2028 2702 deficientis
2041 2660 2192 2701 auxilii
2211 2674 2220 2701 :
2238 2661 2361 2703 Nihil

1326 2736 1440 2778 enim
1464 2739 1522 2777 est
1546 2734 1688 2783 timor,
1712 2733 1803 2774 nisi
1819 2732 2171 2785 praesumptionis
2198 2731 2361 2783 adjuto-

1324 2809 1440 2849 rium
1462 2806 1508 2859 (c)
1537 2817 1550 2846 :
1582 2804 1625 2845 id
1655 2805 1732 2853 est,
1753 2801 2046 2855 praesumptio,
2071 2802 2160 2843 sive
2179 2802 2360 2855 suspicio

1325 2878 1425 2918 mali
1437 2875 1585 2926 futuri,
1607 2875 1676 2916 vel
1687 2873 1895 2923 eventuri,
1911 2872 2120 2925 adjuvans
2134 2873 2187 2913 ad
2204 2873 2357 2913 timen-

1325 2949 1448 2998 dum;
1460 2952 1496 2989 et
1505 2945 1690 2999 proditio
1701 2944 1979 2997 coqitationts
1991 2944 2272 2994 auxiliorum,
2287 2944 2361 2984 sci-

1325 3019 1420 3060 licet
1442 3016 1741 3066 deficientium,
1771 3015 1814 3055 id
1844 3017 1920 3064 est,
1952 3014 2154 3066 cogitatio
2176 3015 2359 3066 prodens

1325 3090 1532 3131 defectum
1552 3087 1714 3136 auxilii,
1733 3088 1773 3126 et
1795 3085 1874 3138 ipsi
1894 3085 2076 3134 timenti,
2093 3087 2134 3124 et
2155 3084 2260 3135 aliis,
2279 3085 2356 3125 sci-

1324 3161 1420 3201 licet
1439 3159 1511 3212 qui
1531 3160 1623 3211 ejus
1641 3157 1793 3197 timore
1813 3155 2046 3208 percipiant
2077 3154 2254 3195 deficere
2282 3166 2357 3195 au-

1324 3231 1488 3271 xilium.
1501 3229 1616 3270 Unde
1627 3227 1721 3269 talis
1733 3227 1861 3267 timor
1877 3226 1974 3266 facit
1986 3225 2166 3265 clamare
2177 3225 2357 3278 petendo

1325 3301 1551 3350 auxilium,
1571 3301 1619 3339 ut
1638 3299 1752 3351 patet
1767 3297 1812 3336 in
1831 3295 1970 3346 Petro,
1993 3295 2066 3348 qui
2086 3307 2184 3336 cum
2207 3293 2354 3346 coepis-

1324 3392 1420 3424 xxvi,
1441 3384 1492 3415 36.
1510 3399 1550 3406 —
1567 3382 1591 3403 ¹2
1606 3381 1708 3420 Rom„
1730 3387 1768 3419 11,
1786 3381 1836 3410 15.
1853 3396 1894 3402 —
1913 3378 1937 3400 ¹3
1954 3378 2048 3418 Sap„
2065 3385 2098 3418 V,
2114 3378 2142 3408 4.
2159 3393 2195 3398 —
2218 3376 2248 3397 ¹⁸
2263 3377 2353 3416 Gen„

1325 3440 1409 3471 xLu,
1427 3433 1478 3462 21.
1498 3447 1534 3453 ff
1555 3429 1578 3447 ¹⁵
1599 3429 1693 3467 Gen„
1714 3435 1759 3468 iv,
1778 3428 1829 3458 14.
1852 3444 1892 3450 -
1912 3426 1955 3467 (α)
1978 3426 2060 3457 Caet.
2082 3424 2161 3455 edit.
2182 3422 2277 3454 deest
2296 3422 2356 3453 Illi

1324 3479 1431 3518 enim,
1452 3479 1561 3509 etc.—
1583 3475 1625 3517 (b)
1642 3476 1737 3514 Haec,
1754 3473 1878 3505 scilicet
1899 3483 1906 3503 ε
1928 3472 2142 3512 Frequenter,
2164 3469 2352 3511 etc.,Vulg.

1326 3535 1395 3560 non
1407 3525 1564 3559 habet.—
1576 3523 1615 3565 (c)
1630 3524 1714 3556 Item
1727 3530 1792 3555 nec
1800 3518 2070 3563 praesumptionis
2080 3517 2298 3559 adjutorium,
2308 3518 2351 3550 et.
