<?xml version="1.0" encoding="UTF-8"?>
<!DOCTYPE html PUBLIC "-//W3C//DTD XHTML 1.0 Transitional//EN"
    "http://www.w3.org/TR/xhtml1/DTD/xhtml1-transitional.dtd">
<html xmlns="http://www.w3.org/1999/xhtml" xml:lang="en" lang="en">
 <head>
  <title>
</title>
<meta http-equiv="Content-Type" content="text/html;charset=utf-8" />
  <meta name='ocr-system' content='tesseract 3.04.00' />
  <meta name='ocr-capabilities' content='ocr_page ocr_carea ocr_par ocr_line ocrx_word'/>
</head>
<body>
  <div class='ocr_page' id='page_1' title='image "./operaomniasixtiv10bonauoft_0601.png"; bbox 0 0 2634 3853; ppageno 0'>
   <div class='ocr_carea' id='block_1_1' title="bbox 961 237 1600 280">
    <p class='ocr_par' dir='ltr' id='par_1_1' title="bbox 961 237 1600 280">
     <span class='ocr_line' id='line_1_1' title="bbox 961 237 1600 280; baseline 0 0"><span class='ocrx_word' id='word_1_1' title='bbox 961 237 1234 280; x_wconf 84' lang='lat' dir='ltr'><strong>EXPOSITIO</strong></span> <span class='ocrx_word' id='word_1_2' title='bbox 1265 237 1319 278; x_wconf 92' lang='lat' dir='ltr'>IN</span> <span class='ocrx_word' id='word_1_3' title='bbox 1348 238 1461 279; x_wconf 87' lang='lat' dir='ltr'><strong>CAP.</strong></span> <span class='ocrx_word' id='word_1_4' title='bbox 1492 238 1600 280; x_wconf 90' lang='lat' dir='ltr'><strong>XIII.</strong></span> 
     </span>
    </p>
   </div>
   <div class='ocr_carea' id='block_1_2' title="bbox 178 323 1250 3360">
    <p class='ocr_par' dir='ltr' id='par_1_2' title="bbox 219 323 1244 591">
     <span class='ocr_line' id='line_1_2' title="bbox 272 323 1243 376; baseline 0.005 -13"><span class='ocrx_word' id='word_1_5' title='bbox 272 323 406 373; x_wconf 86' lang='lat' dir='ltr'>Nono,</span> <span class='ocrx_word' id='word_1_6' title='bbox 423 325 594 376; x_wconf 88' lang='lat' dir='ltr'>propter</span> <span class='ocrx_word' id='word_1_7' title='bbox 610 324 814 367; x_wconf 88' lang='lat' dir='ltr'>defectum</span> <span class='ocrx_word' id='word_1_8' title='bbox 833 326 1022 368; x_wconf 85' lang='lat' dir='ltr'>veritatis</span> <span class='ocrx_word' id='word_1_9' title='bbox 1042 328 1053 350; x_wconf 89' lang='lat'>¹</span> <span class='ocrx_word' id='word_1_10' title='bbox 1080 342 1089 368; x_wconf 75' lang='grc' dir='ltr'>ι</span> <span class='ocrx_word' id='word_1_11' title='bbox 1111 342 1129 366; x_wconf 75' lang='grc' dir='ltr'>α</span> <span class='ocrx_word' id='word_1_12' title='bbox 1149 327 1243 368; x_wconf 89' lang='lat' dir='ltr'>Tes-</span> 
     </span>
     <span class='ocr_line' id='line_1_3' title="bbox 220 393 1244 451; baseline 0.005 -18"><span class='ocrx_word' id='word_1_13' title='bbox 220 393 271 434; x_wconf 87' lang='lat' dir='ltr'>tis</span> <span class='ocrx_word' id='word_1_14' title='bbox 295 394 424 434; x_wconf 86' lang='lat' dir='ltr'>falsus</span> <span class='ocrx_word' id='word_1_15' title='bbox 455 407 541 436; x_wconf 87' lang='lat' dir='ltr'>non</span> <span class='ocrx_word' id='word_1_16' title='bbox 571 396 649 436; x_wconf 86' lang='lat' dir='ltr'>erit</span> <span class='ocrx_word' id='word_1_17' title='bbox 676 397 940 450; x_wconf 88' lang='lat' dir='ltr'>impunitus,</span> <span class='ocrx_word' id='word_1_18' title='bbox 960 401 999 439; x_wconf 88' lang='lat' dir='ltr'>et</span> <span class='ocrx_word' id='word_1_19' title='bbox 1028 398 1101 451; x_wconf 86' lang='lat' dir='ltr'>qui</span> <span class='ocrx_word' id='word_1_20' title='bbox 1123 410 1244 438; x_wconf 90' lang='lat' dir='ltr'>men-</span> 
     </span>
     <span class='ocr_line' id='line_1_4' title="bbox 219 465 1240 520; baseline 0.004 -15"><span class='ocrx_word' id='word_1_21' title='bbox 219 465 336 506; x_wconf 83' lang='lat' dir='ltr'>dacia</span> <span class='ocrx_word' id='word_1_22' title='bbox 351 466 560 519; x_wconf 87' lang='lat' dir='ltr'>loquitur,</span> <span class='ocrx_word' id='word_1_23' title='bbox 582 480 668 508; x_wconf 88' lang='lat' dir='ltr'>non</span> <span class='ocrx_word' id='word_1_24' title='bbox 689 469 877 520; x_wconf 82' lang='lat' dir='ltr'>effugiet.</span> <span class='ocrx_word' id='word_1_25' title='bbox 900 484 919 507; x_wconf 71' lang='lat' dir='ltr'>n</span> <span class='ocrx_word' id='word_1_26' title='bbox 951 469 1001 510; x_wconf 86' lang='lat' dir='ltr'>Et</span> <span class='ocrx_word' id='word_1_27' title='bbox 1020 469 1177 510; x_wconf 89' lang='lat' dir='ltr'>ibidem</span> <span class='ocrx_word' id='word_1_28' title='bbox 1195 471 1208 490; x_wconf 76' lang='lat'><strong>²</strong></span> <span class='ocrx_word' id='word_1_29' title='bbox 1232 483 1240 509; x_wconf 93' lang='lat'>:</span> 
     </span>
     <span class='ocr_line' id='line_1_5' title="bbox 226 535 821 591; baseline 0.005 -17"><span class='ocrx_word' id='word_1_30' title='bbox 226 550 244 573; x_wconf 86' lang='lat'>&lt;‹</span> <span class='ocrx_word' id='word_1_31' title='bbox 261 535 392 576; x_wconf 88' lang='lat' dir='ltr'>Testis</span> <span class='ocrx_word' id='word_1_32' title='bbox 413 538 595 579; x_wconf 81' lang='lat' dir='ltr'>mendax</span> <span class='ocrx_word' id='word_1_33' title='bbox 614 539 780 591; x_wconf 79' lang='lat' dir='ltr'><strong>peribit.</strong></span> <span class='ocrx_word' id='word_1_34' title='bbox 802 554 821 577; x_wconf 70' lang='lat' dir='ltr'>n</span> 
     </span>
    </p>

    <p class='ocr_par' dir='ltr' id='par_1_3' title="bbox 217 607 1248 1086">
     <span class='ocr_line' id='line_1_6' title="bbox 270 607 1241 663; baseline 0.003 -16"><span class='ocrx_word' id='word_1_35' title='bbox 270 607 453 659; x_wconf 81' lang='lat' dir='ltr'>Decimo,</span> <span class='ocrx_word' id='word_1_36' title='bbox 478 612 649 662; x_wconf 87' lang='lat' dir='ltr'>propter</span> <span class='ocrx_word' id='word_1_37' title='bbox 673 610 879 651; x_wconf 80' lang='lat' dir='ltr'>defectum</span> <span class='ocrx_word' id='word_1_38' title='bbox 910 611 1021 663; x_wconf 84' lang='lat' dir='ltr'>pacis</span> <span class='ocrx_word' id='word_1_39' title='bbox 1043 613 1083 652; x_wconf 88' lang='lat' dir='ltr'>et</span> <span class='ocrx_word' id='word_1_40' title='bbox 1103 610 1241 651; x_wconf 86' lang='lat' dir='ltr'>unita-</span> 
     </span>
     <span class='ocr_line' id='line_1_7' title="bbox 217 678 1242 733; baseline 0.003 -15"><span class='ocrx_word' id='word_1_41' title='bbox 217 678 272 719; x_wconf 88' lang='lat' dir='ltr'>tis</span> <span class='ocrx_word' id='word_1_42' title='bbox 287 682 301 703; x_wconf 74' lang='lat'><strong>3</strong></span> <span class='ocrx_word' id='word_1_43' title='bbox 322 691 332 719; x_wconf 91' lang='lat'>:</span> <span class='ocrx_word' id='word_1_44' title='bbox 357 679 535 732; x_wconf 81' lang='lat' dir='ltr'>«Neque</span> <span class='ocrx_word' id='word_1_45' title='bbox 572 681 941 721; x_wconf 75' lang='lat' dir='ltr'>murmuraveritis</span> <span class='ocrx_word' id='word_1_46' title='bbox 958 713 969 731; x_wconf 91' lang='lat'>,</span> <span class='ocrx_word' id='word_1_47' title='bbox 1008 681 1114 721; x_wconf 89' lang='lat' dir='ltr'>sicut</span> <span class='ocrx_word' id='word_1_48' title='bbox 1148 681 1242 733; x_wconf 88' lang='lat' dir='ltr'>qui-</span> 
     </span>
     <span class='ocr_line' id='line_1_8' title="bbox 218 749 1246 804; baseline 0.002 -15"><span class='ocrx_word' id='word_1_49' title='bbox 218 749 316 790; x_wconf 87' lang='lat' dir='ltr'>dam</span> <span class='ocrx_word' id='word_1_50' title='bbox 350 762 499 791; x_wconf 86' lang='lat' dir='ltr'>eorum</span> <span class='ocrx_word' id='word_1_51' title='bbox 537 756 939 802; x_wconf 86' lang='lat' dir='ltr'>murmuraverunt,</span> <span class='ocrx_word' id='word_1_52' title='bbox 973 752 1246 804; x_wconf 86' lang='lat' dir='ltr'>etperierunt</span> 
     </span>
     <span class='ocr_line' id='line_1_9' title="bbox 219 820 1244 874; baseline 0.002 -14"><span class='ocrx_word' id='word_1_53' title='bbox 219 820 271 860; x_wconf 89' lang='lat' dir='ltr'>ab</span> <span class='ocrx_word' id='word_1_54' title='bbox 290 821 630 862; x_wconf 79' lang='lat' dir='ltr'>exterminatore.</span> <span class='ocrx_word' id='word_1_55' title='bbox 653 836 670 859; x_wconf 72' lang='lat' dir='ltr'>n</span> <span class='ocrx_word' id='word_1_56' title='bbox 699 822 749 862; x_wconf 86' lang='lat' dir='ltr'>Et</span> <span class='ocrx_word' id='word_1_57' title='bbox 778 822 829 863; x_wconf 86' lang='lat' dir='ltr'>de</span> <span class='ocrx_word' id='word_1_58' title='bbox 861 822 1138 862; x_wconf 86' lang='lat' dir='ltr'>schismaticis</span> <span class='ocrx_word' id='word_1_59' title='bbox 1173 822 1244 874; x_wconf 86' lang='lat' dir='ltr'>qui</span> 
     </span>
     <span class='ocr_line' id='line_1_10' title="bbox 219 891 1248 934; baseline 0.002 -3"><span class='ocrx_word' id='word_1_60' title='bbox 219 893 363 932; x_wconf 88' lang='lat' dir='ltr'>contra</span> <span class='ocrx_word' id='word_1_61' title='bbox 384 891 610 932; x_wconf 89' lang='lat' dir='ltr'>Dominum</span> <span class='ocrx_word' id='word_1_62' title='bbox 635 896 1016 934; x_wconf 88' lang='lat' dir='ltr'>murmuraverunt</span> <span class='ocrx_word' id='word_1_63' title='bbox 1037 895 1050 917; x_wconf 76' lang='lat'><strong>¹·</strong></span> <span class='ocrx_word' id='word_1_64' title='bbox 1077 908 1085 933; x_wconf 90' lang='lat'>:</span> <span class='ocrx_word' id='word_1_65' title='bbox 1115 909 1133 931; x_wconf 70' lang='grc' dir='ltr'><em>α</em></span> <span class='ocrx_word' id='word_1_66' title='bbox 1148 892 1248 933; x_wconf 88' lang='lat' dir='ltr'>Des-</span> 
     </span>
     <span class='ocr_line' id='line_1_11' title="bbox 219 961 1242 1017; baseline 0.003 -16"><span class='ocrx_word' id='word_1_67' title='bbox 219 961 449 1002; x_wconf 86' lang='lat' dir='ltr'>cenderunt</span> <span class='ocrx_word' id='word_1_68' title='bbox 485 962 574 1004; x_wconf 87' lang='lat' dir='ltr'>vivi</span> <span class='ocrx_word' id='word_1_69' title='bbox 611 963 656 1003; x_wconf 90' lang='lat' dir='ltr'>in</span> <span class='ocrx_word' id='word_1_70' title='bbox 693 963 907 1004; x_wconf 84' lang='lat' dir='ltr'>infernum</span> <span class='ocrx_word' id='word_1_71' title='bbox 940 965 1073 1017; x_wconf 89' lang='lat' dir='ltr'>operti</span> <span class='ocrx_word' id='word_1_72' title='bbox 1096 964 1242 1015; x_wconf 85' lang='lat' dir='ltr'>humo,</span> 
     </span>
     <span class='ocr_line' id='line_1_12' title="bbox 219 1033 1096 1086; baseline 0 -13"><span class='ocrx_word' id='word_1_73' title='bbox 219 1034 260 1073; x_wconf 89' lang='lat' dir='ltr'>et</span> <span class='ocrx_word' id='word_1_74' title='bbox 282 1033 499 1086; x_wconf 88' lang='lat' dir='ltr'>perierunt</span> <span class='ocrx_word' id='word_1_75' title='bbox 524 1034 574 1074; x_wconf 90' lang='lat' dir='ltr'>de</span> <span class='ocrx_word' id='word_1_76' title='bbox 598 1034 736 1075; x_wconf 90' lang='lat' dir='ltr'>medio</span> <span class='ocrx_word' id='word_1_77' title='bbox 758 1035 1055 1076; x_wconf 81' lang='lat' dir='ltr'>multitudinis,</span> <span class='ocrx_word' id='word_1_78' title='bbox 1078 1050 1096 1073; x_wconf 83' lang='grc'>»</span> 
     </span>
    </p>

    <p class='ocr_par' dir='ltr' id='par_1_4' title="bbox 178 1103 1250 1653">
     <span class='ocr_line' id='line_1_13' title="bbox 272 1103 1244 1158; baseline 0.002 -14"><span class='ocrx_word' id='word_1_79' title='bbox 272 1103 517 1155; x_wconf 88' lang='lat' dir='ltr'>Undecimo,</span> <span class='ocrx_word' id='word_1_80' title='bbox 529 1107 699 1158; x_wconf 86' lang='lat' dir='ltr'>propter</span> <span class='ocrx_word' id='word_1_81' title='bbox 712 1105 921 1146; x_wconf 83' lang='lat' dir='ltr'>defectum</span> <span class='ocrx_word' id='word_1_82' title='bbox 937 1106 1199 1147; x_wconf 75' lang='lat' dir='ltr'>liberalitatis</span> <span class='ocrx_word' id='word_1_83' title='bbox 1214 1109 1244 1147; x_wconf 71' lang='lat'>5:</span> 
     </span>
     <span class='ocr_line' id='line_1_14' title="bbox 224 1173 1244 1218; baseline 0.003 -5"><span class='ocrx_word' id='word_1_84' title='bbox 224 1189 244 1213; x_wconf 77' lang='grc' dir='ltr'>α</span> <span class='ocrx_word' id='word_1_85' title='bbox 263 1173 427 1216; x_wconf 85' lang='lat' dir='ltr'>Divitiae</span> <span class='ocrx_word' id='word_1_86' title='bbox 470 1178 728 1217; x_wconf 63' lang='lat' dir='ltr'>conservatae</span> <span class='ocrx_word' id='word_1_87' title='bbox 777 1177 821 1216; x_wconf 88' lang='lat' dir='ltr'>in</span> <span class='ocrx_word' id='word_1_88' title='bbox 866 1177 1029 1217; x_wconf 87' lang='lat' dir='ltr'>malum</span> <span class='ocrx_word' id='word_1_89' title='bbox 1083 1177 1244 1218; x_wconf 89' lang='lat' dir='ltr'>domini</span> 
     </span>
     <span class='ocr_line' id='line_1_15' title="bbox 219 1246 1236 1300; baseline -0.001 -14"><span class='ocrx_word' id='word_1_90' title='bbox 219 1246 283 1287; x_wconf 89' lang='lat' dir='ltr'>sui</span> <span class='ocrx_word' id='word_1_91' title='bbox 306 1260 315 1287; x_wconf 90' lang='lat'>:</span> <span class='ocrx_word' id='word_1_92' title='bbox 338 1249 519 1299; x_wconf 85' lang='lat' dir='ltr'>pereunt</span> <span class='ocrx_word' id='word_1_93' title='bbox 550 1247 663 1287; x_wconf 88' lang='lat' dir='ltr'>enim</span> <span class='ocrx_word' id='word_1_94' title='bbox 691 1247 736 1287; x_wconf 86' lang='lat' dir='ltr'>in</span> <span class='ocrx_word' id='word_1_95' title='bbox 755 1248 978 1288; x_wconf 85' lang='lat' dir='ltr'>afflictione</span> <span class='ocrx_word' id='word_1_96' title='bbox 997 1247 1194 1300; x_wconf 89' lang='lat' dir='ltr'>pessima,</span> <span class='ocrx_word' id='word_1_97' title='bbox 1218 1262 1236 1285; x_wconf 75' lang='lat' dir='ltr'>n</span> 
     </span>
     <span class='ocr_line' id='line_1_16' title="bbox 178 1317 1245 1370; baseline 0.002 -13"><span class='ocrx_word' id='word_1_98' title='bbox 178 1362 180 1364; x_wconf 13' lang='lat' dir='ltr'>v</span> <span class='ocrx_word' id='word_1_99' title='bbox 216 1317 258 1358; x_wconf 90' lang='lat' dir='ltr'>id</span> <span class='ocrx_word' id='word_1_100' title='bbox 279 1320 355 1366; x_wconf 85' lang='lat' dir='ltr'>est,</span> <span class='ocrx_word' id='word_1_101' title='bbox 377 1317 513 1370; x_wconf 85' lang='lat' dir='ltr'>perire</span> <span class='ocrx_word' id='word_1_102' title='bbox 544 1318 715 1358; x_wconf 82' lang='lat' dir='ltr'>faciunt.</span> <span class='ocrx_word' id='word_1_103' title='bbox 742 1317 791 1358; x_wconf 85' lang='lat' dir='ltr'>Et</span> <span class='ocrx_word' id='word_1_104' title='bbox 818 1318 1030 1360; x_wconf 69' lang='lat' dir='ltr'>Timotheo</span> <span class='ocrx_word' id='word_1_105' title='bbox 1051 1323 1063 1344; x_wconf 73' lang='lat'>‘³</span> <span class='ocrx_word' id='word_1_106' title='bbox 1086 1331 1095 1358; x_wconf 78' lang='lat' dir='ltr'>z</span> <span class='ocrx_word' id='word_1_107' title='bbox 1124 1334 1142 1356; x_wconf 75' lang='grc' dir='ltr'>α</span> <span class='ocrx_word' id='word_1_108' title='bbox 1162 1318 1245 1367; x_wconf 80' lang='lat' dir='ltr'>Qui</span> 
     </span>
     <span class='ocr_line' id='line_1_17' title="bbox 218 1388 1244 1440; baseline -0.001 -10"><span class='ocrx_word' id='word_1_109' title='bbox 218 1388 367 1430; x_wconf 84' lang='lat' dir='ltr'>volunt</span> <span class='ocrx_word' id='word_1_110' title='bbox 385 1388 536 1430; x_wconf 85' lang='lat' dir='ltr'>divites</span> <span class='ocrx_word' id='word_1_111' title='bbox 555 1389 662 1438; x_wconf 86' lang='lat' dir='ltr'>fieri,</span> <span class='ocrx_word' id='word_1_112' title='bbox 686 1389 876 1429; x_wconf 83' lang='lat' dir='ltr'>incidunt</span> <span class='ocrx_word' id='word_1_113' title='bbox 890 1390 934 1429; x_wconf 89' lang='lat' dir='ltr'>in</span> <span class='ocrx_word' id='word_1_114' title='bbox 954 1390 1244 1440; x_wconf 67' lang='lat' dir='ltr'>tentationem,</span> 
     </span>
     <span class='ocr_line' id='line_1_18' title="bbox 218 1459 1250 1512; baseline 0 -12"><span class='ocrx_word' id='word_1_115' title='bbox 218 1461 259 1500; x_wconf 86' lang='lat' dir='ltr'>ct</span> <span class='ocrx_word' id='word_1_116' title='bbox 278 1459 323 1499; x_wconf 88' lang='lat' dir='ltr'>in</span> <span class='ocrx_word' id='word_1_117' title='bbox 342 1459 542 1512; x_wconf 89' lang='lat' dir='ltr'>laqueum</span> <span class='ocrx_word' id='word_1_118' title='bbox 573 1459 726 1499; x_wconf 83' lang='lat' dir='ltr'>diaboli</span> <span class='ocrx_word' id='word_1_119' title='bbox 741 1491 752 1509; x_wconf 94' lang='lat'>,</span> <span class='ocrx_word' id='word_1_120' title='bbox 794 1462 834 1499; x_wconf 89' lang='lat' dir='ltr'>et</span> <span class='ocrx_word' id='word_1_121' title='bbox 872 1460 1077 1500; x_wconf 85' lang='lat' dir='ltr'>desideria</span> <span class='ocrx_word' id='word_1_122' title='bbox 1114 1461 1250 1501; x_wconf 87' lang='lat' dir='ltr'>multa</span> 
     </span>
     <span class='ocr_line' id='line_1_19' title="bbox 216 1529 1249 1583; baseline 0.001 -13"><span class='ocrx_word' id='word_1_123' title='bbox 216 1530 409 1580; x_wconf 80' lang='lat' dir='ltr'>inutilia,</span> <span class='ocrx_word' id='word_1_124' title='bbox 431 1532 472 1570; x_wconf 86' lang='lat' dir='ltr'>et</span> <span class='ocrx_word' id='word_1_125' title='bbox 498 1529 673 1579; x_wconf 83' lang='lat' dir='ltr'>nociva,</span> <span class='ocrx_word' id='word_1_126' title='bbox 694 1542 790 1582; x_wconf 83' lang='lat' dir='ltr'>quae</span> <span class='ocrx_word' id='word_1_127' title='bbox 819 1534 1023 1583; x_wconf 85' lang='lat' dir='ltr'>mergunt</span> <span class='ocrx_word' id='word_1_128' title='bbox 1054 1531 1249 1571; x_wconf 82' lang='lat' dir='ltr'>homines</span> 
     </span>
     <span class='ocr_line' id='line_1_20' title="bbox 217 1601 916 1653; baseline 0.001 -12"><span class='ocrx_word' id='word_1_129' title='bbox 217 1601 261 1642; x_wconf 88' lang='lat' dir='ltr'>in</span> <span class='ocrx_word' id='word_1_130' title='bbox 282 1601 502 1642; x_wconf 90' lang='lat' dir='ltr'>interitum</span> <span class='ocrx_word' id='word_1_131' title='bbox 523 1603 563 1641; x_wconf 88' lang='lat' dir='ltr'>et</span> <span class='ocrx_word' id='word_1_132' title='bbox 581 1601 874 1653; x_wconf 78' lang='lat' dir='ltr'>perditionem.</span> <span class='ocrx_word' id='word_1_133' title='bbox 898 1616 916 1638; x_wconf 88' lang='lat'>»</span> 
     </span>
    </p>

    <p class='ocr_par' dir='ltr' id='par_1_5' title="bbox 218 1671 1250 2352">
     <span class='ocr_line' id='line_1_21' title="bbox 272 1671 1246 1724; baseline 0 -11"><span class='ocrx_word' id='word_1_134' title='bbox 272 1671 542 1722; x_wconf 90' lang='lat' dir='ltr'>Duodecimo,</span> <span class='ocrx_word' id='word_1_135' title='bbox 564 1673 735 1724; x_wconf 82' lang='lat' dir='ltr'>propter</span> <span class='ocrx_word' id='word_1_136' title='bbox 751 1672 960 1713; x_wconf 83' lang='lat' dir='ltr'>defectum</span> <span class='ocrx_word' id='word_1_137' title='bbox 980 1672 1246 1724; x_wconf 82' lang='lat' dir='ltr'>humilitatis,</span> 
     </span>
     <span class='ocr_line' id='line_1_22' title="bbox 218 1743 1248 1786; baseline -0.001 -2"><span class='ocrx_word' id='word_1_138' title='bbox 218 1745 267 1784; x_wconf 89' lang='lat' dir='ltr'>ut</span> <span class='ocrx_word' id='word_1_139' title='bbox 291 1743 336 1783; x_wconf 87' lang='lat' dir='ltr'>in</span> <span class='ocrx_word' id='word_1_140' title='bbox 374 1743 675 1786; x_wconf 75' lang='lat' dir='ltr'>Ecclesiastico</span> <span class='ocrx_word' id='word_1_141' title='bbox 705 1747 717 1768; x_wconf 84' lang='lat'><strong>⁷</strong></span> <span class='ocrx_word' id='word_1_142' title='bbox 742 1757 750 1783; x_wconf 75' lang='grc' dir='ltr'>ε</span> <span class='ocrx_word' id='word_1_143' title='bbox 789 1744 978 1783; x_wconf 76' lang='lat' dir='ltr'>«Audax</span> <span class='ocrx_word' id='word_1_144' title='bbox 1016 1743 1248 1784; x_wconf 86' lang='lat' dir='ltr'>secundum</span> 
     </span>
     <span class='ocr_line' id='line_1_23' title="bbox 219 1814 1250 1865; baseline 0 -11"><span class='ocrx_word' id='word_1_145' title='bbox 219 1814 481 1855; x_wconf 86' lang='lat' dir='ltr'>voluntatem</span> <span class='ocrx_word' id='word_1_146' title='bbox 501 1826 622 1855; x_wconf 88' lang='lat' dir='ltr'>suam</span> <span class='ocrx_word' id='word_1_147' title='bbox 644 1814 761 1855; x_wconf 87' lang='lat' dir='ltr'>vadit</span> <span class='ocrx_word' id='word_1_148' title='bbox 774 1846 787 1865; x_wconf 92' lang='lat'>,</span> <span class='ocrx_word' id='word_1_149' title='bbox 808 1817 848 1854; x_wconf 88' lang='lat' dir='ltr'>et</span> <span class='ocrx_word' id='word_1_150' title='bbox 867 1814 993 1854; x_wconf 87' lang='lat' dir='ltr'>simul</span> <span class='ocrx_word' id='word_1_151' title='bbox 1028 1827 1126 1855; x_wconf 92' lang='lat' dir='ltr'>cum</span> <span class='ocrx_word' id='word_1_152' title='bbox 1147 1814 1250 1855; x_wconf 80' lang='lat' dir='ltr'>stul-</span> 
     </span>
     <span class='ocr_line' id='line_1_24' title="bbox 220 1885 1246 1938; baseline 0.001 -13"><span class='ocrx_word' id='word_1_153' title='bbox 220 1885 312 1926; x_wconf 86' lang='lat' dir='ltr'>titia</span> <span class='ocrx_word' id='word_1_154' title='bbox 328 1885 441 1926; x_wconf 89' lang='lat' dir='ltr'>illius</span> <span class='ocrx_word' id='word_1_155' title='bbox 455 1885 620 1938; x_wconf 81' lang='lat' dir='ltr'>peribit.</span> <span class='ocrx_word' id='word_1_156' title='bbox 639 1899 658 1923; x_wconf 83' lang='lat'>›&gt;</span> <span class='ocrx_word' id='word_1_157' title='bbox 679 1885 842 1936; x_wconf 73' lang='lat' dir='ltr'>Contra,</span> <span class='ocrx_word' id='word_1_158' title='bbox 859 1897 933 1938; x_wconf 84' lang='lat' dir='ltr'>per</span> <span class='ocrx_word' id='word_1_159' title='bbox 946 1885 1197 1928; x_wconf 70' lang='lat' dir='ltr'>Matiliceam</span> <span class='ocrx_word' id='word_1_160' title='bbox 1211 1888 1246 1926; x_wconf 81' lang='lat'>⁸:</span> 
     </span>
     <span class='ocr_line' id='line_1_25' title="bbox 223 1955 1249 2009; baseline 0 -13"><span class='ocrx_word' id='word_1_161' title='bbox 223 1971 242 1995; x_wconf 83' lang='lat' dir='ltr'>c‹</span> <span class='ocrx_word' id='word_1_162' title='bbox 263 1955 356 1997; x_wconf 91' lang='lat' dir='ltr'>Non</span> <span class='ocrx_word' id='word_1_163' title='bbox 394 1959 455 1997; x_wconf 86' lang='lat' dir='ltr'>est</span> <span class='ocrx_word' id='word_1_164' title='bbox 491 1955 688 1998; x_wconf 80' lang='lat' dir='ltr'>voluntas</span> <span class='ocrx_word' id='word_1_165' title='bbox 726 1959 823 1996; x_wconf 87' lang='lat' dir='ltr'>ante</span> <span class='ocrx_word' id='word_1_166' title='bbox 859 1959 1023 2009; x_wconf 83' lang='lat' dir='ltr'>patrem</span> <span class='ocrx_word' id='word_1_167' title='bbox 1057 1959 1249 1998; x_wconf 83' lang='lat' dir='ltr'>vestrum</span> 
     </span>
     <span class='ocr_line' id='line_1_26' title="bbox 220 2027 1250 2080; baseline -0.001 -12"><span class='ocrx_word' id='word_1_168' title='bbox 220 2027 295 2080; x_wconf 90' lang='lat' dir='ltr'>qui</span> <span class='ocrx_word' id='word_1_169' title='bbox 314 2027 360 2068; x_wconf 90' lang='lat' dir='ltr'>in</span> <span class='ocrx_word' id='word_1_170' title='bbox 382 2027 495 2068; x_wconf 89' lang='lat' dir='ltr'>coelis</span> <span class='ocrx_word' id='word_1_171' title='bbox 516 2030 600 2078; x_wconf 87' lang='lat' dir='ltr'>est,</span> <span class='ocrx_word' id='word_1_172' title='bbox 623 2030 669 2068; x_wconf 88' lang='lat' dir='ltr'>ut</span> <span class='ocrx_word' id='word_1_173' title='bbox 689 2030 832 2080; x_wconf 87' lang='lat' dir='ltr'>pereat</span> <span class='ocrx_word' id='word_1_174' title='bbox 863 2039 976 2068; x_wconf 89' lang='lat' dir='ltr'>unus</span> <span class='ocrx_word' id='word_1_175' title='bbox 1005 2028 1054 2067; x_wconf 91' lang='lat' dir='ltr'>de</span> <span class='ocrx_word' id='word_1_176' title='bbox 1088 2027 1250 2080; x_wconf 79' lang='lat' dir='ltr'>pusillis</span> 
     </span>
     <span class='ocr_line' id='line_1_27' title="bbox 220 2098 1248 2149; baseline 0 -11"><span class='ocrx_word' id='word_1_177' title='bbox 220 2098 326 2139; x_wconf 90' lang='lat' dir='ltr'>istis.</span> <span class='ocrx_word' id='word_1_178' title='bbox 348 2113 367 2136; x_wconf 83' lang='lat'>»</span> <span class='ocrx_word' id='word_1_179' title='bbox 393 2098 406 2120; x_wconf 83' lang='lat'>⁹</span> <span class='ocrx_word' id='word_1_180' title='bbox 429 2113 448 2137; x_wconf 84' lang='lat'>«</span> <span class='ocrx_word' id='word_1_181' title='bbox 472 2098 579 2139; x_wconf 85' lang='lat' dir='ltr'>Oves</span> <span class='ocrx_word' id='word_1_182' title='bbox 600 2110 707 2139; x_wconf 81' lang='lat' dir='ltr'>meae</span> <span class='ocrx_word' id='word_1_183' title='bbox 723 2109 870 2139; x_wconf 83' lang='lat' dir='ltr'>vocem</span> <span class='ocrx_word' id='word_1_184' title='bbox 898 2110 1037 2138; x_wconf 81' lang='lat' dir='ltr'>ineam</span> <span class='ocrx_word' id='word_1_185' title='bbox 1057 2098 1248 2149; x_wconf 79' lang='lat' dir='ltr'>audiunt,</span> 
     </span>
     <span class='ocr_line' id='line_1_28' title="bbox 221 2171 1250 2222; baseline -0.002 -11"><span class='ocrx_word' id='word_1_186' title='bbox 221 2171 262 2211; x_wconf 89' lang='lat' dir='ltr'>et</span> <span class='ocrx_word' id='word_1_187' title='bbox 281 2181 362 2222; x_wconf 89' lang='lat' dir='ltr'>ego</span> <span class='ocrx_word' id='word_1_188' title='bbox 390 2180 600 2221; x_wconf 82' lang='lat' dir='ltr'>cognosco</span> <span class='ocrx_word' id='word_1_189' title='bbox 639 2180 724 2219; x_wconf 81' lang='lat' dir='ltr'>eaS,</span> <span class='ocrx_word' id='word_1_190' title='bbox 765 2171 805 2209; x_wconf 88' lang='lat' dir='ltr'>et</span> <span class='ocrx_word' id='word_1_191' title='bbox 839 2171 1073 2221; x_wconf 88' lang='lat' dir='ltr'>sequuntur</span> <span class='ocrx_word' id='word_1_192' title='bbox 1099 2181 1187 2219; x_wconf 87' lang='lat' dir='ltr'>me;</span> <span class='ocrx_word' id='word_1_193' title='bbox 1209 2172 1250 2210; x_wconf 89' lang='lat' dir='ltr'>et</span> 
     </span>
     <span class='ocr_line' id='line_1_29' title="bbox 221 2239 1250 2293; baseline -0.001 -11"><span class='ocrx_word' id='word_1_194' title='bbox 221 2253 302 2293; x_wconf 85' lang='lat' dir='ltr'>ego</span> <span class='ocrx_word' id='word_1_195' title='bbox 323 2241 458 2283; x_wconf 88' lang='lat' dir='ltr'>vitam</span> <span class='ocrx_word' id='word_1_196' title='bbox 477 2241 681 2281; x_wconf 84' lang='lat' dir='ltr'>aeternam</span> <span class='ocrx_word' id='word_1_197' title='bbox 702 2239 755 2280; x_wconf 88' lang='lat' dir='ltr'>do</span> <span class='ocrx_word' id='word_1_198' title='bbox 771 2241 845 2290; x_wconf 88' lang='lat' dir='ltr'>eis,</span> <span class='ocrx_word' id='word_1_199' title='bbox 868 2242 908 2280; x_wconf 90' lang='lat' dir='ltr'>et</span> <span class='ocrx_word' id='word_1_200' title='bbox 936 2252 1022 2281; x_wconf 89' lang='lat' dir='ltr'>non</span> <span class='ocrx_word' id='word_1_201' title='bbox 1053 2241 1250 2293; x_wconf 89' lang='lat' dir='ltr'>peribunt</span> 
     </span>
     <span class='ocr_line' id='line_1_30' title="bbox 220 2311 552 2352; baseline -0.009 -2"><span class='ocrx_word' id='word_1_202' title='bbox 220 2311 264 2351; x_wconf 90' lang='lat' dir='ltr'>in</span> <span class='ocrx_word' id='word_1_203' title='bbox 285 2313 511 2352; x_wconf 85' lang='lat' dir='ltr'>aeternum.</span> <span class='ocrx_word' id='word_1_204' title='bbox 534 2326 552 2347; x_wconf 76' lang='lat'>›)</span> 
     </span>
    </p>

    <p class='ocr_par' dir='ltr' id='par_1_6' title="bbox 220 2381 1248 2863">
     <span class='ocr_line' id='line_1_31' title="bbox 273 2381 1243 2434; baseline 0.001 -11"><span class='ocrx_word' id='word_1_205' title='bbox 273 2386 313 2423; x_wconf 74' lang='lat'><strong>4.</strong></span> <span class='ocrx_word' id='word_1_206' title='bbox 336 2383 455 2424; x_wconf 76' lang='lat' dir='ltr'>Sicut</span> <span class='ocrx_word' id='word_1_207' title='bbox 474 2381 542 2423; x_wconf 75' lang='lat' dir='ltr'>illi</span> <span class='ocrx_word' id='word_1_208' title='bbox 560 2381 700 2424; x_wconf 82' lang='lat' dir='ltr'>decem</span> <span class='ocrx_word' id='word_1_209' title='bbox 732 2386 771 2424; x_wconf 77' lang='lat' dir='ltr'>et</span> <span class='ocrx_word' id='word_1_210' title='bbox 800 2385 886 2424; x_wconf 75' lang='lat' dir='ltr'>octo</span> <span class='ocrx_word' id='word_1_211' title='bbox 905 2392 1038 2433; x_wconf 78' lang='lat' dir='ltr'>supra</span> <span class='ocrx_word' id='word_1_212' title='bbox 1058 2393 1159 2434; x_wconf 74' lang='lat' dir='ltr'>quos</span> <span class='ocrx_word' id='word_1_213' title='bbox 1179 2393 1243 2424; x_wconf 89' lang='lat' dir='ltr'>ce-</span> 
     </span>
     <span class='ocr_line' id='line_1_32' title="bbox 220 2453 1247 2505; baseline -0.004 -8"><span class='ocrx_word' id='word_1_214' title='bbox 220 2454 330 2497; x_wconf 77' lang='lat' dir='ltr'>cz‘dz‘t</span> <span class='ocrx_word' id='word_1_215' title='bbox 362 2455 514 2504; x_wconf 75' lang='lat' dir='ltr'>turris,</span> <span class='ocrx_word' id='word_1_216' title='bbox 544 2455 621 2494; x_wconf 86' lang='lat' dir='ltr'>ete.</span> <span class='ocrx_word' id='word_1_217' title='bbox 659 2453 735 2493; x_wconf 90' lang='lat' dir='ltr'>Hic</span> <span class='ocrx_word' id='word_1_218' title='bbox 770 2453 990 2505; x_wconf 79' lang='lat' dir='ltr'>redarguit</span> <span class='ocrx_word' id='word_1_219' title='bbox 1018 2453 1247 2505; x_wconf 88' lang='lat' dir='ltr'>negligen-</span> 
     </span>
     <span class='ocr_line' id='line_1_33' title="bbox 221 2524 1248 2578; baseline -0.001 -12"><span class='ocrx_word' id='word_1_220' title='bbox 221 2525 326 2566; x_wconf 87' lang='lat' dir='ltr'>tiam</span> <span class='ocrx_word' id='word_1_221' title='bbox 345 2524 575 2578; x_wconf 88' lang='lat' dir='ltr'>poenitendi</span> <span class='ocrx_word' id='word_1_222' title='bbox 603 2535 678 2576; x_wconf 89' lang='lat' dir='ltr'>per</span> <span class='ocrx_word' id='word_1_223' title='bbox 707 2524 951 2577; x_wconf 84' lang='lat' dir='ltr'>exemplum</span> <span class='ocrx_word' id='word_1_224' title='bbox 981 2527 1248 2577; x_wconf 89' lang='lat' dir='ltr'>assumptum</span> 
     </span>
     <span class='ocr_line' id='line_1_34' title="bbox 222 2595 1244 2650; baseline -0.001 -12"><span class='ocrx_word' id='word_1_225' title='bbox 222 2596 335 2650; x_wconf 91' lang='lat' dir='ltr'>quod</span> <span class='ocrx_word' id='word_1_226' title='bbox 354 2598 416 2637; x_wconf 84' lang='lat' dir='ltr'>est</span> <span class='ocrx_word' id='word_1_227' title='bbox 434 2595 647 2636; x_wconf 83' lang='lat' dir='ltr'>conforme</span> <span class='ocrx_word' id='word_1_228' title='bbox 674 2595 726 2635; x_wconf 87' lang='lat' dir='ltr'>ad</span> <span class='ocrx_word' id='word_1_229' title='bbox 753 2595 997 2648; x_wconf 83' lang='lat' dir='ltr'>exemplum</span> <span class='ocrx_word' id='word_1_230' title='bbox 1023 2596 1214 2637; x_wconf 88' lang='lat' dir='ltr'>auditum</span> <span class='ocrx_word' id='word_1_231' title='bbox 1235 2611 1244 2637; x_wconf 72' lang='grc' dir='ltr'>ε</span> 
     </span>
     <span class='ocr_line' id='line_1_35' title="bbox 222 2666 1248 2721; baseline 0 -13"><span class='ocrx_word' id='word_1_232' title='bbox 222 2668 267 2708; x_wconf 89' lang='lat' dir='ltr'>in</span> <span class='ocrx_word' id='word_1_233' title='bbox 287 2679 372 2721; x_wconf 89' lang='lat' dir='ltr'>quo</span> <span class='ocrx_word' id='word_1_234' title='bbox 389 2666 665 2720; x_wconf 81' lang='lat' dir='ltr'>praemittitur</span> <span class='ocrx_word' id='word_1_235' title='bbox 684 2668 874 2718; x_wconf 83' lang='lat' dir='ltr'>gravitas</span> <span class='ocrx_word' id='word_1_236' title='bbox 892 2679 1043 2720; x_wconf 79' lang='lat' dir='ltr'>poenae,</span> <span class='ocrx_word' id='word_1_237' title='bbox 1061 2670 1248 2719; x_wconf 85' lang='lat' dir='ltr'>negatur</span> 
     </span>
     <span class='ocr_line' id='line_1_36' title="bbox 220 2737 1245 2791; baseline 0.001 -13"><span class='ocrx_word' id='word_1_238' title='bbox 220 2737 482 2791; x_wconf 81' lang='lat' dir='ltr'>profunditas</span> <span class='ocrx_word' id='word_1_239' title='bbox 499 2737 699 2790; x_wconf 75' lang='lat' dir='ltr'>nequitiae</span> <span class='ocrx_word' id='word_1_240' title='bbox 714 2770 726 2789; x_wconf 91' lang='lat'>,</span> <span class='ocrx_word' id='word_1_241' title='bbox 752 2740 793 2779; x_wconf 88' lang='lat' dir='ltr'>et</span> <span class='ocrx_word' id='word_1_242' title='bbox 812 2738 1077 2779; x_wconf 76' lang='lat' dir='ltr'>concluditur</span> <span class='ocrx_word' id='word_1_243' title='bbox 1098 2751 1245 2780; x_wconf 86' lang='lat' dir='ltr'>neces-</span> 
     </span>
     <span class='ocr_line' id='line_1_37' title="bbox 221 2808 607 2863; baseline 0 -13"><span class='ocrx_word' id='word_1_244' title='bbox 221 2810 320 2851; x_wconf 84' lang='lat' dir='ltr'>sitas</span> <span class='ocrx_word' id='word_1_245' title='bbox 331 2808 590 2863; x_wconf 79' lang='lat' dir='ltr'>poenitentiae</span> <span class='ocrx_word' id='word_1_246' title='bbox 598 2841 607 2850; x_wconf 88' lang='lat'><strong>.</strong></span> 
     </span>
    </p>

    <p class='ocr_par' dir='ltr' id='par_1_7' title="bbox 218 2880 1248 3360">
     <span class='ocr_line' id='line_1_38' title="bbox 274 2880 1247 2933; baseline 0.002 -11"><span class='ocrx_word' id='word_1_247' title='bbox 274 2880 418 2922; x_wconf 88' lang='lat' dir='ltr'>Primo</span> <span class='ocrx_word' id='word_1_248' title='bbox 437 2880 591 2932; x_wconf 87' lang='lat' dir='ltr'>igitur,</span> <span class='ocrx_word' id='word_1_249' title='bbox 617 2882 828 2932; x_wconf 89' lang='lat' dir='ltr'>quantum</span> <span class='ocrx_word' id='word_1_250' title='bbox 859 2880 911 2921; x_wconf 87' lang='lat' dir='ltr'>ad</span> <span class='ocrx_word' id='word_1_251' title='bbox 931 2881 1187 2933; x_wconf 85' lang='lat' dir='ltr'>gravitatem</span> <span class='ocrx_word' id='word_1_252' title='bbox 1207 2886 1247 2924; x_wconf 89' lang='lat' dir='ltr'>et</span> 
     </span>
     <span class='ocr_line' id='line_1_39' title="bbox 218 2951 1248 3004; baseline 0.004 -13"><span class='ocrx_word' id='word_1_253' title='bbox 218 2951 545 2993; x_wconf 84' lang='lat' dir='ltr'>horribilitatem</span> <span class='ocrx_word' id='word_1_254' title='bbox 576 2962 713 3003; x_wconf 83' lang='lat' dir='ltr'>poenae</span> <span class='ocrx_word' id='word_1_255' title='bbox 739 2952 994 3004; x_wconf 84' lang='lat' dir='ltr'>repentinae,</span> <span class='ocrx_word' id='word_1_256' title='bbox 1030 2953 1128 2993; x_wconf 91' lang='lat' dir='ltr'>dicit</span> <span class='ocrx_word' id='word_1_257' title='bbox 1151 2968 1158 2994; x_wconf 93' lang='lat'>:</span> <span class='ocrx_word' id='word_1_258' title='bbox 1185 2954 1248 2996; x_wconf 82' lang='lat' dir='ltr'><strong>Sz&#39;-</strong></span> 
     </span>
     <span class='ocr_line' id='line_1_40' title="bbox 221 3023 1247 3076; baseline 0.001 -10"><span class='ocrx_word' id='word_1_259' title='bbox 221 3027 294 3066; x_wconf 80' lang='lat' dir='ltr'>cut</span> <span class='ocrx_word' id='word_1_260' title='bbox 311 3024 379 3065; x_wconf 75' lang='lat' dir='ltr'>ilci</span> <span class='ocrx_word' id='word_1_261' title='bbox 398 3023 536 3066; x_wconf 82' lang='lat' dir='ltr'>decem</span> <span class='ocrx_word' id='word_1_262' title='bbox 554 3026 592 3065; x_wconf 80' lang='lat' dir='ltr'>et</span> <span class='ocrx_word' id='word_1_263' title='bbox 611 3028 698 3065; x_wconf 77' lang='lat' dir='ltr'>occo</span> <span class='ocrx_word' id='word_1_264' title='bbox 718 3033 842 3075; x_wconf 75' lang='lat' dir='ltr'>super</span> <span class='ocrx_word' id='word_1_265' title='bbox 870 3034 973 3076; x_wconf 83' lang='lat' dir='ltr'>quos</span> <span class='ocrx_word' id='word_1_266' title='bbox 993 3026 1150 3068; x_wconf 75' lang='lat' dir='ltr'>cecidit</span> <span class='ocrx_word' id='word_1_267' title='bbox 1160 3028 1247 3068; x_wconf 77' lang='lat' dir='ltr'>tar-</span> 
     </span>
     <span class='ocr_line' id='line_1_41' title="bbox 219 3093 1245 3147; baseline 0 -10"><span class='ocrx_word' id='word_1_268' title='bbox 219 3096 282 3137; x_wconf 76' lang='lat' dir='ltr'>ris</span> <span class='ocrx_word' id='word_1_269' title='bbox 302 3096 351 3137; x_wconf 79' lang='lat' dir='ltr'>in</span> <span class='ocrx_word' id='word_1_270' title='bbox 370 3093 506 3147; x_wconf 70' lang='lat' dir='ltr'>Sitne,</span> <span class='ocrx_word' id='word_1_271' title='bbox 540 3097 578 3137; x_wconf 81' lang='lat' dir='ltr'>et</span> <span class='ocrx_word' id='word_1_272' title='bbox 605 3094 760 3138; x_wconf 75' lang='lat' dir='ltr'>occidit</span> <span class='ocrx_word' id='word_1_273' title='bbox 798 3105 879 3137; x_wconf 83' lang='lat' dir='ltr'>eos.</span> <span class='ocrx_word' id='word_1_274' title='bbox 920 3095 993 3136; x_wconf 86' lang='lat' dir='ltr'>Isti</span> <span class='ocrx_word' id='word_1_275' title='bbox 1024 3095 1168 3136; x_wconf 85' lang='lat' dir='ltr'>decem</span> <span class='ocrx_word' id='word_1_276' title='bbox 1204 3099 1245 3137; x_wconf 88' lang='lat' dir='ltr'>et</span> 
     </span>
     <span class='ocr_line' id='line_1_42' title="bbox 219 3165 1244 3219; baseline 0.001 -12"><span class='ocrx_word' id='word_1_277' title='bbox 219 3168 313 3208; x_wconf 89' lang='lat' dir='ltr'>octo</span> <span class='ocrx_word' id='word_1_278' title='bbox 333 3165 668 3219; x_wconf 79' lang='lat' dir='ltr'>Hierosolymitae</span> <span class='ocrx_word' id='word_1_279' title='bbox 690 3168 835 3215; x_wconf 88' lang='lat' dir='ltr'>erant,</span> <span class='ocrx_word' id='word_1_280' title='bbox 869 3166 944 3218; x_wconf 87' lang='lat' dir='ltr'>qui</span> <span class='ocrx_word' id='word_1_281' title='bbox 971 3166 1023 3207; x_wconf 90' lang='lat' dir='ltr'>ad</span> <span class='ocrx_word' id='word_1_282' title='bbox 1059 3167 1244 3208; x_wconf 79' lang='lat' dir='ltr'>litteram</span> 
     </span>
     <span class='ocr_line' id='line_1_43' title="bbox 220 3236 1246 3290; baseline 0.002 -13"><span class='ocrx_word' id='word_1_283' title='bbox 220 3236 536 3279; x_wconf 65' lang='lat' dir='ltr'>{edificaverunt</span> <span class='ocrx_word' id='word_1_284' title='bbox 554 3237 707 3277; x_wconf 86' lang='lat' dir='ltr'>turrim</span> <span class='ocrx_word' id='word_1_285' title='bbox 730 3238 857 3290; x_wconf 77' lang='lat' dir='ltr'>juxta</span> <span class='ocrx_word' id='word_1_286' title='bbox 882 3236 1013 3287; x_wconf 89' lang='lat' dir='ltr'>Siloe,</span> <span class='ocrx_word' id='word_1_287' title='bbox 1048 3240 1088 3278; x_wconf 89' lang='lat' dir='ltr'>et</span> <span class='ocrx_word' id='word_1_288' title='bbox 1120 3238 1246 3279; x_wconf 88' lang='lat' dir='ltr'>ruina</span> 
     </span>
     <span class='ocr_line' id='line_1_44' title="bbox 219 3307 1246 3360; baseline 0.002 -12"><span class='ocrx_word' id='word_1_289' title='bbox 219 3307 348 3348; x_wconf 87' lang='lat' dir='ltr'>turris</span> <span class='ocrx_word' id='word_1_290' title='bbox 366 3307 555 3360; x_wconf 87' lang='lat' dir='ltr'>oppressi</span> <span class='ocrx_word' id='word_1_291' title='bbox 575 3309 686 3358; x_wconf 84' lang='lat' dir='ltr'>sunt,</span> <span class='ocrx_word' id='word_1_292' title='bbox 710 3307 830 3360; x_wconf 80' lang='lat' dir='ltr'>quasi</span> <span class='ocrx_word' id='word_1_293' title='bbox 857 3319 910 3348; x_wconf 85' lang='lat' dir='ltr'>ex</span> <span class='ocrx_word' id='word_1_294' title='bbox 928 3307 1174 3360; x_wconf 89' lang='lat' dir='ltr'>improviso.</span> <span class='ocrx_word' id='word_1_295' title='bbox 1195 3308 1246 3350; x_wconf 88' lang='lat' dir='ltr'>Et</span> 
     </span>
    </p>
   </div>
   <div class='ocr_carea' id='block_1_3' title="bbox 220 3389 1245 3572">
    <p class='ocr_par' dir='ltr' id='par_1_8' title="bbox 220 3389 1245 3572">
     <span class='ocr_line' id='line_1_45' title="bbox 260 3389 1243 3431; baseline 0.001 -10"><span class='ocrx_word' id='word_1_296' title='bbox 260 3391 271 3412; x_wconf 80' lang='lat'><strong>¹</strong></span> <span class='ocrx_word' id='word_1_297' title='bbox 291 3391 402 3427; x_wconf 66' lang='lat' dir='ltr'>Pron„</span> <span class='ocrx_word' id='word_1_298' title='bbox 422 3397 502 3429; x_wconf 78' lang='lat' dir='ltr'>xlx,</span> <span class='ocrx_word' id='word_1_299' title='bbox 523 3391 554 3420; x_wconf 87' lang='lat'>5.</span> <span class='ocrx_word' id='word_1_300' title='bbox 573 3407 614 3412; x_wconf 91' lang='lat'><strong>—</strong></span> <span class='ocrx_word' id='word_1_301' title='bbox 632 3390 646 3410; x_wconf 81' lang='lat'>2</span> <span class='ocrx_word' id='word_1_302' title='bbox 665 3389 764 3429; x_wconf 60' lang='lat' dir='ltr'>lbid„</span> <span class='ocrx_word' id='word_1_303' title='bbox 786 3398 864 3431; x_wconf 69' lang='grc' dir='ltr'>ΧΧΙ,</span> <span class='ocrx_word' id='word_1_304' title='bbox 890 3391 940 3421; x_wconf 74' lang='lat'><strong>28.</strong></span> <span class='ocrx_word' id='word_1_305' title='bbox 963 3409 998 3413; x_wconf 91' lang='lat'>—</span> <span class='ocrx_word' id='word_1_306' title='bbox 1028 3391 1038 3408; x_wconf 88' lang='lat'>³</span> <span class='ocrx_word' id='word_1_307' title='bbox 1061 3391 1069 3421; x_wconf 81' lang='lat' dir='ltr'>l</span> <span class='ocrx_word' id='word_1_308' title='bbox 1093 3391 1182 3429; x_wconf 60' lang='lat' dir='ltr'>Corn,</span> <span class='ocrx_word' id='word_1_309' title='bbox 1208 3399 1243 3431; x_wconf 75' lang='lat' dir='ltr'>x,</span> 
     </span>
     <span class='ocr_line' id='line_1_46' title="bbox 222 3436 1244 3477; baseline -0.001 -9"><span class='ocrx_word' id='word_1_310' title='bbox 222 3439 272 3469; x_wconf 89' lang='lat'><strong>10.</strong></span> <span class='ocrx_word' id='word_1_311' title='bbox 289 3454 329 3459; x_wconf 90' lang='lat'>—</span> <span class='ocrx_word' id='word_1_312' title='bbox 347 3436 361 3457; x_wconf 68' lang='lat'><strong>⁴</strong></span> <span class='ocrx_word' id='word_1_313' title='bbox 375 3436 487 3475; x_wconf 68' lang='lat' dir='ltr'>Num,</span> <span class='ocrx_word' id='word_1_314' title='bbox 509 3442 580 3474; x_wconf 82' lang='lat' dir='ltr'>xvi,</span> <span class='ocrx_word' id='word_1_315' title='bbox 601 3436 652 3467; x_wconf 79' lang='lat'><strong>33.</strong></span> <span class='ocrx_word' id='word_1_316' title='bbox 673 3453 713 3459; x_wconf 97' lang='lat'>—</span> <span class='ocrx_word' id='word_1_317' title='bbox 731 3437 742 3455; x_wconf 76' lang='lat'>⁵</span> <span class='ocrx_word' id='word_1_318' title='bbox 762 3436 879 3476; x_wconf 64' lang='lat' dir='ltr'>eccle„</span> <span class='ocrx_word' id='word_1_319' title='bbox 901 3445 932 3477; x_wconf 78' lang='lat' dir='ltr'>V,</span> <span class='ocrx_word' id='word_1_320' title='bbox 952 3438 1001 3468; x_wconf 82' lang='lat'><strong>13.</strong></span> <span class='ocrx_word' id='word_1_321' title='bbox 1023 3452 1064 3460; x_wconf 46' lang='grc' dir='ltr'>-κ</span> <span class='ocrx_word' id='word_1_322' title='bbox 1081 3437 1094 3458; x_wconf 76' lang='grc'><strong>6</strong></span> <span class='ocrx_word' id='word_1_323' title='bbox 1116 3438 1126 3467; x_wconf 92' lang='lat' dir='ltr'>l</span> <span class='ocrx_word' id='word_1_324' title='bbox 1150 3437 1244 3477; x_wconf 67' lang='lat' dir='ltr'>Tim„</span> 
     </span>
     <span class='ocr_line' id='line_1_47' title="bbox 220 3482 1245 3523; baseline -0.002 -8"><span class='ocrx_word' id='word_1_325' title='bbox 220 3492 268 3519; x_wconf 77' lang='lat' dir='ltr'>vi,</span> <span class='ocrx_word' id='word_1_326' title='bbox 292 3485 325 3514; x_wconf 84' lang='lat'><strong>9.</strong></span> <span class='ocrx_word' id='word_1_327' title='bbox 344 3500 384 3506; x_wconf 92' lang='lat'>—</span> <span class='ocrx_word' id='word_1_328' title='bbox 410 3483 419 3502; x_wconf 87' lang='lat'><strong>⁷</strong></span> <span class='ocrx_word' id='word_1_329' title='bbox 444 3482 559 3519; x_wconf 69' lang='lat' dir='ltr'>Ecelz’„</span> <span class='ocrx_word' id='word_1_330' title='bbox 586 3489 662 3521; x_wconf 76' lang='lat' dir='ltr'>vni,</span> <span class='ocrx_word' id='word_1_331' title='bbox 688 3484 737 3514; x_wconf 82' lang='lat'><strong>18.</strong></span> <span class='ocrx_word' id='word_1_332' title='bbox 760 3500 800 3506; x_wconf 88' lang='lat'>—</span> <span class='ocrx_word' id='word_1_333' title='bbox 826 3484 836 3502; x_wconf 80' lang='lat'>⁸</span> <span class='ocrx_word' id='word_1_334' title='bbox 855 3483 989 3522; x_wconf 61' lang='lat' dir='ltr'>Mami„</span> <span class='ocrx_word' id='word_1_335' title='bbox 1013 3490 1111 3523; x_wconf 62' lang='lat' dir='ltr'>xviii,</span> <span class='ocrx_word' id='word_1_336' title='bbox 1135 3485 1183 3514; x_wconf 62' lang='grc'>14.</span> <span class='ocrx_word' id='word_1_337' title='bbox 1205 3502 1245 3508; x_wconf 88' lang='grc'>--</span> 
     </span>
     <span class='ocr_line' id='line_1_48' title="bbox 221 3529 1243 3572; baseline 0.001 -10"><span class='ocrx_word' id='word_1_338' title='bbox 221 3532 233 3550; x_wconf 72' lang='lat'>⁹</span> <span class='ocrx_word' id='word_1_339' title='bbox 248 3531 359 3568; x_wconf 68' lang='lat' dir='ltr'>Joan„</span> <span class='ocrx_word' id='word_1_340' title='bbox 380 3537 416 3569; x_wconf 82' lang='lat' dir='ltr'>x,</span> <span class='ocrx_word' id='word_1_341' title='bbox 436 3531 488 3562; x_wconf 83' lang='lat'><strong>28.</strong></span> <span class='ocrx_word' id='word_1_342' title='bbox 504 3546 543 3552; x_wconf 91' lang='lat'>-</span> <span class='ocrx_word' id='word_1_343' title='bbox 562 3530 586 3551; x_wconf 91' lang='lat'>¹⁰</span> <span class='ocrx_word' id='word_1_344' title='bbox 604 3529 716 3570; x_wconf 79' lang='lat' dir='ltr'>P›¹ov.‚</span> <span class='ocrx_word' id='word_1_345' title='bbox 733 3537 818 3570; x_wconf 78' lang='lat' dir='ltr'>XVII,</span> <span class='ocrx_word' id='word_1_346' title='bbox 841 3532 890 3563; x_wconf 87' lang='lat'><strong>16.</strong></span> <span class='ocrx_word' id='word_1_347' title='bbox 905 3547 946 3553; x_wconf 94' lang='lat'><strong>—</strong></span> <span class='ocrx_word' id='word_1_348' title='bbox 967 3532 990 3553; x_wconf 84' lang='lat'><strong>¹1</strong></span> <span class='ocrx_word' id='word_1_349' title='bbox 1007 3532 1141 3571; x_wconf 67' lang='lat' dir='ltr'>Jerem„</span> <span class='ocrx_word' id='word_1_350' title='bbox 1158 3539 1191 3572; x_wconf 90' lang='lat' dir='ltr'>v,</span> <span class='ocrx_word' id='word_1_351' title='bbox 1214 3535 1243 3564; x_wconf 77' lang='grc'>1.</span> 
     </span>
    </p>
   </div>
   <div class='ocr_carea' id='block_1_4' title="bbox 2266 246 2342 286">
    <p class='ocr_par' dir='ltr' id='par_1_9' title="bbox 2266 246 2342 286">
     <span class='ocr_line' id='line_1_49' title="bbox 2266 246 2342 286; baseline 0.026 -2"><span class='ocrx_word' id='word_1_352' title='bbox 2266 246 2342 286; x_wconf 77' lang='lat'>579</span> 
     </span>
    </p>
   </div>
   <div class='ocr_carea' id='block_1_5' title="bbox 1318 327 2355 3364">
    <p class='ocr_par' dir='ltr' id='par_1_10' title="bbox 1318 327 2345 452">
     <span class='ocr_line' id='line_1_50' title="bbox 1319 327 2345 382; baseline 0.007 -16"><span class='ocrx_word' id='word_1_353' title='bbox 1319 327 1400 367; x_wconf 91' lang='lat' dir='ltr'>hoc</span> <span class='ocrx_word' id='word_1_354' title='bbox 1419 329 1535 380; x_wconf 81' lang='lat' dir='ltr'>justo</span> <span class='ocrx_word' id='word_1_355' title='bbox 1553 328 1713 381; x_wconf 89' lang='lat' dir='ltr'>judicio</span> <span class='ocrx_word' id='word_1_356' title='bbox 1738 329 1831 380; x_wconf 88' lang='lat' dir='ltr'>Dei,</span> <span class='ocrx_word' id='word_1_357' title='bbox 1865 329 1965 382; x_wconf 87' lang='lat' dir='ltr'>quia</span> <span class='ocrx_word' id='word_1_358' title='bbox 1989 330 2016 351; x_wconf 92' lang='lat'><strong>¹⁰</strong></span> <span class='ocrx_word' id='word_1_359' title='bbox 2038 344 2047 370; x_wconf 82' lang='lat'>2</span> <span class='ocrx_word' id='word_1_360' title='bbox 2078 330 2192 380; x_wconf 85' lang='lat' dir='ltr'>«Qui</span> <span class='ocrx_word' id='word_1_361' title='bbox 2217 332 2345 373; x_wconf 84' lang='lat' dir='ltr'>altam</span> 
     </span>
     <span class='ocr_line' id='line_1_51' title="bbox 1318 397 2178 452; baseline 0.001 -16"><span class='ocrx_word' id='word_1_362' title='bbox 1318 397 1413 437; x_wconf 83' lang='lat' dir='ltr'>facit</span> <span class='ocrx_word' id='word_1_363' title='bbox 1432 398 1604 438; x_wconf 87' lang='lat' dir='ltr'>domum</span> <span class='ocrx_word' id='word_1_364' title='bbox 1625 410 1761 449; x_wconf 88' lang='lat' dir='ltr'>suam,</span> <span class='ocrx_word' id='word_1_365' title='bbox 1782 399 1934 452; x_wconf 83' lang='lat' dir='ltr'>quaerit</span> <span class='ocrx_word' id='word_1_366' title='bbox 1953 399 2136 440; x_wconf 88' lang='lat' dir='ltr'>ruinam.</span> <span class='ocrx_word' id='word_1_367' title='bbox 2160 415 2178 437; x_wconf 78' lang='lat'>›&gt;</span> 
     </span>
    </p>

    <p class='ocr_par' dir='ltr' id='par_1_11' title="bbox 1318 467 2351 1160">
     <span class='ocr_line' id='line_1_52' title="bbox 1373 467 2344 524; baseline 0.006 -17"><span class='ocrx_word' id='word_1_368' title='bbox 1373 467 1589 518; x_wconf 84' lang='lat' dir='ltr'>Secundo⁷</span> <span class='ocrx_word' id='word_1_369' title='bbox 1624 473 1833 521; x_wconf 87' lang='lat' dir='ltr'>quantum</span> <span class='ocrx_word' id='word_1_370' title='bbox 1865 471 1918 512; x_wconf 89' lang='lat' dir='ltr'>ad</span> <span class='ocrx_word' id='word_1_371' title='bbox 1953 471 2228 523; x_wconf 85' lang='lat' dir='ltr'>negationem</span> <span class='ocrx_word' id='word_1_372' title='bbox 2247 485 2344 524; x_wconf 90' lang='lat' dir='ltr'>pro-</span> 
     </span>
     <span class='ocr_line' id='line_1_53' title="bbox 1318 537 2348 596; baseline 0.01 -20"><span class='ocrx_word' id='word_1_373' title='bbox 1318 537 1536 578; x_wconf 86' lang='lat' dir='ltr'>funditatis</span> <span class='ocrx_word' id='word_1_374' title='bbox 1559 540 1771 592; x_wconf 80' lang='lat' dir='ltr'>nequitiae,</span> <span class='ocrx_word' id='word_1_375' title='bbox 1796 542 1991 583; x_wconf 84' lang='lat' dir='ltr'>subditur</span> <span class='ocrx_word' id='word_1_376' title='bbox 2013 557 2021 582; x_wconf 80' lang='lat' dir='ltr'>t</span> <span class='ocrx_word' id='word_1_377' title='bbox 2050 543 2224 585; x_wconf 74' lang='lat' dir='ltr'>Putatis</span> <span class='ocrx_word' id='word_1_378' title='bbox 2244 546 2348 596; x_wconf 68' lang='lat' dir='ltr'>quia</span> 
     </span>
     <span class='ocr_line' id='line_1_54' title="bbox 1319 608 2344 664; baseline 0.007 -15"><span class='ocrx_word' id='word_1_379' title='bbox 1319 612 1358 650; x_wconf 83' lang='lat' dir='ltr'>et</span> <span class='ocrx_word' id='word_1_380' title='bbox 1375 608 1463 660; x_wconf 75' lang='lat' dir='ltr'>ipsi</span> <span class='ocrx_word' id='word_1_381' title='bbox 1493 609 1698 652; x_wconf 66' lang='lat' dir='ltr'>debitores</span> <span class='ocrx_word' id='word_1_382' title='bbox 1725 611 1886 661; x_wconf 77' lang='lat' dir='ltr'>fuerint</span> <span class='ocrx_word' id='word_1_383' title='bbox 1914 616 2067 664; x_wconf 57' lang='lat' dir='ltr'>praeter</span> <span class='ocrx_word' id='word_1_384' title='bbox 2105 624 2245 656; x_wconf 73' lang='lat' dir='ltr'>omnes</span> <span class='ocrx_word' id='word_1_385' title='bbox 2271 614 2344 656; x_wconf 84' lang='grc' dir='ltr'>1ιο-</span> 
     </span>
     <span class='ocr_line' id='line_1_55' title="bbox 1319 679 2350 738; baseline 0.007 -19"><span class='ocrx_word' id='word_1_386' title='bbox 1319 679 1453 721; x_wconf 73' lang='lat' dir='ltr'>mines</span> <span class='ocrx_word' id='word_1_387' title='bbox 1494 680 1734 724; x_wconf 75' lang='lat' dir='ltr'>habitantes</span> <span class='ocrx_word' id='word_1_388' title='bbox 1771 683 1820 724; x_wconf 74' lang='lat' dir='ltr'>in</span> <span class='ocrx_word' id='word_1_389' title='bbox 1858 684 2111 735; x_wconf 76' lang='lat' dir='ltr'>Jerusalem,</span> <span class='ocrx_word' id='word_1_390' title='bbox 2141 684 2241 738; x_wconf 86' lang='lat' dir='ltr'>quia</span> <span class='ocrx_word' id='word_1_391' title='bbox 2272 685 2350 726; x_wconf 88' lang='lat' dir='ltr'>soli</span> 
     </span>
     <span class='ocr_line' id='line_1_56' title="bbox 1320 750 2350 809; baseline 0.009 -21"><span class='ocrx_word' id='word_1_392' title='bbox 1320 750 1457 801; x_wconf 87' lang='lat' dir='ltr'>puniti</span> <span class='ocrx_word' id='word_1_393' title='bbox 1477 753 1574 791; x_wconf 85' lang='lat' dir='ltr'>sunt</span> <span class='ocrx_word' id='word_1_394' title='bbox 1595 754 1649 802; x_wconf 88' lang='lat' dir='ltr'><strong>(v.</strong></span> <span class='ocrx_word' id='word_1_395' title='bbox 1664 752 1716 804; x_wconf 79' lang='lat'>5.)</span> <span class='ocrx_word' id='word_1_396' title='bbox 1730 753 1839 804; x_wconf 76' lang='lat' dir='ltr'>Non,</span> <span class='ocrx_word' id='word_1_397' title='bbox 1857 753 1952 796; x_wconf 75' lang='lat' dir='ltr'>dico</span> <span class='ocrx_word' id='word_1_398' title='bbox 1974 755 2106 806; x_wconf 80' lang='lat' dir='ltr'>vobis,</span> <span class='ocrx_word' id='word_1_399' title='bbox 2121 756 2220 809; x_wconf 89' lang='lat' dir='ltr'>quia</span> <span class='ocrx_word' id='word_1_400' title='bbox 2241 758 2350 797; x_wconf 88' lang='lat' dir='ltr'>certe</span> 
     </span>
     <span class='ocr_line' id='line_1_57' title="bbox 1323 819 2348 876; baseline 0.009 -18"><span class='ocrx_word' id='word_1_401' title='bbox 1323 819 1444 859; x_wconf 89' lang='lat' dir='ltr'>multi</span> <span class='ocrx_word' id='word_1_402' title='bbox 1481 821 1550 860; x_wconf 90' lang='lat' dir='ltr'>alii</span> <span class='ocrx_word' id='word_1_403' title='bbox 1582 825 1700 863; x_wconf 82' lang='lat' dir='ltr'>erant</span> <span class='ocrx_word' id='word_1_404' title='bbox 1729 827 1964 876; x_wconf 79' lang='lat' dir='ltr'>peccatores</span> <span class='ocrx_word' id='word_1_405' title='bbox 1995 827 2039 866; x_wconf 86' lang='lat' dir='ltr'>in</span> <span class='ocrx_word' id='word_1_406' title='bbox 2065 839 2114 867; x_wconf 91' lang='lat' dir='ltr'>ea</span> <span class='ocrx_word' id='word_1_407' title='bbox 2134 828 2158 849; x_wconf 89' lang='lat'>¹¹</span> <span class='ocrx_word' id='word_1_408' title='bbox 2185 841 2194 868; x_wconf 90' lang='lat'><strong>:</strong></span> <span class='ocrx_word' id='word_1_409' title='bbox 2224 842 2243 866; x_wconf 82' lang='lat'>«</span> <span class='ocrx_word' id='word_1_410' title='bbox 2264 826 2348 868; x_wconf 89' lang='lat' dir='ltr'>Cir-</span> 
     </span>
     <span class='ocr_line' id='line_1_58' title="bbox 1321 890 2348 949; baseline 0.009 -19"><span class='ocrx_word' id='word_1_411' title='bbox 1321 890 1429 931; x_wconf 89' lang='lat' dir='ltr'>cuite</span> <span class='ocrx_word' id='word_1_412' title='bbox 1448 891 1538 933; x_wconf 84' lang='lat' dir='ltr'>vias</span> <span class='ocrx_word' id='word_1_413' title='bbox 1556 892 1789 934; x_wconf 77' lang='lat' dir='ltr'>Jerusalem</span> <span class='ocrx_word' id='word_1_414' title='bbox 1805 927 1815 946; x_wconf 83' lang='lat'><strong>‚</strong></span> <span class='ocrx_word' id='word_1_415' title='bbox 1837 903 1877 936; x_wconf 84' lang='lat' dir='ltr'>et</span> <span class='ocrx_word' id='word_1_416' title='bbox 1899 897 2070 949; x_wconf 87' lang='lat' dir='ltr'>aspicite</span> <span class='ocrx_word' id='word_1_417' title='bbox 2086 929 2096 947; x_wconf 84' lang='lat'>‚</span> <span class='ocrx_word' id='word_1_418' title='bbox 2140 900 2179 938; x_wconf 90' lang='lat' dir='ltr'>et</span> <span class='ocrx_word' id='word_1_419' title='bbox 2213 898 2348 939; x_wconf 89' lang='lat' dir='ltr'>consi-</span> 
     </span>
     <span class='ocr_line' id='line_1_59' title="bbox 1321 961 2351 1020; baseline 0.009 -20"><span class='ocrx_word' id='word_1_420' title='bbox 1321 961 1477 1011; x_wconf 74' lang='lat' dir='ltr'>derate,</span> <span class='ocrx_word' id='word_1_421' title='bbox 1500 965 1539 1002; x_wconf 89' lang='lat' dir='ltr'>et</span> <span class='ocrx_word' id='word_1_422' title='bbox 1558 964 1737 1015; x_wconf 77' lang='lat' dir='ltr'>quaerite</span> <span class='ocrx_word' id='word_1_423' title='bbox 1766 965 1812 1006; x_wconf 90' lang='lat' dir='ltr'>in</span> <span class='ocrx_word' id='word_1_424' title='bbox 1841 966 1987 1019; x_wconf 85' lang='lat' dir='ltr'>plateis</span> <span class='ocrx_word' id='word_1_425' title='bbox 2014 969 2106 1020; x_wconf 80' lang='lat' dir='ltr'>ers</span> <span class='ocrx_word' id='word_1_426' title='bbox 2121 1001 2131 1020; x_wconf 61' lang='lat'><em>7</em></span> <span class='ocrx_word' id='word_1_427' title='bbox 2154 980 2209 1009; x_wconf 88' lang='lat' dir='ltr'>an</span> <span class='ocrx_word' id='word_1_428' title='bbox 2228 969 2351 1011; x_wconf 88' lang='lat' dir='ltr'>inve-</span> 
     </span>
     <span class='ocr_line' id='line_1_60' title="bbox 1320 1031 2350 1093; baseline 0.01 -21"><span class='ocrx_word' id='word_1_429' title='bbox 1320 1031 1445 1072; x_wconf 87' lang='lat' dir='ltr'>niatis</span> <span class='ocrx_word' id='word_1_430' title='bbox 1457 1033 1600 1074; x_wconf 86' lang='lat' dir='ltr'>virum</span> <span class='ocrx_word' id='word_1_431' title='bbox 1617 1035 1838 1077; x_wconf 86' lang='lat' dir='ltr'>facientem</span> <span class='ocrx_word' id='word_1_432' title='bbox 1850 1038 2075 1090; x_wconf 86' lang='lat' dir='ltr'>judicium,</span> <span class='ocrx_word' id='word_1_433' title='bbox 2099 1042 2140 1080; x_wconf 89' lang='lat' dir='ltr'>et</span> <span class='ocrx_word' id='word_1_434' title='bbox 2157 1051 2350 1093; x_wconf 83' lang='lat' dir='ltr'>quaeren-</span> 
     </span>
     <span class='ocr_line' id='line_1_61' title="bbox 1321 1104 2156 1160; baseline 0.007 -18"><span class='ocrx_word' id='word_1_435' title='bbox 1321 1104 1407 1143; x_wconf 89' lang='lat' dir='ltr'>tem</span> <span class='ocrx_word' id='word_1_436' title='bbox 1432 1104 1582 1155; x_wconf 86' lang='lat' dir='ltr'>fidem,</span> <span class='ocrx_word' id='word_1_437' title='bbox 1618 1108 1659 1146; x_wconf 91' lang='lat' dir='ltr'>et</span> <span class='ocrx_word' id='word_1_438' title='bbox 1695 1108 1902 1160; x_wconf 88' lang='lat' dir='ltr'>propitius</span> <span class='ocrx_word' id='word_1_439' title='bbox 1939 1122 2011 1150; x_wconf 90' lang='lat' dir='ltr'>ero</span> <span class='ocrx_word' id='word_1_440' title='bbox 2048 1110 2100 1151; x_wconf 92' lang='lat' dir='ltr'>ei.</span> <span class='ocrx_word' id='word_1_441' title='bbox 2137 1125 2156 1148; x_wconf 82' lang='lat'>›)</span> 
     </span>
    </p>

    <p class='ocr_par' dir='ltr' id='par_1_12' title="bbox 1322 1174 2355 2728">
     <span class='ocr_line' id='line_1_62' title="bbox 1376 1174 2352 1228; baseline 0.009 -14"><span class='ocrx_word' id='word_1_442' title='bbox 1376 1174 1532 1225; x_wconf 87' lang='lat' dir='ltr'>Tertio,</span> <span class='ocrx_word' id='word_1_443' title='bbox 1553 1180 1763 1228; x_wconf 86' lang='lat' dir='ltr'>quantum</span> <span class='ocrx_word' id='word_1_444' title='bbox 1777 1179 1828 1219; x_wconf 91' lang='lat' dir='ltr'>ad</span> <span class='ocrx_word' id='word_1_445' title='bbox 1846 1180 2160 1222; x_wconf 87' lang='lat' dir='ltr'>conclusionem</span> <span class='ocrx_word' id='word_1_446' title='bbox 2173 1182 2352 1223; x_wconf 89' lang='lat' dir='ltr'>necessi-</span> 
     </span>
     <span class='ocr_line' id='line_1_63' title="bbox 1322 1245 2352 1306; baseline 0.011 -22"><span class='ocrx_word' id='word_1_447' title='bbox 1322 1245 1417 1285; x_wconf 83' lang='lat' dir='ltr'>tatis</span> <span class='ocrx_word' id='word_1_448' title='bbox 1434 1247 1690 1298; x_wconf 84' lang='lat' dir='ltr'>pcenitentiae</span> <span class='ocrx_word' id='word_1_449' title='bbox 1707 1281 1717 1298; x_wconf 91' lang='lat'>‚</span> <span class='ocrx_word' id='word_1_450' title='bbox 1741 1250 2019 1303; x_wconf 71' lang='lat' dir='ltr'>subiungitur</span> <span class='ocrx_word' id='word_1_451' title='bbox 2036 1264 2046 1292; x_wconf 78' lang='lat' dir='ltr'><em>z</em></span> <span class='ocrx_word' id='word_1_452' title='bbox 2071 1252 2152 1294; x_wconf 81' lang='lat' dir='ltr'>Sea</span> <span class='ocrx_word' id='word_1_453' title='bbox 2164 1254 2205 1294; x_wconf 80' lang='lat' dir='ltr'>si</span> <span class='ocrx_word' id='word_1_454' title='bbox 2218 1254 2352 1306; x_wconf 66' lang='grc' dir='ltr'>ρωπί-</span> 
     </span>
     <span class='ocr_line' id='line_1_64' title="bbox 1323 1318 2354 1377; baseline 0.009 -19"><span class='ocrx_word' id='word_1_455' title='bbox 1323 1318 1500 1359; x_wconf 72' lang='lat' dir='ltr'>tentiam</span> <span class='ocrx_word' id='word_1_456' title='bbox 1518 1329 1604 1361; x_wconf 74' lang='lat' dir='ltr'>non</span> <span class='ocrx_word' id='word_1_457' title='bbox 1618 1319 1866 1373; x_wconf 73' lang='lat' dir='ltr'>habueritis,</span> <span class='ocrx_word' id='word_1_458' title='bbox 1880 1332 2020 1364; x_wconf 75' lang='lat' dir='ltr'>omnes</span> <span class='ocrx_word' id='word_1_459' title='bbox 2031 1323 2229 1366; x_wconf 61' lang='lat' dir='ltr'>similiter</span> <span class='ocrx_word' id='word_1_460' title='bbox 2241 1325 2354 1377; x_wconf 72' lang='lat' dir='ltr'>peri-</span> 
     </span>
     <span class='ocr_line' id='line_1_65' title="bbox 1324 1387 2351 1448; baseline 0.01 -22"><span class='ocrx_word' id='word_1_461' title='bbox 1324 1387 1444 1438; x_wconf 66' lang='lat' dir='ltr'>bias,</span> <span class='ocrx_word' id='word_1_462' title='bbox 1467 1400 1553 1429; x_wconf 88' lang='lat' dir='ltr'>non</span> <span class='ocrx_word' id='word_1_463' title='bbox 1574 1394 1785 1442; x_wconf 81' lang='lat' dir='ltr'>quantum</span> <span class='ocrx_word' id='word_1_464' title='bbox 1804 1393 1856 1433; x_wconf 90' lang='lat' dir='ltr'>ad</span> <span class='ocrx_word' id='word_1_465' title='bbox 1872 1406 2041 1446; x_wconf 86' lang='lat' dir='ltr'>poenam</span> <span class='ocrx_word' id='word_1_466' title='bbox 2056 1394 2351 1448; x_wconf 86' lang='lat' dir='ltr'>temporalem,</span> 
     </span>
     <span class='ocr_line' id='line_1_66' title="bbox 1324 1458 2351 1518; baseline 0.01 -21"><span class='ocrx_word' id='word_1_467' title='bbox 1324 1458 1395 1498; x_wconf 87' lang='lat' dir='ltr'>sed</span> <span class='ocrx_word' id='word_1_468' title='bbox 1413 1463 1620 1511; x_wconf 80' lang='lat' dir='ltr'>quantum</span> <span class='ocrx_word' id='word_1_469' title='bbox 1636 1463 1688 1502; x_wconf 85' lang='lat' dir='ltr'>ad</span> <span class='ocrx_word' id='word_1_470' title='bbox 1707 1463 1968 1515; x_wconf 84' lang='lat' dir='ltr'>spiritualem</span> <span class='ocrx_word' id='word_1_471' title='bbox 1992 1468 2032 1506; x_wconf 90' lang='lat' dir='ltr'>et</span> <span class='ocrx_word' id='word_1_472' title='bbox 2055 1466 2351 1518; x_wconf 82' lang='lat' dir='ltr'>gehennalem.</span> 
     </span>
     <span class='ocr_line' id='line_1_67' title="bbox 1325 1527 2355 1589; baseline 0.011 -22"><span class='ocrx_word' id='word_1_473' title='bbox 1325 1527 1439 1569; x_wconf 88' lang='lat' dir='ltr'>Sicut</span> <span class='ocrx_word' id='word_1_474' title='bbox 1449 1531 1562 1570; x_wconf 81' lang='lat' dir='ltr'>enim</span> <span class='ocrx_word' id='word_1_475' title='bbox 1574 1543 1701 1585; x_wconf 89' lang='lat' dir='ltr'>super</span> <span class='ocrx_word' id='word_1_476' title='bbox 1712 1533 1815 1574; x_wconf 88' lang='lat' dir='ltr'>istos</span> <span class='ocrx_word' id='word_1_477' title='bbox 1833 1535 1979 1576; x_wconf 86' lang='lat' dir='ltr'>cecidit</span> <span class='ocrx_word' id='word_1_478' title='bbox 1992 1536 2121 1576; x_wconf 87' lang='lat' dir='ltr'>turris</span> <span class='ocrx_word' id='word_1_479' title='bbox 2132 1551 2141 1586; x_wconf 92' lang='lat'>;</span> <span class='ocrx_word' id='word_1_480' title='bbox 2158 1537 2216 1577; x_wconf 92' lang='lat' dir='ltr'>sic</span> <span class='ocrx_word' id='word_1_481' title='bbox 2228 1549 2355 1589; x_wconf 88' lang='lat' dir='ltr'>super</span> 
     </span>
     <span class='ocr_line' id='line_1_68' title="bbox 1325 1603 2354 1660; baseline 0.01 -21"><span class='ocrx_word' id='word_1_482' title='bbox 1325 1611 1472 1641; x_wconf 88' lang='lat' dir='ltr'>omnes</span> <span class='ocrx_word' id='word_1_483' title='bbox 1490 1603 1689 1655; x_wconf 88' lang='lat' dir='ltr'>reprobos</span> <span class='ocrx_word' id='word_1_484' title='bbox 1703 1605 1817 1646; x_wconf 86' lang='lat' dir='ltr'>cadet</span> <span class='ocrx_word' id='word_1_485' title='bbox 1838 1606 1906 1647; x_wconf 90' lang='lat' dir='ltr'>ille</span> <span class='ocrx_word' id='word_1_486' title='bbox 1925 1607 2030 1660; x_wconf 87' lang='lat' dir='ltr'>lapis</span> <span class='ocrx_word' id='word_1_487' title='bbox 2044 1620 2095 1648; x_wconf 88' lang='lat' dir='ltr'>an</span> <span class='ocrx_word' id='word_1_488' title='bbox 2103 1608 2280 1660; x_wconf 72' lang='lat' dir='ltr'>gularIS,</span> <span class='ocrx_word' id='word_1_489' title='bbox 2303 1608 2354 1649; x_wconf 89' lang='lat' dir='ltr'>dc</span> 
     </span>
     <span class='ocr_line' id='line_1_69' title="bbox 1324 1671 2350 1731; baseline 0.012 -23"><span class='ocrx_word' id='word_1_490' title='bbox 1324 1682 1407 1721; x_wconf 87' lang='lat' dir='ltr'>quo</span> <span class='ocrx_word' id='word_1_491' title='bbox 1430 1671 1457 1695; x_wconf 79' lang='lat'><strong>¹²</strong></span> <span class='ocrx_word' id='word_1_492' title='bbox 1477 1686 1484 1710; x_wconf 90' lang='lat'><strong>:</strong></span> <span class='ocrx_word' id='word_1_493' title='bbox 1516 1687 1534 1709; x_wconf 69' lang='grc' dir='ltr'>(ι</span> <span class='ocrx_word' id='word_1_494' title='bbox 1548 1671 1626 1721; x_wconf 76' lang='lat' dir='ltr'>Qui</span> <span class='ocrx_word' id='word_1_495' title='bbox 1647 1674 1842 1716; x_wconf 86' lang='lat' dir='ltr'>ceciderit</span> <span class='ocrx_word' id='word_1_496' title='bbox 1863 1689 1989 1730; x_wconf 89' lang='lat' dir='ltr'>super</span> <span class='ocrx_word' id='word_1_497' title='bbox 2006 1678 2187 1731; x_wconf 88' lang='lat' dir='ltr'>lapidem</span> <span class='ocrx_word' id='word_1_498' title='bbox 2207 1679 2350 1730; x_wconf 88' lang='lat' dir='ltr'>istum,</span> 
     </span>
     <span class='ocr_line' id='line_1_70' title="bbox 1325 1742 2351 1800; baseline 0.009 -20"><span class='ocrx_word' id='word_1_499' title='bbox 1325 1742 1618 1794; x_wconf 80' lang='lat' dir='ltr'>confringetur</span> <span class='ocrx_word' id='word_1_500' title='bbox 1631 1759 1641 1794; x_wconf 91' lang='lat'>;</span> <span class='ocrx_word' id='word_1_501' title='bbox 1673 1757 1801 1798; x_wconf 90' lang='lat' dir='ltr'>super</span> <span class='ocrx_word' id='word_1_502' title='bbox 1840 1759 1968 1800; x_wconf 90' lang='lat' dir='ltr'>quem</span> <span class='ocrx_word' id='word_1_503' title='bbox 2007 1761 2108 1791; x_wconf 88' lang='lat' dir='ltr'>vero</span> <span class='ocrx_word' id='word_1_504' title='bbox 2142 1749 2351 1800; x_wconf 86' lang='lat' dir='ltr'>ceciderit,</span> 
     </span>
     <span class='ocr_line' id='line_1_71' title="bbox 1323 1816 2355 1874; baseline 0.01 -22"><span class='ocrx_word' id='word_1_505' title='bbox 1323 1816 1506 1855; x_wconf 86' lang='lat' dir='ltr'>conteret</span> <span class='ocrx_word' id='word_1_506' title='bbox 1525 1828 1639 1857; x_wconf 87' lang='lat' dir='ltr'>eum.</span> <span class='ocrx_word' id='word_1_507' title='bbox 1658 1832 1677 1855; x_wconf 84' lang='lat'>›&gt;</span> <span class='ocrx_word' id='word_1_508' title='bbox 1703 1818 1779 1859; x_wconf 91' lang='lat' dir='ltr'>Hic</span> <span class='ocrx_word' id='word_1_509' title='bbox 1808 1823 1951 1861; x_wconf 89' lang='lat' dir='ltr'>autem</span> <span class='ocrx_word' id='word_1_510' title='bbox 1985 1821 2092 1874; x_wconf 87' lang='lat' dir='ltr'>lapis</span> <span class='ocrx_word' id='word_1_511' title='bbox 2127 1822 2201 1874; x_wconf 87' lang='lat' dir='ltr'>qui</span> <span class='ocrx_word' id='word_1_512' title='bbox 2223 1821 2355 1864; x_wconf 86' lang='lat' dir='ltr'>crevit</span> 
     </span>
     <span class='ocr_line' id='line_1_72' title="bbox 1323 1884 2353 1945; baseline 0.012 -23"><span class='ocrx_word' id='word_1_513' title='bbox 1323 1884 1367 1923; x_wconf 89' lang='lat' dir='ltr'>in</span> <span class='ocrx_word' id='word_1_514' title='bbox 1384 1887 1572 1926; x_wconf 88' lang='lat' dir='ltr'>montem</span> <span class='ocrx_word' id='word_1_515' title='bbox 1589 1919 1599 1938; x_wconf 85' lang='lat'><strong>‚</strong></span> <span class='ocrx_word' id='word_1_516' title='bbox 1628 1891 1739 1929; x_wconf 86' lang='lat' dir='ltr'>recte</span> <span class='ocrx_word' id='word_1_517' title='bbox 1760 1889 1912 1931; x_wconf 87' lang='lat' dir='ltr'>dicitur</span> <span class='ocrx_word' id='word_1_518' title='bbox 1930 1892 2058 1932; x_wconf 87' lang='lat' dir='ltr'>turris</span> <span class='ocrx_word' id='word_1_519' title='bbox 2076 1894 2247 1945; x_wconf 87' lang='lat' dir='ltr'>propter</span> <span class='ocrx_word' id='word_1_520' title='bbox 2266 1893 2353 1934; x_wconf 82' lang='lat' dir='ltr'>for-</span> 
     </span>
     <span class='ocr_line' id='line_1_73' title="bbox 1324 1953 2355 2005; baseline 0.012 -12"><span class='ocrx_word' id='word_1_521' title='bbox 1324 1953 1547 1996; x_wconf 86' lang='lat' dir='ltr'>titudinem</span> <span class='ocrx_word' id='word_1_522' title='bbox 1558 1959 1599 1997; x_wconf 87' lang='lat' dir='ltr'>et</span> <span class='ocrx_word' id='word_1_523' title='bbox 1610 1958 1875 2001; x_wconf 85' lang='lat' dir='ltr'>altitudinem</span> <span class='ocrx_word' id='word_1_524' title='bbox 1885 1963 1913 1986; x_wconf 77' lang='lat'><strong>¹³</strong></span> <span class='ocrx_word' id='word_1_525' title='bbox 1925 1976 1933 2003; x_wconf 73' lang='grc' dir='ltr'>ε</span> <span class='ocrx_word' id='word_1_526' title='bbox 1945 1978 1963 2000; x_wconf 89' lang='lat'>«</span> <span class='ocrx_word' id='word_1_527' title='bbox 1974 1962 2355 2005; x_wconf 84' lang='lat' dir='ltr'>Turrisfortissima</span> 
     </span>
     <span class='ocr_line' id='line_1_74' title="bbox 1324 2026 2354 2086; baseline 0.01 -21"><span class='ocrx_word' id='word_1_528' title='bbox 1324 2037 1480 2066; x_wconf 88' lang='lat' dir='ltr'>nomen</span> <span class='ocrx_word' id='word_1_529' title='bbox 1514 2026 1694 2069; x_wconf 89' lang='lat' dir='ltr'>Domini.</span> <span class='ocrx_word' id='word_1_530' title='bbox 1735 2045 1754 2068; x_wconf 87' lang='grc'>»</span> <span class='ocrx_word' id='word_1_531' title='bbox 1800 2031 1884 2073; x_wconf 88' lang='lat' dir='ltr'>Hos</span> <span class='ocrx_word' id='word_1_532' title='bbox 1920 2035 2121 2086; x_wconf 84' lang='lat' dir='ltr'>reprobos</span> <span class='ocrx_word' id='word_1_533' title='bbox 2165 2037 2354 2077; x_wconf 85' lang='lat' dir='ltr'>conteret</span> 
     </span>
     <span class='ocr_line' id='line_1_75' title="bbox 1324 2096 2351 2154; baseline 0.01 -19"><span class='ocrx_word' id='word_1_534' title='bbox 1324 2096 1416 2136; x_wconf 63' lang='lat' dir='ltr'>haec</span> <span class='ocrx_word' id='word_1_535' title='bbox 1450 2099 1578 2138; x_wconf 84' lang='lat' dir='ltr'>turris</span> <span class='ocrx_word' id='word_1_536' title='bbox 1610 2100 1654 2140; x_wconf 90' lang='lat' dir='ltr'>in</span> <span class='ocrx_word' id='word_1_537' title='bbox 1682 2102 1871 2154; x_wconf 88' lang='lat' dir='ltr'>judicio,</span> <span class='ocrx_word' id='word_1_538' title='bbox 1905 2106 2137 2146; x_wconf 88' lang='lat' dir='ltr'>secundum</span> <span class='ocrx_word' id='word_1_539' title='bbox 2167 2106 2271 2147; x_wconf 86' lang='lat' dir='ltr'>illud</span> <span class='ocrx_word' id='word_1_540' title='bbox 2289 2107 2351 2145; x_wconf 71' lang='lat'><strong>¹¹⁵:</strong></span> 
     </span>
     <span class='ocr_line' id='line_1_76' title="bbox 1333 2167 2351 2229; baseline 0.015 -23"><span class='ocrx_word' id='word_1_541' title='bbox 1333 2182 1350 2205; x_wconf 72' lang='grc' dir='ltr'>(ι</span> <span class='ocrx_word' id='word_1_542' title='bbox 1371 2167 1617 2211; x_wconf 85' lang='lat' dir='ltr'>Conteretur</span> <span class='ocrx_word' id='word_1_543' title='bbox 1633 2184 1731 2213; x_wconf 91' lang='lat' dir='ltr'>cum</span> <span class='ocrx_word' id='word_1_544' title='bbox 1743 2174 2013 2228; x_wconf 83' lang='lat' dir='ltr'>delinquente</span> <span class='ocrx_word' id='word_1_545' title='bbox 2025 2176 2265 2229; x_wconf 77' lang='lat' dir='ltr'>delictum,›&gt;</span> <span class='ocrx_word' id='word_1_546' title='bbox 2274 2182 2351 2221; x_wconf 90' lang='lat' dir='ltr'>etc.</span> 
     </span>
     <span class='ocr_line' id='line_1_77' title="bbox 1324 2237 2354 2298; baseline 0.013 -20"><span class='ocrx_word' id='word_1_547' title='bbox 1324 2237 1375 2279; x_wconf 88' lang='lat' dir='ltr'>Et</span> <span class='ocrx_word' id='word_1_548' title='bbox 1395 2241 1495 2280; x_wconf 89' lang='lat' dir='ltr'>tunc</span> <span class='ocrx_word' id='word_1_549' title='bbox 1515 2242 1712 2292; x_wconf 88' lang='lat' dir='ltr'>peribunt</span> <span class='ocrx_word' id='word_1_550' title='bbox 1731 2257 1829 2285; x_wconf 87' lang='lat' dir='ltr'>cum</span> <span class='ocrx_word' id='word_1_551' title='bbox 1846 2247 2026 2298; x_wconf 88' lang='lat' dir='ltr'>peccatis</span> <span class='ocrx_word' id='word_1_552' title='bbox 2042 2248 2167 2288; x_wconf 77' lang='lat' dir='ltr'>suis¹⁵</span> <span class='ocrx_word' id='word_1_553' title='bbox 2185 2249 2354 2291; x_wconf 71' lang='lat' dir='ltr'>:«Varia</span> 
     </span>
     <span class='ocr_line' id='line_1_78' title="bbox 1325 2313 2352 2373; baseline 0.015 -25"><span class='ocrx_word' id='word_1_554' title='bbox 1325 2313 1438 2357; x_wconf 86' lang='lat' dir='ltr'>sunt,</span> <span class='ocrx_word' id='word_1_555' title='bbox 1459 2314 1499 2351; x_wconf 89' lang='lat' dir='ltr'>et</span> <span class='ocrx_word' id='word_1_556' title='bbox 1518 2323 1623 2364; x_wconf 91' lang='lat' dir='ltr'>opus</span> <span class='ocrx_word' id='word_1_557' title='bbox 1651 2314 1743 2356; x_wconf 87' lang='lat' dir='ltr'>risu</span> <span class='ocrx_word' id='word_1_558' title='bbox 1770 2316 1950 2368; x_wconf 86' lang='lat' dir='ltr'>dignum</span> <span class='ocrx_word' id='word_1_559' title='bbox 1976 2333 1984 2359; x_wconf 92' lang='lat'>:</span> <span class='ocrx_word' id='word_1_560' title='bbox 2007 2319 2052 2359; x_wconf 89' lang='lat' dir='ltr'>in</span> <span class='ocrx_word' id='word_1_561' title='bbox 2075 2322 2263 2373; x_wconf 89' lang='lat' dir='ltr'>tempore</span> <span class='ocrx_word' id='word_1_562' title='bbox 2282 2322 2352 2362; x_wconf 91' lang='lat' dir='ltr'>vi-</span> 
     </span>
     <span class='ocr_line' id='line_1_79' title="bbox 1325 2380 2352 2445; baseline 0.015 -26"><span class='ocrx_word' id='word_1_563' title='bbox 1325 2380 1530 2422; x_wconf 86' lang='lat' dir='ltr'>sitationis</span> <span class='ocrx_word' id='word_1_564' title='bbox 1555 2396 1644 2425; x_wconf 86' lang='lat' dir='ltr'>suae</span> <span class='ocrx_word' id='word_1_565' title='bbox 1684 2387 1900 2439; x_wconf 88' lang='lat' dir='ltr'>peribunt.</span> <span class='ocrx_word' id='word_1_566' title='bbox 1933 2403 1953 2427; x_wconf 65' lang='grc' dir='ltr'><strong>υ</strong></span> <span class='ocrx_word' id='word_1_567' title='bbox 1996 2389 2116 2432; x_wconf 88' lang='lat' dir='ltr'>Tales</span> <span class='ocrx_word' id='word_1_568' title='bbox 2150 2394 2250 2432; x_wconf 89' lang='lat' dir='ltr'>sunt</span> <span class='ocrx_word' id='word_1_569' title='bbox 2278 2393 2352 2445; x_wconf 89' lang='lat' dir='ltr'>qui</span> 
     </span>
     <span class='ocr_line' id='line_1_80' title="bbox 1323 2456 2351 2513; baseline 0.013 -21"><span class='ocrx_word' id='word_1_570' title='bbox 1323 2463 1450 2505; x_wconf 81' lang='lat' dir='ltr'>opera</span> <span class='ocrx_word' id='word_1_571' title='bbox 1494 2456 1750 2507; x_wconf 70' lang='lat' dir='ltr'>poenitentias</span> <span class='ocrx_word' id='word_1_572' title='bbox 1799 2459 2057 2513; x_wconf 87' lang='lat' dir='ltr'>negligunt,</span> <span class='ocrx_word' id='word_1_573' title='bbox 2096 2465 2137 2502; x_wconf 88' lang='lat' dir='ltr'>et</span> <span class='ocrx_word' id='word_1_574' title='bbox 2182 2475 2351 2505; x_wconf 86' lang='lat' dir='ltr'>crucem</span> 
     </span>
     <span class='ocr_line' id='line_1_81' title="bbox 1324 2522 2350 2575; baseline 0.013 -13"><span class='ocrx_word' id='word_1_575' title='bbox 1324 2522 1473 2564; x_wconf 84' lang='lat' dir='ltr'>Christi</span> <span class='ocrx_word' id='word_1_576' title='bbox 1509 2529 1786 2569; x_wconf 88' lang='lat' dir='ltr'>contemnunt</span> <span class='ocrx_word' id='word_1_577' title='bbox 1824 2529 1850 2551; x_wconf 80' lang='lat'><strong>¹⁶</strong></span> <span class='ocrx_word' id='word_1_578' title='bbox 1890 2542 1900 2570; x_wconf 92' lang='lat'><strong>:</strong></span> <span class='ocrx_word' id='word_1_579' title='bbox 1940 2546 1959 2569; x_wconf 82' lang='lat'>(‹</span> <span class='ocrx_word' id='word_1_580' title='bbox 1981 2531 2169 2574; x_wconf 86' lang='lat' dir='ltr'>Verbum</span> <span class='ocrx_word' id='word_1_581' title='bbox 2213 2535 2350 2575; x_wconf 88' lang='lat' dir='ltr'>crucis</span> 
     </span>
     <span class='ocr_line' id='line_1_82' title="bbox 1322 2597 2350 2653; baseline 0.012 -19"><span class='ocrx_word' id='word_1_582' title='bbox 1322 2597 1598 2646; x_wconf 88' lang='lat' dir='ltr'>pereuntibus</span> <span class='ocrx_word' id='word_1_583' title='bbox 1618 2599 1787 2651; x_wconf 87' lang='lat' dir='ltr'>quidem</span> <span class='ocrx_word' id='word_1_584' title='bbox 1819 2601 1995 2642; x_wconf 88' lang='lat' dir='ltr'>stultitia</span> <span class='ocrx_word' id='word_1_585' title='bbox 2016 2604 2102 2653; x_wconf 86' lang='lat' dir='ltr'>est3</span> <span class='ocrx_word' id='word_1_586' title='bbox 2139 2603 2189 2643; x_wconf 88' lang='lat' dir='ltr'>iis</span> <span class='ocrx_word' id='word_1_587' title='bbox 2207 2607 2350 2646; x_wconf 84' lang='lat' dir='ltr'>autem</span> 
     </span>
     <span class='ocr_line' id='line_1_83' title="bbox 1323 2665 2344 2728; baseline 0.01 -24"><span class='ocrx_word' id='word_1_588' title='bbox 1323 2665 1395 2717; x_wconf 88' lang='lat' dir='ltr'>qui</span> <span class='ocrx_word' id='word_1_589' title='bbox 1414 2666 1519 2728; x_wconf 42' lang='lat' dir='ltr'>sallvi</span> <span class='ocrx_word' id='word_1_590' title='bbox 1539 2669 1659 2720; x_wconf 85' lang='lat' dir='ltr'>fiunt,</span> <span class='ocrx_word' id='word_1_591' title='bbox 1681 2669 1723 2711; x_wconf 89' lang='lat' dir='ltr'>id</span> <span class='ocrx_word' id='word_1_592' title='bbox 1740 2673 1801 2712; x_wconf 89' lang='lat' dir='ltr'>est</span> <span class='ocrx_word' id='word_1_593' title='bbox 1817 2672 1954 2723; x_wconf 89' lang='lat' dir='ltr'>nobis,</span> <span class='ocrx_word' id='word_1_594' title='bbox 1977 2672 2049 2714; x_wconf 90' lang='lat' dir='ltr'>Dei</span> <span class='ocrx_word' id='word_1_595' title='bbox 2070 2673 2210 2715; x_wconf 88' lang='lat' dir='ltr'>virtus</span> <span class='ocrx_word' id='word_1_596' title='bbox 2232 2678 2304 2718; x_wconf 86' lang='lat' dir='ltr'>est.</span> <span class='ocrx_word' id='word_1_597' title='bbox 2325 2691 2344 2715; x_wconf 89' lang='lat'>»</span> 
     </span>
    </p>

    <p class='ocr_par' dir='ltr' id='par_1_13' title="bbox 1322 2737 2352 2864">
     <span class='ocr_line' id='line_1_84' title="bbox 1374 2737 2352 2797; baseline 0.011 -19"><span class='ocrx_word' id='word_1_598' title='bbox 1374 2737 1479 2779; x_wconf 87' lang='lat' dir='ltr'>Nota</span> <span class='ocrx_word' id='word_1_599' title='bbox 1498 2742 1640 2781; x_wconf 87' lang='lat' dir='ltr'>autem</span> <span class='ocrx_word' id='word_1_600' title='bbox 1669 2743 1782 2794; x_wconf 86' lang='lat' dir='ltr'>quod</span> <span class='ocrx_word' id='word_1_601' title='bbox 1812 2743 1940 2785; x_wconf 92' lang='lat' dir='ltr'>homo</span> <span class='ocrx_word' id='word_1_602' title='bbox 1965 2745 2110 2797; x_wconf 84' lang='lat' dir='ltr'>puniri</span> <span class='ocrx_word' id='word_1_603' title='bbox 2132 2748 2352 2791; x_wconf 84' lang='lat' dir='ltr'>consuevit</span> 
     </span>
     <span class='ocr_line' id='line_1_85' title="bbox 1322 2808 1952 2864; baseline 0.013 -16"><span class='ocrx_word' id='word_1_604' title='bbox 1322 2808 1464 2849; x_wconf 89' lang='lat' dir='ltr'>decem</span> <span class='ocrx_word' id='word_1_605' title='bbox 1483 2810 1534 2851; x_wconf 89' lang='lat' dir='ltr'>de</span> <span class='ocrx_word' id='word_1_606' title='bbox 1550 2812 1708 2864; x_wconf 81' lang='lat' dir='ltr'>causiS‚</span> <span class='ocrx_word' id='word_1_607' title='bbox 1726 2813 1919 2856; x_wconf 88' lang='lat' dir='ltr'>videlicet</span> <span class='ocrx_word' id='word_1_608' title='bbox 1943 2827 1952 2856; x_wconf 95' lang='lat'>:</span> 
     </span>
    </p>

    <p class='ocr_par' dir='ltr' id='par_1_14' title="bbox 1327 2880 2350 3012">
     <span class='ocr_line' id='line_1_86' title="bbox 1374 2880 2350 2942; baseline 0.011 -22"><span class='ocrx_word' id='word_1_609' title='bbox 1374 2880 1438 2921; x_wconf 89' lang='lat' dir='ltr'>Ad</span> <span class='ocrx_word' id='word_1_610' title='bbox 1457 2885 1771 2935; x_wconf 84' lang='lat' dir='ltr'>purgationem,</span> <span class='ocrx_word' id='word_1_611' title='bbox 1792 2888 1845 2934; x_wconf 57' lang='lat' dir='ltr'>ut⁴</span> <span class='ocrx_word' id='word_1_612' title='bbox 1858 2886 1990 2928; x_wconf 86' lang='lat' dir='ltr'>Maria</span> <span class='ocrx_word' id='word_1_613' title='bbox 2007 2899 2126 2929; x_wconf 87' lang='lat' dir='ltr'>soror</span> <span class='ocrx_word' id='word_1_614' title='bbox 2141 2888 2274 2942; x_wconf 90' lang='lat' dir='ltr'>Moysi</span> <span class='ocrx_word' id='word_1_615' title='bbox 2290 2889 2318 2912; x_wconf 86' lang='lat'><strong>¹⁷</strong></span> <span class='ocrx_word' id='word_1_616' title='bbox 2337 2902 2350 2931; x_wconf 74' lang='grc' dir='ltr'><strong><em>ε</em></strong></span> 
     </span>
     <span class='ocr_line' id='line_1_87' title="bbox 1327 2949 2348 3012; baseline 0.013 -23"><span class='ocrx_word' id='word_1_617' title='bbox 1327 2964 1345 2988; x_wconf 65' lang='grc' dir='ltr'>(ι</span> <span class='ocrx_word' id='word_1_618' title='bbox 1355 2949 1488 2992; x_wconf 88' lang='lat' dir='ltr'>Maria</span> <span class='ocrx_word' id='word_1_619' title='bbox 1498 2955 1692 3006; x_wconf 87' lang='lat' dir='ltr'>apparuit</span> <span class='ocrx_word' id='word_1_620' title='bbox 1700 2956 1882 2997; x_wconf 87' lang='lat' dir='ltr'>candens</span> <span class='ocrx_word' id='word_1_621' title='bbox 1892 2956 2008 3010; x_wconf 89' lang='lat' dir='ltr'>lepra</span> <span class='ocrx_word' id='word_1_622' title='bbox 2019 2960 2139 3012; x_wconf 85' lang='lat' dir='ltr'>quasi</span> <span class='ocrx_word' id='word_1_623' title='bbox 2150 2960 2262 3012; x_wconf 82' lang='lat' dir='ltr'>nix,›&gt;</span> <span class='ocrx_word' id='word_1_624' title='bbox 2270 2963 2348 3002; x_wconf 87' lang='lat' dir='ltr'>etc.</span> 
     </span>
    </p>

    <p class='ocr_par' dir='ltr' id='par_1_15' title="bbox 1320 3025 2351 3288">
     <span class='ocr_line' id='line_1_88' title="bbox 1378 3025 2351 3086; baseline 0.011 -22"><span class='ocrx_word' id='word_1_625' title='bbox 1378 3025 1442 3066; x_wconf 91' lang='lat' dir='ltr'>Ad</span> <span class='ocrx_word' id='word_1_626' title='bbox 1460 3027 1767 3080; x_wconf 89' lang='lat' dir='ltr'>probationem,</span> <span class='ocrx_word' id='word_1_627' title='bbox 1789 3033 1837 3071; x_wconf 84' lang='lat' dir='ltr'>ut</span> <span class='ocrx_word' id='word_1_628' title='bbox 1855 3031 1928 3073; x_wconf 86' lang='lat' dir='ltr'>Job</span> <span class='ocrx_word' id='word_1_629' title='bbox 1945 3032 1973 3053; x_wconf 79' lang='lat'><strong>¹⁸</strong></span> <span class='ocrx_word' id='word_1_630' title='bbox 1997 3046 2036 3073; x_wconf 79' lang='lat' dir='ltr'>z«</span> <span class='ocrx_word' id='word_1_631' title='bbox 2053 3033 2261 3086; x_wconf 87' lang='lat' dir='ltr'>Egressus</span> <span class='ocrx_word' id='word_1_632' title='bbox 2281 3033 2351 3075; x_wconf 80' lang='lat' dir='ltr'>Sa-</span> 
     </span>
     <span class='ocr_line' id='line_1_89' title="bbox 1321 3096 2349 3156; baseline 0.012 -22"><span class='ocrx_word' id='word_1_633' title='bbox 1321 3096 1392 3134; x_wconf 86' lang='lat' dir='ltr'>tan</span> <span class='ocrx_word' id='word_1_634' title='bbox 1412 3107 1436 3135; x_wconf 90' lang='lat' dir='ltr'>a</span> <span class='ocrx_word' id='word_1_635' title='bbox 1454 3097 1557 3138; x_wconf 85' lang='lat' dir='ltr'>facie</span> <span class='ocrx_word' id='word_1_636' title='bbox 1578 3097 1759 3150; x_wconf 88' lang='lat' dir='ltr'>Domini,</span> <span class='ocrx_word' id='word_1_637' title='bbox 1781 3103 1986 3153; x_wconf 88' lang='lat' dir='ltr'>percussit</span> <span class='ocrx_word' id='word_1_638' title='bbox 1999 3102 2076 3144; x_wconf 84' lang='lat' dir='ltr'>Job</span> <span class='ocrx_word' id='word_1_639' title='bbox 2096 3103 2236 3144; x_wconf 87' lang='lat' dir='ltr'>ulcere</span> <span class='ocrx_word' id='word_1_640' title='bbox 2255 3116 2349 3156; x_wconf 90' lang='lat' dir='ltr'>pes-</span> 
     </span>
     <span class='ocr_line' id='line_1_90' title="bbox 1321 3165 2348 3226; baseline 0.011 -21"><span class='ocrx_word' id='word_1_641' title='bbox 1321 3165 1427 3206; x_wconf 88' lang='lat' dir='ltr'>simo</span> <span class='ocrx_word' id='word_1_642' title='bbox 1464 3179 1488 3207; x_wconf 90' lang='lat' dir='ltr'>a</span> <span class='ocrx_word' id='word_1_643' title='bbox 1526 3169 1667 3220; x_wconf 88' lang='lat' dir='ltr'>planta</span> <span class='ocrx_word' id='word_1_644' title='bbox 1716 3171 1833 3223; x_wconf 90' lang='lat' dir='ltr'>pedis</span> <span class='ocrx_word' id='word_1_645' title='bbox 1876 3185 2013 3226; x_wconf 88' lang='lat' dir='ltr'>usque</span> <span class='ocrx_word' id='word_1_646' title='bbox 2051 3174 2103 3215; x_wconf 85' lang='lat' dir='ltr'>ad</span> <span class='ocrx_word' id='word_1_647' title='bbox 2149 3176 2348 3217; x_wconf 87' lang='lat' dir='ltr'>verticem</span> 
     </span>
     <span class='ocr_line' id='line_1_91' title="bbox 1320 3248 1471 3288; baseline -0.013 -12"><span class='ocrx_word' id='word_1_648' title='bbox 1320 3248 1428 3288; x_wconf 62' lang='lat' dir='ltr'>ejus.</span> <span class='ocrx_word' id='word_1_649' title='bbox 1451 3250 1471 3274; x_wconf 92' lang='lat'>»</span> 
     </span>
    </p>

    <p class='ocr_par' dir='ltr' id='par_1_16' title="bbox 1372 3307 2351 3364">
     <span class='ocr_line' id='line_1_92' title="bbox 1372 3307 2351 3364; baseline 0.012 -18"><span class='ocrx_word' id='word_1_650' title='bbox 1372 3307 1437 3348; x_wconf 88' lang='lat' dir='ltr'>Ad</span> <span class='ocrx_word' id='word_1_651' title='bbox 1452 3307 1810 3364; x_wconf 86' lang='lat' dir='ltr'>humiliationem,</span> <span class='ocrx_word' id='word_1_652' title='bbox 1829 3317 1878 3356; x_wconf 87' lang='lat' dir='ltr'>ut</span> <span class='ocrx_word' id='word_1_653' title='bbox 1899 3314 2054 3356; x_wconf 85' lang='lat' dir='ltr'>Paulus</span> <span class='ocrx_word' id='word_1_654' title='bbox 2069 3315 2098 3339; x_wconf 78' lang='lat'><strong>¹⁹</strong></span> <span class='ocrx_word' id='word_1_655' title='bbox 2117 3329 2160 3356; x_wconf 71' lang='grc' dir='ltr'>ιε(</span> <span class='ocrx_word' id='word_1_656' title='bbox 2179 3315 2215 3357; x_wconf 95' lang='grc' dir='ltr'><strong>Ν</strong></span> <span class='ocrx_word' id='word_1_657' title='bbox 2218 3328 2240 3357; x_wconf 89' lang='lat' dir='ltr'>e</span> <span class='ocrx_word' id='word_1_658' title='bbox 2255 3328 2351 3358; x_wconf 88' lang='lat' dir='ltr'>ma-</span> 
     </span>
    </p>
   </div>
   <div class='ocr_carea' id='block_1_6' title="bbox 1320 3391 2355 3571">
    <p class='ocr_par' dir='ltr' id='par_1_17' title="bbox 1320 3391 2355 3571">
     <span class='ocr_line' id='line_1_93' title="bbox 1320 3391 2355 3439; baseline 0.014 -20"><span class='ocrx_word' id='word_1_659' title='bbox 1320 3407 1361 3413; x_wconf 86' lang='lat'>—</span> <span class='ocrx_word' id='word_1_660' title='bbox 1400 3391 1427 3411; x_wconf 79' lang='lat'>12</span> <span class='ocrx_word' id='word_1_661' title='bbox 1459 3393 1594 3433; x_wconf 63' lang='lat' dir='ltr'>Mane„</span> <span class='ocrx_word' id='word_1_662' title='bbox 1629 3402 1704 3434; x_wconf 70' lang='lat' dir='ltr'>xxi,</span> <span class='ocrx_word' id='word_1_663' title='bbox 1738 3398 1788 3428; x_wconf 79' lang='lat'><strong>44.</strong></span> <span class='ocrx_word' id='word_1_664' title='bbox 1824 3415 1863 3421; x_wconf 89' lang='grc'>-</span> <span class='ocrx_word' id='word_1_665' title='bbox 1896 3399 1919 3420; x_wconf 76' lang='lat'>¹³</span> <span class='ocrx_word' id='word_1_666' title='bbox 1953 3399 2064 3437; x_wconf 65' lang='lat' dir='ltr'>Prov„</span> <span class='ocrx_word' id='word_1_667' title='bbox 2094 3407 2202 3439; x_wconf 77' lang='lat' dir='ltr'>xvm,</span> <span class='ocrx_word' id='word_1_668' title='bbox 2235 3403 2284 3433; x_wconf 82' lang='lat'><strong>10.</strong></span> <span class='ocrx_word' id='word_1_669' title='bbox 2313 3419 2355 3425; x_wconf 95' lang='lat'><em>-</em></span> 
     </span>
     <span class='ocr_line' id='line_1_94' title="bbox 1325 3437 2353 3488; baseline 0.012 -21"><span class='ocrx_word' id='word_1_670' title='bbox 1325 3437 1346 3455; x_wconf 77' lang='lat'><strong>¹⁴</strong></span> <span class='ocrx_word' id='word_1_671' title='bbox 1367 3437 1485 3477; x_wconf 63' lang='lat' dir='ltr'>Ecca„</span> <span class='ocrx_word' id='word_1_672' title='bbox 1507 3447 1616 3481; x_wconf 76' lang='lat' dir='ltr'>xxvii,</span> <span class='ocrx_word' id='word_1_673' title='bbox 1637 3444 1667 3473; x_wconf 77' lang='lat'><strong>3.</strong></span> <span class='ocrx_word' id='word_1_674' title='bbox 1687 3460 1728 3466; x_wconf 88' lang='lat'><em>—</em></span> <span class='ocrx_word' id='word_1_675' title='bbox 1749 3445 1773 3464; x_wconf 80' lang='lat'><strong>¹⁵</strong></span> <span class='ocrx_word' id='word_1_676' title='bbox 1793 3446 1925 3486; x_wconf 79' lang='lat' dir='ltr'>Jerem.,</span> <span class='ocrx_word' id='word_1_677' title='bbox 1945 3453 1981 3485; x_wconf 81' lang='grc' dir='ltr'>Χ,</span> <span class='ocrx_word' id='word_1_678' title='bbox 2004 3447 2053 3477; x_wconf 82' lang='grc'>15.</span> <span class='ocrx_word' id='word_1_679' title='bbox 2074 3463 2114 3469; x_wconf 93' lang='grc'><strong>-</strong></span> <span class='ocrx_word' id='word_1_680' title='bbox 2135 3447 2162 3468; x_wconf 74' lang='lat'><strong>¹⁶</strong></span> <span class='ocrx_word' id='word_1_681' title='bbox 2185 3448 2195 3478; x_wconf 88' lang='lat'>1</span> <span class='ocrx_word' id='word_1_682' title='bbox 2218 3447 2309 3488; x_wconf 66' lang='lat' dir='ltr'>Cor„</span> <span class='ocrx_word' id='word_1_683' title='bbox 2330 3456 2353 3488; x_wconf 87' lang='lat'>1,</span> 
     </span>
     <span class='ocr_line' id='line_1_95' title="bbox 1326 3485 2354 3562; baseline 0.013 -49"><span class='ocrx_word' id='word_1_684' title='bbox 1326 3485 1375 3515; x_wconf 68' lang='lat'>⁴8„</span> <span class='ocrx_word' id='word_1_685' title='bbox 1397 3502 1438 3562; x_wconf 70' lang='lat'>-7-</span> <span class='ocrx_word' id='word_1_686' title='bbox 1458 3486 1480 3504; x_wconf 89' lang='lat'><strong>¹⁷</strong></span> <span class='ocrx_word' id='word_1_687' title='bbox 1498 3487 1615 3529; x_wconf 60' lang='lat' dir='ltr'>Num,</span> <span class='ocrx_word' id='word_1_688' title='bbox 1636 3498 1700 3529; x_wconf 72' lang='grc' dir='ltr'>ΧΠ,</span> <span class='ocrx_word' id='word_1_689' title='bbox 1724 3493 1772 3523; x_wconf 77' lang='grc'>10.</span> <span class='ocrx_word' id='word_1_690' title='bbox 1795 3509 1830 3514; x_wconf 93' lang='grc'><strong>-</strong></span> <span class='ocrx_word' id='word_1_691' title='bbox 1853 3492 1879 3513; x_wconf 84' lang='lat'><strong>¹⁸</strong></span> <span class='ocrx_word' id='word_1_692' title='bbox 1897 3491 1968 3532; x_wconf 88' lang='lat' dir='ltr'>Job,</span> <span class='ocrx_word' id='word_1_693' title='bbox 1995 3500 2032 3533; x_wconf 89' lang='lat'>11,</span> <span class='ocrx_word' id='word_1_694' title='bbox 2055 3494 2085 3525; x_wconf 83' lang='lat'><strong>7.</strong></span> <span class='ocrx_word' id='word_1_695' title='bbox 2105 3512 2145 3517; x_wconf 97' lang='lat'><strong>—</strong></span> <span class='ocrx_word' id='word_1_696' title='bbox 2164 3495 2236 3526; x_wconf 74' lang='lat'>1⁹11</span> <span class='ocrx_word' id='word_1_697' title='bbox 2263 3495 2354 3537; x_wconf 63' lang='lat' dir='ltr'>Cor„</span> 
     </span>
     <span class='ocr_line' id='line_1_96' title="bbox 1321 3539 1439 3571; baseline -0.008 -9"><span class='ocrx_word' id='word_1_698' title='bbox 1321 3539 1386 3571; x_wconf 70' lang='lat' dir='ltr'>xii,</span> <span class='ocrx_word' id='word_1_699' title='bbox 1431 3554 1439 3561; x_wconf 98' lang='lat'><strong>.</strong></span> 
     </span>
    </p>
   </div>
  </div>
 </body>
</html>
