2634 3853
82 1045 201 1070 Contra·

87 1084 174 1110 dictio

62 1126 194 1160 opposita

61 1174 121 1192 nou
147 1167 199 1192 ha<

60 1207 109 1233 bet
143 1215 201 1233 me-

63 1247 153 1274 dium.

987 169 1259 210 EXPOSITIO
1291 169 1342 209 IN
1371 169 1483 209 CAP.
1517 169 1584 210 VI.

226 259 277 301 de
300 255 529 300 Concordia
544 254 916 308 Evanqelisiaruni
931 257 958 306 ¹,
977 257 1090 309 quod
1111 257 1248 309 primo

225 329 302 380 ipsi
329 327 721 376 interrogaverunt,
751 328 791 365 et
816 326 1021 366 Dominus
1041 327 1102 367 eis
1120 327 1248 379 repli-

225 397 346 439 cavit.
381 395 456 436 Vel
484 397 619 447 potest
650 407 760 444 esse,
804 396 916 448 quod
949 397 1248 447 cogitationem

223 465 466 506 interiorem
496 465 687 518 sequitur
720 466 1064 518 interrogationis
1094 468 1242 507 forma.

222 535 443 576 Matthaeus
467 535 608 587 itaque
637 535 836 586 intelligit
865 536 976 587 quod
1002 537 1047 576 in
1073 538 1248 578 auribus

223 605 319 655 Dei,
351 604 540 656 cogitare
569 607 631 645 est
658 605 796 658 loqui,
826 608 865 644 et
888 605 1081 646 dubitare
1101 610 1163 647 est
1181 608 1246 647 in-

222 678 456 727 terrogare.
479 676 658 716 Proinde
683 675 879 728 proponit
903 675 1106 717 Dominus
1126 678 1251 718 inter-

221 747 454 798 rogationis
470 748 665 797 formam,
683 749 723 786 et
739 747 836 786 dicit
854 761 862 787 ε
883 747 919 788 S
922 748 939 788 i
952 747 1046 788 licet
1061 747 1249 790 sabbatis

222 817 478 868 benefacere,
498 828 555 859 an
574 816 711 858 male?
722 818 911 858 animam
922 818 1085 859 salvam
1094 819 1247 869 facere,

221 890 297 929 aut
317 887 489 939 perdere
504 889 526 928 P
550 887 637 927 Hoc
657 887 810 939 quaerit
832 899 918 928 non
943 890 1148 941 tanquam
1174 890 1249 929 du-

221 960 362 1010 bium,
383 959 455 1000 sed
473 961 678 1012 tanquam
697 959 988 1001 indubitanter
1012 973 1178 1012 verum,
1201 963 1249 1002 ut

220 1030 351 1070 altera
374 1041 471 1082 pars
491 1029 756 1070 concedatur.
789 1030 954 1070 Constat
973 1031 1112 1082 enim,
1135 1033 1249 1084 quod

219 1100 314 1140 licet
345 1099 526 1140 sabbatis
558 1099 822 1150 benefacere,
860 1100 927 1141 vel
960 1113 1046 1141 non
1077 1101 1246 1142 benefa-

220 1183 334 1221 cere;
356 1170 519 1211 salvare
539 1170 739 1220 animam,
757 1169 826 1210 vel
845 1182 931 1210 non
948 1171 1129 1221 salvare,
1149 1172 1250 1224 quia

219 1241 330 1281 inter
348 1240 721 1288 contradictionem
741 1241 974 1293 oppositam
989 1253 1075 1282 non
1089 1245 1152 1282 est
1165 1255 1250 1283 me-

219 1311 352 1351 dium.
376 1310 455 1351 Sed
474 1322 558 1351 non
579 1310 823 1351 benefacere
833 1342 846 1361 ,
869 1323 967 1351 cum
988 1314 1051 1352 est
1070 1313 1188 1353 locus
1208 1316 1250 1354 et

218 1380 533 1434 opportunitas,
562 1383 624 1421 est
652 1381 872 1432 negligere
894 1383 1078 1432 bonum3
1110 1386 1150 1423 et
1170 1385 1249 1424 hoc

218 1454 280 1492 est
295 1451 556 1492 malefacere.
574 1451 710 1503 Igitur
729 1451 810 1492 hoc
823 1452 965 1504 ipsum
983 1453 1247 1505 disjunctum

219 1525 281 1564 est
299 1524 462 1562 certum
481 1523 522 1562 et
535 1522 721 1572 evidens,
739 1523 805 1574 cuj
816 1534 862 1562 us
881 1535 1050 1563 necesse
1070 1526 1131 1564 est
1151 1537 1248 1565 con-

219 1593 364 1632 cedere
381 1592 554 1632 alteram
576 1594 752 1644 partem.
785 1591 865 1632 Sed
895 1593 1004 1633 hanc
1035 1606 1122 1635 non
1151 1607 1246 1647 pos-

220 1666 318 1704 sunt
347 1662 594 1703 concedere:
627 1661 741 1702 Licet
769 1663 1037 1714 malefacere,
1058 1665 1124 1705 vel
1154 1666 1246 1705 ani-

219 1744 333 1773 mam
361 1732 548 1784 perdere.
573 1731 713 1771 Restat
744 1744 850 1783 ergo
879 1746 933 1773 cx
961 1734 1040 1774 hac
1067 1735 1248 1776 interro-

221 1799 390 1855 gatione
412 1803 525 1854 ipsos
546 1813 632 1842 esse
652 1803 878 1854 convictos,
902 1805 1014 1856 quod
1036 1805 1131 1845 licet
1151 1807 1247 1846 sab-

218 1873 324 1914 batis
343 1873 585 1914 benefacere
610 1875 650 1913 et
669 1884 837 1922 curare,
860 1876 900 1913 et
928 1874 986 1914 sic
1006 1887 1091 1915 non
1121 1879 1244 1928 pote-

217 1946 312 1985 rant
336 1943 600 1996 respondere.
623 1942 739 1983 Unde
762 1943 986 1995 impletum
1013 1948 1074 1985 est
1092 1950 1129 1986 2;
1162 1962 1180 1984 <‹
1201 1947 1246 1987 Si

216 2016 387 2067 repente
405 2015 659 2065 interroget,
682 2014 777 2066 quis
797 2016 1065 2066 respondebit
1085 2018 1152 2057 ei‘?
1172 2021 1245 2058 aut

215 2085 308 2137 quis
327 2084 464 2124 dicere
484 2084 521 2124 ei
542 2086 675 2136 potest
687 2098 696 2133 ;
722 2084 803 2125 Cur
821 2086 878 2125 ita
898 2086 1029 2125 facis?
1043 2101 1062 2123 ))
1082 2086 1132 2127 Et
1151 2087 1243 2128 ideo

213 2154 265 2194 ad
292 2154 500 2195 Romanos
521 2156 561 2194 ³:
591 2169 609 2192 «
629 2154 659 2194 O
680 2155 835 2204 homo,
870 2158 917 2194 tu
945 2155 1038 2207 quis
1070 2169 1137 2208 65,
1169 2158 1243 2210 qui

212 2225 464 2278 respondeas
492 2225 602 2265 Deo?
631 2240 649 2263 ))
676 2225 792 2266 Unde
825 2225 902 2266 Job
936 2226 1035 2266 dicit
1055 2227 1093 2277 ⁶,
1129 2229 1243 2280 quod

219 2310 237 2333 t(
248 2307 333 2335 non
346 2295 500 2347 poterit
513 2295 550 2335 ei
561 2295 815 2347 respondere
828 2308 964 2335 unum
981 2308 1058 2347 pro
1073 2296 1202 2337 mille.
1221 2312 1239 2335 ))

214 2365 262 2406 In
290 2365 482 2405 Matthaeo
510 2369 523 2390 5
543 2368 683 2406 autem
712 2365 825 2404 istud
857 2365 1116 2416 disjunctum
1154 2379 1241 2407 non

213 2436 271 2475 sic
307 2435 556 2488 proponitur
576 2449 586 2484 ;
623 2434 696 2474 sed
732 2434 863 2474 altera
897 2446 994 2486 pars
1033 2437 1240 2487 quaeritur

212 2510 253 2548 et
270 2507 474 2559 probatur
487 2519 512 2546 a
529 2506 685 2546 minori
702 2518 777 2559 per
794 2506 1084 2547 liberationem
1105 2508 1195 2549 ovis
1214 2521 1239 2548 a

210 2579 355 2619 fovea:
390 2577 526 2618 multo
558 2577 695 2628 igitur
726 2577 876 2617 fortius
902 2577 1144 2618 liberandus
1176 2582 1238 2619 est

208 2650 361 2698 homo,
386 2648 436 2688 de
456 2660 541 2700 quo
569 2648 613 2687 in
641 2647 806 2690 Psalmo
823 2647 863 2688 ⁶:
889 2648 1076 2689 «Omnia
1096 2650 1237 2702 subje-

210 2719 301 2760 cisti
317 2718 396 2759 suh
417 2718 592 2770 pedibus
611 2719 703 2770 ejus
718 2749 728 2766 ,
748 2732 767 2755 ))
796 2720 873 2758 etc.

260 2788 399 2830 Tertio
424 2791 567 2829 autem
594 2799 670 2840 per
693 2788 922 2828 efficaciam
948 2789 993 2828 in
1017 2801 1142 2842 opere
1161 2789 1232 2829 de-

202 2861 375 2914 jiciebat
385 2872 534 2900 eorum
546 2860 900 2912 praesumptiones
913 2875 922 2910 ;
940 2865 1110 2913 propter
1123 2862 1234 2913 quod

209 2931 485 2983 subjUngitur
508 2931 664 2983 (v.10)
686 2931 742 2973 Ec
761 2932 1072 2983 circumspectis
1097 2932 1232 2973 omni-

211 3000 304 3050 bus,
337 3004 538 3054 tanquam
561 3003 652 3053 jam
678 3001 882 3053 confusiS,
907 3005 956 3042 ut
976 3003 1066 3054 Jam
1095 3004 1234 3054 posset

211 3070 344 3110 dicere
372 3071 477 3112 illud
508 3071 580 3113 Job
598 3071 640 3112 ⁷:
663 3086 682 3110 α
707 3070 859 3112 Omnes
885 3072 1020 3124 igitur
1044 3085 1119 3115 vos
1138 3086 1234 3114 con-

210 3140 447 3192 vertimini,
481 3145 521 3182 et
551 3142 718 3193 venite,
753 3145 794 3183 et
829 3156 914 3183 non
944 3144 1159 3186 inveniam
1189 3146 1233 3186 in

210 3211 331 3252 vobis
350 3210 485 3252 ullum
505 3213 750 3265 sapientem.
772 3228 791 3251 ))
812 3213 864 3254 Et
883 3214 982 3266 quia
1000 3215 1144 3256 nullus
1165 3228 1234 3269 po-

252 3340 263 3361 1
284 3339 385 3380 Aug,
405 3338 443 3369 de
463 3339 618 3371 Concord.
640 3342 782 3383 Evanq„
802 3343 859 3374 lib.
883 3345 929 3384 ΙΙ,
948 3354 978 3377 6.
999 3353 1105 3385 xxxv,
1125 3354 1159 3376 n.
1181 3347 1230 3377 82.

212 3403 250 3409 -
274 3386 287 3406 2
304 3385 374 3424 Job,
399 3392 442 3424 ix,
468 3387 517 3416 12.
537 3402 577 3409 —
596 3387 607 3405 ³
627 3388 731 3428 Rom„
753 3398 800 3428 rx,
818 3392 868 3421 20.
887 3407 926 3415 —-
944 3392 957 3412 ἰ
975 3391 1046 3431 Job,
1072 3400 1120 3429 ix,
1145 3395 1174 3423 3.
1192 3410 1232 3415 -

212 3434 222 3451 ⁵
242 3432 376 3470 Mattlc„
398 3440 458 3471 xli,
480 3435 529 3463 11.
544 3449 583 3455 —
601 3433 611 3451 ὓ
631 3435 722 3466 Ρεαί.
743 3440 925 3475 V111,8.—
947 3439 956 3456 ⁷
976 3438 1059 3477 doh„
1078 3446 1161 3478 xvii,
1180 3440 1231 3469 20.

2274 180 2348 217 357

1325 259 1429 297 terat
1446 259 1728 299 contradicere
1741 290 1754 308 ,
1774 261 1825 299 ad
1854 261 2040 301 veritatis
2061 264 2348 305 confirmatio-

1324 340 1422 367 nem
1449 328 1664 369 subditur:
1693 331 1823 371 Dia‘ii
1844 330 2036 373 homini:
2050 332 2244 374 Extende
2264 345 2351 375 ma-

1324 408 1426 438 nuni
1457 401 1587 449 taam,
1620 402 1696 439 etc.
1728 400 1778 440 Et
1809 402 2011 453 quoniam
2045 417 2065 441 c<
2094 415 2233 443 sermo
2259 405 2349 455 ejus

1324 470 1526 519 potestate
1548 469 1696 520 plenus
1721 472 1802 520 est,
1826 484 1846 507 1)
1874 471 1981 511 sicut
2000 471 2098 512 dicit
2116 473 2348 515 Ecclesias-

1325 537 1424 587 tes⁸,
1442 537 1534 577 ideo
1553 539 1769 580 subditur:
1793 541 1848 582 Ec
1865 541 2073 592 extendit,
2097 547 2135 584 ei
2154 545 2352 586 restituta

1324 609 1382 648 esi
1402 618 1554 648 manus
1574 608 1675 660 effus.
1703 609 1748 649 In
1778 622 1864 662 quo
1883 612 2126 652 ostendebat
2151 612 2353 654 Dominus

1324 688 1368 717 se
1387 689 1477 717 esse
1496 678 1604 729 legis
1624 681 1664 718 et
1684 680 1848 720 sabbati
1869 681 2106 723 dominum.
2136 682 2244 723 Nam
2263 685 2352 736 ipse

1325 749 1434 797 erat,
1457 748 1530 799 qui
1550 748 1563 769 ⁹
1583 748 1717 801 Moysi
1737 751 1901 791 sanavit
1922 764 2100 792 manum
2121 765 2196 806 per
2213 754 2351 795 solum

1325 817 1568 869 imperium.
1611 818 1703 870 Ipse
1733 820 1860 860 etiam
1887 824 1996 872 erat,
2024 824 2097 875 qui
2127 823 2351 865 Jeroboam

1324 887 1554 928 idololatrae
1587 890 1701 940 regis
1730 889 1858 931 Israel
1889 903 2066 932 manum
2095 893 2287 944 siccavit,
2312 897 2354 935 et

1324 958 1478 998 iterum
1498 959 1675 1010 sanavit,
1693 960 1800 1001 sicut
1819 961 2022 1002 dicitur.¹⁰
2035 962 2141 1014 Ipse,
2157 964 2348 1016 inquam,

1325 1031 1386 1068 est
1405 1029 1486 1077 ille,
1512 1029 1563 1069 de
1583 1042 1666 1082 quo
1686 1030 1762 1071 Job
1782 1031 1879 1072 dicit
1898 1033 1940 1082 ¹¹,
1965 1033 2076 1084 quod
2102 1049 2120 1072 «
2142 1034 2348 1086 vulnerat,

1325 1101 1365 1139 et
1393 1099 1612 1150 medetur,
1633 1101 1832 1152 percutit,
1863 1103 1905 1142 et
1934 1114 2089 1143 manus
2111 1105 2204 1156 ejus
2226 1117 2349 1145 sana-

1324 1169 1445 1209 bunt.
1468 1184 1486 1206 ))
1513 1170 1570 1209 De
1601 1183 1685 1223 quo
1709 1172 1753 1210 in
1783 1171 1948 1214 Psalmo
1974 1174 2029 1213 ¹²:
2056 1188 2074 1211 ((
2099 1174 2178 1223 Qui
2206 1175 2350 1227 propi-

1324 1240 1454 1280 tiatur
1473 1241 1672 1281 omnibus
1693 1242 1987 1294 iniquitatibus
2006 1244 2090 1284 tuis
2103 1275 2115 1294 ,
2140 1244 2214 1296 qui
2234 1247 2353 1285 sanat

1324 1321 1472 1350 omnes
1500 1312 1764 1351 infirmitates
1793 1316 1900 1353 tuas,
1923 1327 1942 1350 ))
1966 1313 2017 1354 Et
2041 1314 2121 1354 hoc
2145 1315 2232 1355 solo
2260 1327 2352 1355 ser-

1324 1391 1468 1430 mone,
1500 1383 1549 1420 ut
1581 1382 1885 1432 manifestetur,
1919 1384 2031 1435 quod
2066 1384 2156 1436 ipse
2190 1387 2252 1424 est
2283 1384 2354 1425 ille

1324 1450 1438 1490 solus
1463 1451 1513 1490 de
1535 1463 1619 1502 quo
1643 1451 1687 1490 in
1715 1452 1940 1503 Sapientia
1961 1453 1988 1473 ¹¹³
2004 1468 2020 1494 .·
2047 1453 2230 1506 «Neque
2260 1466 2352 1494 nia-

1322 1520 1470 1571 lagma
1488 1522 1652 1561 sanavit
1671 1534 1759 1571 eos;
1787 1523 1858 1562 sed
1878 1526 1990 1574 tuus,
2008 1524 2194 1574 Domine,
2212 1536 2352 1564 sermo

1323 1591 1396 1643 qui
1423 1594 1542 1630 sanat
1564 1590 1723 1631 omnia.
1756 1607 1774 1629 1)
1801 1592 1916 1632 Sicut
1942 1596 1982 1633 et
2004 1593 2127 1634 Pater
2154 1607 2229 1647 per
2253 1594 2353 1635 Ver-

1323 1661 1427 1701 bum
1448 1662 1684 1702 increatum
1701 1663 1843 1702 omnia
1862 1663 1971 1713 fecit,
1994 1664 2052 1703 ita
2070 1676 2144 1716 per
2163 1664 2351 1706 Verbum

1323 1731 1591 1772 incarnatum
1605 1764 1615 1782 ,
1641 1734 1689 1772 ut
1712 1733 1813 1773 dicit
1827 1734 2111 1784 Augustinus,
2128 1735 2271 1774 omnia
2290 1747 2352 1775 re-

1321 1801 1428 1840 fecit.

1375 1877 1439 1913 11.
1472 1874 1564 1925 Ipsi
1593 1877 1732 1916 aiitenz
1762 1874 1910 1926 repleti
1940 1879 2042 1917 sunt
2069 1877 2345 1929 insipientia.

1322 1943 1396 1983 Hic
1429 1944 1551 1983 tertio
1580 1945 1775 1995 tangitur
1805 1946 2059 1996 perversitas
2096 1947 2348 1988 miserabilis

1321 2014 1468 2066 plebiS,
1487 2026 1582 2065 quae
1603 2014 1699 2054 inde
1719 2015 1929 2055 obstinata
1943 2018 2005 2055 est
2024 2016 2068 2056 in
2090 2017 2217 2068 malo,
2234 2008 2348 2059 unde

1319 2084 1464 2124 debuit
1484 2084 1661 2125 relevari
1682 2086 1733 2124 ad
1759 2086 1934 2126 bonum.
1959 2086 2058 2126 Haec
2084 2090 2227 2128 autem
2248 2101 2345 2141 per-

1317 2155 1496 2196 versitas
1518 2156 1750 2196 ostenditur
1773 2156 1818 2196 in
1847 2157 2009 2207 tribus,
2038 2157 2191 2198 scilicet
2209 2159 2252 2198 in
2271 2172 2344 2200 ex-

1318 2226 1543 2266 caecatione
1564 2226 1712 2276 cordis,
1736 2227 2045 2279 conspiratione
2065 2228 2173 2279 oris,
2197 2232 2236 2269 et
2257 2242 2348 2282 per-

1316 2296 1529 2336 secutione
1548 2296 1699 2348 operis.
1713 2297 1927 2345 Quantum
1947 2298 1999 2337 ad
2019 2299 2344 2340 excaecationem

1315 2366 1466 2414 cordis,
1486 2366 1662 2406 dicitur:
1687 2368 1779 2418 Ipsi
1798 2370 1935 2408 autem
1955 2369 2105 2421 repleti
2121 2373 2222 2411 suni
2237 2372 2345 2412 insi-

1311 2437 1491 2487 pientia.
1516 2435 1566 2475 Et
1593 2436 1694 2486 hoc,
1722 2437 1906 2477 caecitate
1927 2438 2098 2479 malitiae
2119 2440 2172 2479 ¹¹:
2202 2455 2221 2478 «
2242 2440 2341 2481 Haec

1313 2503 1625 2557 cogitaverunt,
1639 2510 1679 2547 et
1692 2510 1958 2558 erraverunt,
1978 2510 2208 2552 excaecavit
2228 2511 2342 2552 enim

1311 2576 1406 2616 illos
1438 2577 1597 2617 malitia
1625 2590 1788 2618 eorum.
1821 2592 1840 2615 ))
1873 2578 1959 2618 Hac
1984 2579 2139 2632 quippe
2168 2580 2342 2621 fuerunt

1310 2646 1479 2699 repleti,
1503 2649 1544 2687 et
1564 2648 1680 2688 stulti
1701 2648 1795 2688 facti
1816 2652 1913 2689 sunt
1927 2651 2045 2701 Justo
2061 2651 2219 2702 Judicio
2241 2651 2335 2702 Dei,

1310 2718 1544 2758 secundum
1569 2718 1675 2758 illud
1698 2719 1753 2759 ¹⁵:
1782 2734 1800 2757 α
1821 2719 2008 2760 Tradidit
2037 2720 2128 2761 illos
2157 2721 2266 2761 Deus
2294 2722 2340 2762 in

1308 2788 1538 2840 reprobum
1558 2801 1745 2840 sensum,
1762 2804 1780 2827 ))
1807 2792 1884 2830 etc.
1907 2790 2132 2843 Sequitur:
2156 2806 2175 2829 «
2192 2791 2338 2844 Reple-

1307 2862 1372 2900 tos
1404 2860 1520 2900 omni
1547 2861 1791 2913 iniquitate,
1826 2861 2009 2910 malitia,
2040 2862 2335 2913 fornicatione,

1308 2931 1500 2980 avaritia,
1519 2932 1723 2984 nequitia,
1736 2931 1880 2984 plenos
1900 2932 2073 2983 invidia,
2089 2933 2334 2982 homicidio,

1307 3002 1585 3052 contentione,
1609 3003 1717 3053 dolo,
1736 3003 2017 3054 malignitate.
2035 3017 2054 3040 ))
2075 3003 2166 3051 Hac,
2181 3003 2336 3056 quippe

1306 3073 1466 3113 invidia
1486 3076 1604 3113 erant
1620 3074 1842 3124 excaecati,
1864 3074 1965 3126 quia
1983 3074 2148 3126 sapiens
2167 3076 2229 3114 est
2248 3073 2331 3123 ille,

1307 3144 1374 3183 cui
1401 3144 1570 3196 sapiunt
1591 3155 1658 3184 res
1685 3146 1810 3196 prout
1836 3147 1959 3185 sunt:
1991 3144 2162 3185 invidus
2189 3145 2332 3183 autem

1307 3214 1442 3255 aliena
1473 3215 1666 3256 felicitate
1697 3217 1932 3266 torquetur.
1971 3214 2090 3255 Tales
2124 3216 2242 3254 erant
2270 3212 2300 3252 ii
2316 3227 2327 3262 ;

1305 3364 1344 3368 —
1367 3346 1378 3363 ὃ
1398 3344 1622 3383 Eccle.,vi¹1‚
1646 3345 1676 3375 4.
1696 3361 1738 3366 —
1760 3344 1773 3365 ⁹
1797 3343 1917 3382 Exorl„
1946 3351 1992 3384 iv,
2017 3345 2045 3374 7.
2068 3361 2109 3366 —
2130 3342 2331 3382 1⁰11113e9„

1306 3398 1386 3430 xm,
1410 3394 1439 3423 6.
1460 3409 1500 3415 -—
1522 3392 1547 3412 ¹¹
1568 3390 1638 3427 Joh,
1661 3392 1760 3430 v,18.
1784 3408 1822 3414 -υ
1844 3391 1869 3411 1²
1889 3390 1979 3422 Psal.
2000 3398 2063 3429 cu,
2083 3391 2113 3420 3.
2134 3406 2174 3411 -
2196 3388 2218 3407 ¹³
2236 3389 2330 3429 Sap„

1309 3446 1378 3476 xvi,
1402 3440 1437 3470 12
1451 3455 1492 3461 —
1511 3439 1538 3461 1⁸
1556 3439 1650 3478 Sap„
1670 3445 1707 3477 11,
1730 3438 1781 3468 21.
1797 3455 1839 3461 —
1859 3438 1882 3459 ¹5
1901 3438 2003 3477 Rom„
2028 3445 2051 3477 1,
2073 3438 2110 3467 28
2131 3437 2164 3467 et
2183 3443 2255 3476 seq.
