2634 3853
37 336 161 366 Divisio.

0 1889 3 1958 Ξ

0 1966 5 2010 ,ι

0 2011 6 2069 ’ἱ

933 229 1204 271 EXPOSITlO
1234 228 1287 271 IN
1316 230 1431 272 CAP.
1461 221 1550 272 VII.

234 325 301 364 24.
318 321 378 363 Ec
394 329 487 362 cum
506 318 816 370 discessissent,
836 320 915 360 etc.
934 318 1072 371 Supra
1091 329 1205 359 com-

182 391 373 447 probavit
400 390 690 432 testimonium
719 390 892 433 Joannis
918 401 994 442 per
1029 389 1205 430 eviden-

181 464 281 504 tiam
300 461 467 504 virtutis
486 462 532 502 in
561 474 627 512 se;
659 463 729 503 hic
753 460 936 503 secundo
961 460 1207 512 comprobat

181 545 255 586 per
291 532 546 574 evidentiam
582 533 752 574 virtutis
790 533 834 572 in
865 531 1025 572 Joanne
1056 530 1206 571 testifi-

180 605 314 644 cante.
356 602 407 643 Et
438 603 564 644 habet
592 604 685 644 haec
715 615 811 655 pars
839 602 943 642 duas
971 603 1129 653 partes,
1164 600 1208 640 in

181 685 363 727 quarum
389 674 528 726 prima
553 674 840 727 multipliciter
858 671 1074 713 extollitur
1095 683 1206 723 prae-

180 743 378 795 rogativa
391 744 562 786 virtutis
581 745 625 785 in
643 744 664 786 J
669 756 802 785 oanne
819 758 828 794 ;
847 744 889 783 in
911 741 1095 783 secunda
1108 753 1209 782 vero

181 814 455 866 redarguitur
475 815 652 868 perfidia
670 813 972 854 incredulitatis
1000 813 1045 852 in
1065 812 1208 864 plebe,

181 884 241 925 ibi
271 884 335 937 (v.
359 888 404 926 31
423 885 463 938 ):
494 885 573 928 Cui
600 895 696 938 erqo
716 885 879 927 similes
907 883 1050 926 dicam
1075 882 1208 925 homi—-

181 966 280 1006 nes,
304 959 381 997 etc.
410 956 698 1009 Praerogativa
719 958 861 998 autem
891 955 1058 997 virtutis
1078 957 1212 995 osten-

183 1027 296 1068 ditur
324 1028 452 1068 fuisse
480 1027 747 1080 quadruplex
777 1028 822 1068 in
853 1027 1038 1068 Joanne:
1073 1027 1212 1079 primo

184 1098 338 1138 scilicet
355 1100 564 1150 quantum
581 1098 632 1139 ad
652 1098 856 1139 meritum
873 1097 993 1147 vitae3
1013 1096 1210 1147 secundo,

185 1170 394 1220 quantum
415 1169 467 1209 ad
483 1169 670 1209 officium
695 1168 916 1218 doctrinae,
941 1168 999 1208 ibi
1022 1168 1088 1220 (v.
1109 1170 1183 1218 25)
1201 1181 1210 1208 ε

186 1238 276 1280 Sed
297 1239 403 1292 quid
427 1240 581 1282 existis
607 1239 784 1281 videre?
808 1239 1084 1292 prophetam?
1111 1241 1211 1288 etc.;

185 1309 324 1358 tertio,
339 1305 546 1361 quantum
566 1310 618 1350 ad
631 1310 788 1350 donum
805 1311 969 1361 gratiae,
986 1309 1045 1349 ibi
1064 1309 1118 1361 (v.
1129 1309 1213 1362 6.)8);

186 1379 291 1421 Dico
316 1381 428 1422 enim
454 1381 592 1429 vobis,
619 1379 757 1431 major
782 1381 895 1422 inter
919 1383 1044 1421 natos
1064 1379 1215 1421 mulie-

185 1462 298 1502 rum,
323 1454 424 1503 etc.;
449 1453 620 1504 quarto,
643 1453 851 1503 quantum
882 1451 934 1491 ad
954 1450 1218 1503 praeconium

186 1522 312 1563 famae
328 1553 338 1572 ,
363 1522 423 1562 ibi
445 1523 455 1575 (
477 1535 518 1563 v.
540 1525 591 1563 29
611 1523 621 1575 )
642 1536 651 1563 ι
684 1522 738 1564 Et
763 1522 902 1564 omnis
930 1521 1112 1574 populus
1140 1531 1219 1561 au·

190 1592 329 1643 diens,
350 1595 429 1633 etc.
452 1592 666 1642 Quantum
687 1593 737 1634 ad
757 1593 959 1645 primum,
982 1591 1219 1631 notandum

193 1663 304 1716 quod
325 1663 526 1704 meritum
544 1663 643 1705 vitae
658 1662 885 1715 dupliciter
899 1662 1221 1702 commendatur

193 1733 239 1773 in
260 1732 444 1774 Joanne:
467 1733 621 1786 primo,
643 1736 851 1786 quantum
871 1732 923 1772 ad
942 1732 1221 1773 constantiam

192 1806 385 1856 respectu
403 1804 638 1845 difficilium
652 1819 662 1854 ;
680 1804 864 1844 secundo
877 1815 996 1853 vero,
1011 1805 1221 1855 quantum

194 1874 246 1915 ad
265 1874 563 1916 abstinentiam
582 1876 777 1927 respectu
806 1873 1130 1915 delectabilium.
1154 1872 1223 1913 ln-

196 1945 430 1986 troducitur
467 1957 571 1997 ergo
611 1945 749 1998 primo
786 1944 1094 1985 commendatio
1123 1955 1224 1984 con-

198 2015 362 2056 stantiae
387 2013 557 2057 Joannis
587 2015 632 2055 in
670 2015 857 2056 absentia
894 2014 1224 2068 discipulorum,

197 2088 369 2139 propter
399 2085 513 2139 quod
546 2086 675 2126 dicit:
715 2087 777 2128 Et
812 2096 906 2127 cum
933 2084 1227 2128 discessissent

196 2158 344 2199 nuntii
382 2157 584 2206 hannis,
627 2155 837 2197 solutione
873 2156 1122 2209 quaestionis
1159 2156 1229 2196 ob-

197 2229 334 2280 tenta,
362 2230 627 2270 revertentes
652 2231 855 2281 tanquam
880 2227 981 2268 boni
1007 2227 1148 2267 nuntii
1176 2227 1229 2268 ad

198 2309 298 2340 eum
319 2310 344 2339 a
361 2310 446 2351 quo
475 2298 595 2340 missi
613 2299 805 2340 fuerant:
832 2298 883 2339 de
905 2298 1060 2350 quibus
1087 2297 1160 2339 Job
1183 2298 1194 2320 ¹
1216 2310 1230 2339 ;

206 2384 226 2408 (ι
243 2368 460 2422 Numquid
484 2369 625 2409 mittes
643 2369 842 2421 fulgura,
868 2371 909 2408 et
937 2368 1080 2417 ibunt,
1103 2370 1144 2408 et
1161 2380 1227 2408 re-

201 2439 408 2480 vertentia
427 2439 565 2479 dicent
587 2438 658 2478 tibi
675 2453 684 2478 ε
707 2438 953 2479 Adsumus‘?
968 2452 987 2476 ›>
1006 2437 1052 2477 In
1074 2437 1230 2478 horum

205 2508 392 2550 absentia
409 2508 573 2550 laudari
591 2509 640 2550 de
649 2509 772 2549 bebat
798 2508 999 2559 Joannes,
1021 2510 1068 2549 ut
1085 2510 1230 2548 osten-

205 2579 329 2621 datur
359 2579 452 2620 laus
482 2591 570 2620 esse
596 2591 717 2630 vera,
744 2591 832 2620 non
859 2579 1110 2630 adulatoria3
1138 2578 1231 2620 ideo

205 2650 357 2691 dicitur
378 2664 387 2692 z
416 2650 552 2703 Goepic
574 2649 625 2692 de
651 2650 810 2693 Joanne
836 2649 973 2692 dicere
991 2649 1050 2691 ad
1073 2649 1229 2692 turbas.

206 2721 338 2774 Coepit
356 2721 503 2774 utique
523 2721 662 2774 ipsum
680 2721 817 2761 turbis
834 2720 1021 2771 laudare,
1043 2732 1096 2761 ne
1116 2720 1232 2762 vide-

204 2795 324 2833 retur
350 2792 532 2833 Joannes
561 2803 615 2832 ex
641 2791 900 2833 dubitatione
929 2791 1154 2844 discipulos
1182 2791 1234 2831 ad

207 2862 419 2904 Christum
439 2862 738 2903 transmisisse.
770 2862 866 2903 Ideo
888 2862 1033 2914 incipit
1060 2873 1160 2903 eum
1184 2861 1234 2902 de

210 2933 441 2974 constantia
455 2927 752 2975 commendare
767 2933 930 2974 dicens:
948 2932 1066 2985 Quid
1083 2933 1235 2975 emistis

213 3003 262 3044 in
285 3003 443 3047 deserto
462 3004 636 3046 videre:
661 3003 918 3046 arundinem
948 3006 1070 3046 vento
1093 3004 1234 3056 anita-

33 3063 37 3085 ³
72 3088 194 3117 ioannis
215 3074 333 3114 tam?
360 3074 479 3126 quasi
507 3075 641 3116 dicat:
671 3075 764 3117 Non
795 3076 857 3115 est
882 3073 1063 3116 Joannes
1089 3073 1237 3115 similis

55 3132 190 3158 constan-

53 3171 103 3199 tia.

215 3143 431 3195 arundini,
467 3147 514 3185 ut
550 3145 737 3198 quolibet
765 3145 955 3199 impulsu
990 3144 1167 3198 trepidet
1197 3147 1238 3185 et

214 3214 499 3265 concutiatur;
532 3216 604 3257 sed
635 3217 754 3258 fortis
781 3219 822 3257 et
846 3216 959 3257 fixus
986 3216 1032 3256 in
1053 3215 1164 3267 ⁴fide,
1193 3215 1238 3255 in

215 3284 332 3325 omni
350 3284 548 3326 bonitate.
567 3285 695 3328 Juxta
716 3287 830 3341 quod
848 3287 1022 3330 =lacobus
1040 3286 1077 3327 ²:
1101 3301 1120 3326 «
1141 3286 1238 3328 Pos-

215 3354 322 3397 tulet
339 3357 483 3397 autem
500 3355 546 3397 in
563 3356 644 3398 fide
661 3357 768 3399 nihil
786 3357 1009 3400 haesitans:
1030 3357 1104 3411 qui
1123 3356 1239 3398 enim

262 3461 274 3483 1
291 3459 364 3499 Job,
386 3468 541 3501 xxxvm,
566 3462 620 3493 35.
647 3478 687 3485 -
711 3462 722 3481 ²
744 3464 827 3504 lac„
855 3472 887 3504 1,
907 3467 945 3504 6,
970 3466 1001 3496 8.
1020 3481 1060 3487 -
1086 3463 1100 3486 3
1119 3462 1241 3502 Εσείί.,

218 3516 328 3550 xxvn,
353 3510 402 3543 12.
422 3525 463 3533 —
482 3508 496 3530 ⁵
513 3508 644 3550 Ephes„
667 3517 714 3551 ιν,
739 3513 788 3543 14.
812 3528 845 3535 —
865 3511 879 3534 ⁸
900 3512 927 3543 11
950 3512 1072 3553 Thence„
1092 3519 1132 3552 11,
1154 3515 1184 3551 1,
1207 3512 1238 3543 2.

2225 242 2303 280 403

1278 318 1460 369 haesitat,
1481 317 1629 358 similis
1648 319 1709 359 est
1727 318 1875 360 fluctui
1894 320 2039 371 maris,
2054 321 2128 374 qui
2140 334 2165 363 a
2178 328 2305 366 vento

1279 391 1491 439 movetur,
1514 391 1554 429 et
1572 389 1882 432 circumfertur.
1906 406 1925 429 n
1951 391 2175 445 Sequitur:
2196 408 2215 432 c<
2233 394 2307 435 Vir

1280 459 1437 511 duplex
1466 459 1630 510 animo,
1665 460 1907 501 inconstans
1941 464 2001 502 est
2034 462 2080 502 in
2108 463 2308 504 omnibus

1279 530 1360 571 viis
1382 530 1486 571 suis.
1506 545 1525 568 ›>
1552 530 1663 571 Talis
1687 543 1789 573 vero
1819 535 1880 573 est
1900 533 2088 583 arundo3
2111 546 2198 575 non
2214 535 2309 575 talis

1281 603 1370 641 erat
1407 600 1612 652 Joannes,
1641 614 1747 642 cum
1777 606 1886 644 esset
1916 605 2229 656 sanctissimus,
2260 606 2311 646 de

1282 683 1365 723 quo
1386 672 1425 711 ³:
1454 687 1473 709 «
1501 671 1637 713 Homo
1665 676 1833 714 sanctus
1863 674 1907 714 in
1934 676 2138 728 sapientia
2169 679 2312 717 manet

1282 741 1389 782 sicut
1409 741 1495 782 sol:
1516 754 1618 783 nam
1639 743 1792 784 stultus
1813 744 1919 785 sicut
1943 746 2045 786 luna
2061 748 2267 787 mutatur.
2287 761 2306 784 »

1283 810 1403 852 Tales
1429 815 1527 853 sunt
1546 824 1693 853 omnes
1713 815 1845 854 sancti
1858 846 1871 865 ,
1897 816 2131 857 secundum
2149 817 2254 857 illud
2270 817 2284 838 ¹⁸
2301 829 2311 858 ε

1290 897 1309 920 (<
1326 881 1419 923 Non
1439 883 1571 923 simus
1587 883 1754 936 parvuli
1774 884 2050 936 fluctuantes,
2075 889 2114 926 et
2133 887 2313 928 circum-

1284 954 1472 994 feramur
1503 954 1619 994 omni
1645 957 1774 996 vento
1811 956 2013 997 doctrinae
2048 958 2094 997 in
2126 958 2316 1010 nequitia

1285 1023 1532 1074 hominum,
1567 1039 1586 1062 »
1622 1027 1700 1066 etc.
1738 1025 1834 1067 Ideo
1867 1027 2049 1078 rogabat
2081 1027 2241 1069 Paulus
2270 1029 2283 1050 ⁵
2304 1042 2313 1069 ε

1293 1110 1311 1133 ε(
1332 1095 1549 1147 Rogamus
1569 1108 1666 1146 VOS,
1697 1097 1867 1148 fratres,
1890 1110 1966 1150 per
1982 1099 2214 1140 adventum
2234 1098 2315 1139 Do-

1287 1166 1393 1206 mini
1424 1167 1557 1207 nostri
1587 1167 1683 1209 Jesu
1717 1167 1889 1219 Christi,
1924 1183 1943 1207 ›>
1972 1176 2067 1219 etc.;
2091 1170 2315 1211 subditur:

1295 1251 1314 1275 α
1334 1235 1386 1276 Ut
1405 1249 1491 1277 non
1511 1237 1592 1278 cito
1611 1239 1866 1281 moveamini
1889 1252 1914 1280 a
1932 1242 2072 1281 vestro
2090 1252 2232 1281 sensu.
2255 1255 2274 1279 ))

1344 1305 1461 1346 Hanc
1479 1309 1623 1347 autem
1642 1310 1918 1350 constantiam
1934 1310 2008 1362 qui
2021 1310 2115 1352 vult
2131 1311 2319 1363 adipisci,

1290 1376 1413 1417 debet
1431 1376 1671 1429 relinquere
1686 1379 1910 1431 mundum,
1931 1382 1972 1420 et
1993 1381 2110 1422 exire
2130 1381 2183 1421 ad
2201 1381 2323 1423 loan-

1290 1458 1390 1487 nem
1410 1447 1455 1487 in
1477 1447 1705 1499 desertum,
1730 1449 1964 1490 secundum
1983 1451 2097 1503 quod
2111 1451 2264 1492 dicitur
2281 1451 2294 1473 ⁶
2311 1466 2321 1493 ε

1299 1532 1318 1556 α
1338 1517 1602 1559 Exclamavit
1623 1518 1842 1560 Matathias
1860 1532 1962 1561 voce
1981 1533 2140 1573 magna
2159 1522 2203 1562 in
2225 1522 2325 1564 civi-

1292 1589 1396 1638 tate',
1421 1588 1563 1629 dicens
1585 1601 1594 1629 ε
1616 1588 1762 1630 Omnis
1782 1591 1855 1643 qui
1881 1591 2010 1632 habet
2037 1591 2175 1633 zelum
2196 1592 2324 1644 legis,

1297 1662 1485 1699 statuens
1505 1662 1826 1711 testamentum,
1856 1664 1977 1703 exeat
2004 1665 2097 1715 post
2117 1674 2187 1704 me
2209 1677 2218 1703 ε
2241 1678 2260 1701 n
2287 1667 2328 1704 et

1296 1729 1515 1782 sequitur,
1552 1745 1571 1769 «
1598 1731 1710 1783 quod
1742 1731 1865 1771 multi
1891 1732 2087 1773 exierunt
2114 1733 2159 1774 in
2184 1734 2324 1776 deser-

1296 1803 1404 1840 tum.
1427 1815 1446 1838 D

1352 1871 1547 1912 Secundo
1563 1883 1665 1913 vero
1687 1873 1882 1914 subditur
1901 1874 2211 1917 commendatio
2232 1876 2326 1917 abs-

1298 1942 1487 1983 tinentiae
1523 1942 1696 1984 Joannis
1711 1976 1723 1995 ,
1758 1947 1950 1997 respectu
1992 1945 2298 1988 delectabilium
2316 1963 2326 1999 ;

1301 2016 1470 2067 propter
1487 2014 1600 2066 quod
1620 2014 1718 2056 dicit
1735 2029 1744 2056 ι
1768 2016 1849 2057 Sed
1868 2016 1974 2069 quid
1991 2018 2147 2061 existis
2163 2020 2328 2072 videre,

1300 2084 1345 2125 id
1365 2087 1427 2126 est
1451 2085 1737 2127 considerare?
1758 2086 1980 2129 Hominem
1995 2088 2189 2132 mollibus
2208 2093 2334 2135 vesti-

1302 2154 1458 2195 mentis
1479 2152 1715 2196 indutum?
1736 2155 1857 2207 quasi
1876 2155 2007 2196 dicat:
2030 2156 2136 2198 Non.
2153 2157 2334 2199 Joannes

1304 2223 1418 2264 enim
1437 2224 1726 2266 sanctissimus
1744 2225 1796 2265 ab
1817 2227 1933 2266 omni
1953 2227 2128 2269 mollitie
2146 2229 2335 2279 carnali·

1304 2294 1403 2335 tatis
1416 2297 1504 2335 erat
1521 2295 1706 2346 alienus;
1726 2298 1766 2336 et
1786 2296 1895 2338 sicut
1914 2297 2086 2338 dicitur⁷
2104 2312 2145 2339 z«
2156 2298 2177 2340 J
2180 2311 2336 2342 oannes

1305 2368 1447 2406 autem
1466 2365 1648 2406 habebat
1673 2367 1974 2409 vestimentum
1998 2369 2048 2410 de
2077 2370 2173 2422 pilis
2195 2383 2335 2412 came-

1303 2435 1473 2487 lorum,
1508 2438 1550 2476 et
1579 2448 1729 2476 zonam
1773 2437 1990 2489 pelliceam
2029 2440 2137 2481 circa
2169 2441 2336 2483 lumbos

1306 2518 1428 2556 su0s3
1461 2518 1553 2547 esca
1575 2508 1719 2547 autem
1748 2508 1841 2560 eJus
1862 2511 1982 2549 erant
2006 2508 2194 2552 locustae.
2215 2526 2234 2549 »
2260 2511 2336 2553 Hic

1305 2588 1406 2618 vere
1437 2579 1526 2617 erat
1557 2577 1609 2618 de
1637 2590 1817 2619 numero
1847 2579 2041 2621 virorum
2066 2582 2336 2634 evangelico-

1307 2659 1419 2697 rum,
1436 2647 1481 2687 in
1498 2660 1683 2701 quorum
1700 2661 1877 2701 persona
1894 2650 2084 2694 diciturss:
2096 2668 2115 2691 ((
2129 2652 2337 2696 Habentes

1308 2716 1507 2758 alimenta
1539 2721 1578 2759 et
1612 2719 1768 2771 quibus
1806 2722 2018 2773 tegamur,
2055 2721 2121 2763 his
2153 2726 2337 2766 contenti

1311 2788 1459 2829 simuS.
1481 2803 1500 2827 »
1531 2789 1688 2836 Quibus
1708 2794 1914 2843 tenemur,
1935 2792 2054 2844 dicit,
2075 2806 2161 2835 non
2181 2796 2338 2848 quibus

1309 2871 1525 2901 ornemur.
1545 2859 1784 2902 Bernardus
1803 2862 1854 2903 ad
1875 2862 2142 2915 Eugenium:
2173 2881 2192 2905 α
2209 2866 2339 2921 Apos-

1309 2930 1384 2971 toli
1402 2930 1529 2972 fortes
1547 2932 1720 2973 fuerunt
1739 2933 1783 2973 in
1799 2933 1924 2985 bello,
1941 2946 2027 2975 non
2047 2936 2194 2978 molles
2212 2938 2257 2978 in
2277 2951 2339 2980 se-

1310 3001 1419 3053 rico;
1447 3002 1561 3054 quod
1591 3003 1627 3043 si
1653 3003 1768 3045 filius
1792 3016 1837 3045 es
1867 3006 2154 3058 apostolorum
2174 3011 2215 3049 et
2239 3022 2336 3062 pro—

1310 3072 1557 3124 phetarum,
1580 3076 1621 3114 et
1642 3075 1691 3115 tu
1710 3074 1774 3115 fac
1792 3074 1999 3118 similiter.
2019 3092 2038 3116 ι)
2064 3078 2145 3120 Sed
2163 3081 2236 3133 qui
2258 3082 2338 3124 hoc

1311 3143 1405 3186 vult
1427 3144 1583 3195 facere,
1604 3148 1768 3198 oportet
1789 3150 1836 3188 ut
1855 3148 2019 3191 deserat
2043 3153 2253 3194 mundum
2266 3186 2276 3205 ,
2298 3159 2339 3196 et

1313 3225 1413 3254 cum
1439 3213 1599 3256 Joanne
1625 3221 1745 3257 exeat
1766 3217 1812 3257 in
1830 3217 2055 3262 desertum.
2081 3221 2197 3264 Unde
2216 3224 2334 3266 addi-

1312 3286 1411 3326 tur:
1433 3285 1536 3327 Eece
1557 3287 1634 3338 quz·
1652 3287 1701 3328 in
1715 3289 1905 3340 pretiosa
1923 3294 2031 3333 veste
2050 3296 2150 3335 sunt
2170 3296 2209 3336 et
2227 3294 2337 3338 deli-

1314 3357 1417 3407 ciis,
1445 3357 1494 3399 in
1515 3356 1709 3401 domibus
1733 3369 1878 3412 regum
1902 3365 2027 3413 sunm
2053 3363 2175 3415 quasi
2203 3365 2335 3410 dieat:

1314 3478 1356 3486 —
1383 3462 1430 3493 ⁶1
1458 3462 1468 3493 1
1495 3464 1617 3504 Mach„
1646 3473 1691 3506 11,
1717 3467 1777 3507 27,
1806 3468 1857 3499 29.
1880 3484 1921 3492 —
1952 3467 1964 3489 ⁷
1996 3468 2131 3510 Matth„
2160 3478 2219 3512 111,
2251 3477 2281 3506 4.
2301 3491 2341 3498 —

1317 3510 1327 3529 ⁸
1348 3510 1359 3541 l
1378 3510 1472 3550 Tim„
1490 3517 1539 3550 vt,
1559 3512 1590 3542 8.

2365 1901 2382 1927 J
2385 1899 2489 1927 oannis

2373 1941 2462 1968 absti-

2362 1982 2471 2010 nentia.

2391 3237 2498 3263 Contra

2363 3278 2488 3305 vestium

2381 3318 2478 3345 molli-

2381 3360 2463 3388 tiem.
