2587 3845
1097 159 1266 202 CAPUT
1294 159 1344 202 v.
1875 125 1882 129 ⁵
2234 163 2284 203 39

159 251 236 299 do,
264 248 498 289 secundum
531 248 636 289 illud
668 248 823 289 Psalmi
842 249 855 270 ¹
879 263 887 289 ε
917 263 936 286 (1
957 246 1185 288 Brachium

158 331 302 360 meum
323 319 572 359 confortabit
591 331 712 369 eum;
731 333 749 356 n
769 319 940 358 dextera
958 318 1186 370 praemian-

157 390 211 430 do
229 389 244 410 ²
264 403 272 428 :
295 403 315 427 α
335 388 497 430 Statuet
525 401 626 430 oves
653 402 677 429 a
704 389 900 429 dexteris.
923 403 942 426 n
973 389 1182 435 Quoniam

157 458 335 501 deoeiera
362 469 442 500 sua
470 463 573 512 τερα
601 470 691 510 eos,
714 459 782 499 hic
812 463 853 500 et
871 459 916 499 in
938 459 1111 509 futuro,
1132 462 1184 501 ab

157 531 221 571 ira
251 530 422 583 superni
449 531 605 583 Judicis
637 534 682 571 ⁸:
711 546 731 569 α
763 530 809 570 In
845 532 999 571 umbra
1030 544 1184 572 manus

159 611 249 641 suae
259 600 442 652 protexit
459 613 565 641 me.»
574 605 588 626 ¹·
605 600 839 653 «Tegimen
851 601 1029 652 ardoris,
1045 605 1085 642 et
1095 614 1186 642 um-

143 670 395 711 braculum.
417 685 436 708 »
460 672 515 713 Ei
535 671 704 713 brachio
723 675 870 713 sancto
897 682 972 713 suo
990 703 1000 721 ,
1021 672 1063 712 id
1096 675 1184 723 est,

158 753 247 782 suae
266 745 420 783 sanctae
440 743 637 796 potentiae
655 774 666 793 ,
687 742 883 794 defendet
900 743 1009 794 illos,
1030 744 1187 784 scilicet

157 813 211 853 ab
224 812 548 865 impugnatione
559 813 807 863 adversarii,
823 814 1056 854 secundum
1081 814 1186 855 illud

159 883 316 924 Psalmi
332 884 345 906 ⁵
368 896 378 924 :
404 899 423 923 α
442 884 647 925 Dominus
675 884 868 925 defensor
888 885 986 925 vitae
1007 896 1115 925 meae
1128 899 1138 934 ;
1162 897 1187 925 a

155 967 242 1008 quo
259 955 476 1007 trepidabo
489 956 509 995 ἱ)
528 969 547 993 n

211 1028 276 1084 18.
298 1026 352 1067 Ει
370 1026 549 1078 accipiet
561 1028 841 1075 armaturam,
858 1029 938 1068 etc.
954 1025 1030 1066 Hic
1042 1025 1185 1077 tangit

158 1096 412 1150 supplicium
430 1098 710 1149 reproborum
731 1098 809 1138 sub
841 1098 1091 1150 metaphora
1111 1110 1178 1138 re-

160 1167 247 1220 gis,
269 1179 388 1208 arma
419 1168 628 1208 moventis
652 1168 703 1220 (a)
733 1171 878 1208 contra
904 1181 1002 1208 suos
1031 1168 1186 1209 adver-

157 1238 300 1279 sarios.
323 1238 375 1279 Et
393 1238 531 1290 primo
550 1238 744 1278 describit
763 1238 878 1289 regis
898 1240 1179 1291 propositum;

156 1310 354 1358 secundo,
377 1311 470 1361 eJus
487 1311 736 1361 apparatum
756 1322 766 1348 ε
795 1309 956 1358 Donec,
985 1312 1080 1359 etc.;
1103 1312 1186 1349 ter-

156 1381 230 1432 tio,
247 1380 407 1422 bellum
425 1394 434 1421 :
452 1380 578 1422 Ibunt
597 1380 769 1431 directe,
784 1384 880 1431 etc.;
900 1384 1067 1433 quarto,
1085 1381 1185 1422 belli

155 1453 351 1493 effectum
386 1466 395 1492 ε
425 1452 482 1494 Ec
517 1451 573 1493 ad
602 1462 786 1493 eremum
816 1451 1049 1504 perducet,
1086 1455 1181 1502 etc.;

155 1523 304 1576 quinto
321 1552 332 1574 ,
351 1522 452 1563 belli
469 1522 707 1563 remedium
725 1536 734 1562 z
762 1522 912 1564 Melior
932 1529 994 1565 esc
1013 1522 1182 1574 sapien-

157 1595 220 1636 tia
238 1624 248 1643 ‚
271 1596 350 1634 etc.

207 1665 264 1707 Et
281 1665 459 1718 accipiet
477 1667 740 1716 amaturum,
764 1665 918 1706 scilicet
941 1668 1086 1706 contra
1106 1665 1181 1706 ad-

155 1735 387 1786 versariOS,
424 1735 542 1777 zelus
579 1735 699 1777 illias
732 1735 745 1757 ⁶
770 1750 777 1776 :
806 1751 824 1773 (1
850 1735 969 1776 Zelus
1001 1739 1041 1776 et
1067 1737 1184 1777 furor

153 1806 237 1848 viri
262 1818 349 1847 non
369 1809 512 1859 parcet
530 1807 575 1847 in
594 1807 662 1847 die
681 1807 892 1848 vindictae.
919 1821 937 1845 ›>
960 1807 1094 1848 Arma
1113 1820 1183 1848 au-

153 1880 239 1918 tem
259 1878 351 1930 eJus
382 1881 480 1919 sunt
506 1878 664 1919 vetitas
682 1911 692 1929 ,
710 1879 890 1931 justitia,
915 1882 955 1919 et
972 1879 1183 1931 ⁸iudicium

152 1950 385 1990 secundum
404 1947 608 1989 Glossam.
633 1949 686 1991 Ec
707 1949 889 1992 armabit
911 1954 1149 1992 creaturam
1165 1981 1178 2001 ,

151 2018 306 2060 scilicet
333 2022 539 2072 tanquam
571 2020 808 2060 exercitum
841 2033 994 2071 suum,
1027 2033 1180 2061 secun-

150 2090 254 2132 dum
284 2089 387 2131 illud
419 2090 529 2131 infra
558 2095 572 2116 '¹
607 2105 616 2131 :
659 2106 678 2128 «
701 2091 899 2132 Creatura
929 2091 1004 2131 tibi
1033 2091 1180 2131 factori

154 2161 396 2203 deserviens
445 2161 678 2201 exardescit
723 2161 926 2202 adversus
962 2161 1144 2214 injustos
1165 2194 1178 2212 ,

149 2231 202 2273 ad
235 2230 443 2272 ultionem
479 2231 767 2273 inimicorum.
790 2245 808 2268 >2
836 2235 849 2257 ⁸
878 2246 897 2270 c(
917 2231 1025 2272 Deus
1052 2232 1178 2274 ultio-

149 2316 252 2345 num
269 2335 279 2354 ,
302 2316 321 2340 1)
352 2305 429 2344 etc.

205 2378 271 2416 19.
293 2373 448 2416 Induei
472 2384 551 2426 pro
578 2374 742 2416 thorace
759 2374 984 2426 justitiam
1006 2374 1178 2416 :loricae

152 2449 421 2498 comparatur
438 2445 615 2497 justitia,
633 2446 723 2486 sive
743 2445 904 2485 thoraci
919 2475 931 2495 ,
950 2446 1050 2498 quia
1071 2446 1179 2486 sicut

151 2515 279 2558 lorica
315 2517 454 2556 totum
492 2527 645 2567 corpus
681 2515 898 2567 protegit,
928 2516 984 2555 sic
1012 2517 1179 2568 justitia

151 2587 341 2639 undique
357 2586 567 2635 animam,
590 2587 705 2627 unde
723 2587 736 2608 ⁹
757 2597 766 2626 ε
795 2601 814 2624 «
838 2586 915 2627 Per
945 2599 1065 2627 arma
1089 2589 1178 2640 jus-

149 2657 253 2698 titiae
272 2669 298 2697 a
316 2657 474 2697 dextris
491 2660 530 2697 et
557 2669 582 2697 a
601 2657 795 2699 sinistris.
818 2658 901 2695 »¹⁰«
920 2657 940 2698 J
947 2659 1086 2698 ustitia
1106 2659 1178 2698 in-

150 2729 278 2770 dutus
307 2730 369 2769 est
399 2740 477 2781 pro
503 2728 550 2779 (b)
580 2728 722 2769 lorica.
752 2743 770 2766 »
803 2731 864 2772 Ec
893 2731 1073 2782 accipiet
1101 2741 1176 2782 pro

148 2798 270 2852 yolea
289 2798 510 2851 judicium
540 2803 698 2841 rectam
715 2830 726 2849 ‚
751 2800 821 2841 vel
851 2804 1009 2842 cerium
1029 2813 1042 2842 .·
1058 2802 1174 2853 Judi-

149 2870 262 2910 cium
278 2871 462 2920 rectum,
481 2868 523 2908 id
543 2872 604 2910 est
620 2870 834 2921 discreti03
855 2873 1176 2924 etcomparatur

149 2940 302 2993 galeae,
325 2951 421 2992 quae
441 2939 757 2981 munimentum
780 2944 842 2981 est
861 2942 1008 2994 capitis
1022 2974 1034 2992 ,
1054 2942 1096 2983 id
1115 2946 1175 2983 est

147 3010 322 3052 rationis
341 3011 369 3034 ¹¹
395 3024 435 3051 z«
454 3010 665 3051 Divinatio
684 3011 727 3051 in
749 3011 871 3052 labiis
891 3013 1029 3065 regis,
1050 3014 1091 3053 in
1108 3015 1176 3065 ju-

148 3081 255 3122 dicio
281 3093 368 3123 non
386 3082 542 3123 errabit
562 3094 609 3123 os
638 3095 779 3124 suum.
803 3098 822 3122 n
851 3085 905 3134 (v.
930 3085 1010 3137 ⁶20)
1036 3085 1174 3129 Szcmei

149 3155 313 3195 scutum
346 3153 678 3206 inexpuqnabile
709 3156 951 3207 (equitatem
980 3169 995 3196 .·
1025 3160 1170 3209 scuto,

192 3258 204 3279 1
220 3258 308 3292 Psal.
329 3267 500 3300 Lxxxvni,
521 3263 616 3292 22.—
636 3261 650 3282 ²
664 3261 802 3302 Mattlz„
822 3270 902 3302 Ην,
925 3265 976 3295 33.
998 3281 1038 3286 -
1056 3264 1069 3285 ³
1092 3265 1172 3305 Isa„

149 3312 245 3343 xmx,
268 3307 298 3336 2.
320 3323 359 3330 —-
377 3306 391 3328 δ
411 3305 528 3347 Εσόίιζ,
549 3314 668 3348 xxmv,
692 3310 740 3340 19.
761 3326 801 3332 --
821 3310 831 3328 ⁵
847 3310 937 3341 Psal.
965 3318 1058 3350 xxvi,
1082 3314 1109 3342 1.
1131 3328 1172 3334 —

150 3351 164 3373 ⁶
182 3352 297 3392 Prov.‚
315 3360 361 3394 vt,
381 3354 431 3386 34.
455 3371 490 3376 —
508 3355 518 3373 ⁷
539 3354 634 3395 Sap„
654 3363 724 3394 xvi,
745 3357 795 3387 24.
815 3374 851 3379 —-
878 3358 889 3375 Β
906 3357 997 3390 Psal.
1018 3366 1117 3397 xcm,
1139 3360 1169 3389 1.

149 3415 190 3422 —
216 3399 228 3418 ³
256 3399 284 3430 ΙΙ
314 3399 403 3438 Cor„
426 3408 480 3440 v1‚
507 3402 538 3432 7.
564 3418 604 3425 —
628 3403 651 3421 ¹·
672 3403 752 3442 Isa„
772 3411 849 3444 LIX,
872 3406 923 3436 17.
943 3421 983 3428 -—
1015 3405 1168 3445 11Ριόυ.,

148 3452 230 3486 XVI,
251 3447 299 3478 10.
319 3461 360 3468 —
397 3446 422 3466 ¹²
451 3448 529 3487 Isa„
557 3455 611 3489 xl,
640 3449 671 3480 4.
696 3466 737 3473 —
764 3450 790 3472 ¹³
814 3451 948 3492 Ezech„
975 3459 1053 3492 ΣΧΙ,
1079 3453 1110 3483 9.
1130 3469 1170 3475 —-

1261 249 1375 302 quod
1389 248 1573 289 defendit
1591 248 1782 297 loricam,
1804 248 2075 298 comparatur
2091 248 2282 300 aequitas,

1260 319 1361 372 quia
1390 319 1599 371 justitiam
1639 318 1736 359 facit
1768 316 2179 369 irreprehensibilem
2207 318 2234 339 ¹²
2272 332 2281 356 :

1265 405 1284 429 ς(
1304 390 1471 440 Arguet
1488 390 1531 429 in
1550 389 1745 442 aequitate
1765 399 1841 440 pro
1860 388 2090 428 mansuetis
2108 391 2247 428 terrae.
2261 404 2280 426 »

1261 464 1316 512 (v.
1339 462 1401 513 ⁶21)
1424 461 1552 503 Aeaei
1572 465 1712 503 (aciem
1732 460 1873 501 iliram
1900 460 2008 500 iram
2030 473 2045 499 .·
2066 458 2202 498 diram
2223 459 2284 499 di-

1260 532 1342 581 cit,
1368 532 1419 571 ad
1453 531 1734 571 differentiam
1764 531 1840 570 irae
1873 529 1978 570 levis
2007 561 2018 579 ,
2048 541 2133 581 quo
2162 530 2287 571 modo

1258 602 1466 643 irascitur.
1490 603 1544 642 In
1574 603 1763 643 lanceam
1785 613 1798 641 .·
1821 601 1884 640 ira
1903 600 1974 640 Dei
1993 599 2149 640 lanceae
2170 613 2287 641 com-

1259 675 1457 725 paratur,
1491 674 1590 724 quia
1621 673 1800 723 attinget
1835 671 1962 712 etiam
2004 682 2288 723 quaecumque

1258 746 1446 793 remota,
1475 746 1516 783 et
1547 743 1781 794 penetrabit
1807 746 1868 782 ¹³:
1900 742 2108 782 «Gladius
2138 754 2289 782 exacu-

1259 817 1342 864 tus,
1363 828 1382 851 »
1398 818 1475 854 etc.
1499 813 1595 854 Ideo
1614 814 1645 835 Η·
1668 828 1676 853 :
1706 828 1724 850 α
1745 813 1891 853 Misisti
1911 813 2019 852 iram
2039 816 2173 862 tuam,
2191 825 2288 865 quae

1259 885 1478 924 devoravit
1507 896 1577 924 eos
1608 884 1716 924 sicut
1735 883 1950 935 stipulam.
1971 897 1989 919 ))
2013 883 2066 924 Ei
2083 882 2290 935 pugnabit

1259 967 1354 997 cum
1382 955 1451 997 illo
1480 955 1594 997 orbis
1621 959 1832 997 terrarum
1864 957 2011 995 contra
2033 954 2283 995 insensatos.

1260 1027 1490 1079 Gregorius
1525 1028 1552 1052 ¹⁵
1590 1041 1598 1066 :
1641 1042 1659 1064 (‹
1688 1025 1855 1066 Offenso
1892 1025 2097 1075 Creatore,
2150 1025 2290 1065 omnis

1259 1101 1452 1139 creatura
1477 1097 1720 1139 offenditur,
1744 1113 1762 1135 ›>
1788 1096 1931 1137 Glossa
1954 1111 1962 1135 :
1991 1112 2009 1133 «
2030 1095 2198 1136 Creator
2215 1108 2289 1149 per

1259 1171 1499 1210 creaturam
1544 1168 1623 1207 sibi
1669 1168 1903 1219 subjectam
1943 1167 2117 1218 corripit
2153 1167 2286 1207 delin-

1259 1242 1449 1292 quentes.
1481 1253 1500 1276 1)
1532 1238 1741 1278 llorribile
1772 1237 1932 1277 bellum
1965 1238 2043 1278 erit
2072 1236 2174 1277 illud
2196 1269 2205 1287 ,
2239 1237 2289 1278 de

1259 1322 1344 1362 quo
1365 1310 1393 1335 ¹⁶
1425 1324 1433 1349 :
1460 1324 1479 1347 c<
1513 1309 1723 1348 Memento
1756 1308 1877 1356 belli,
1911 1319 1988 1347 nec
2019 1307 2130 1347 ultra
2163 1308 2290 1348 addas

1257 1381 1391 1433 loqui.
1416 1395 1433 1417 >)

1312 1455 1377 1493 22.
1398 1452 1524 1492 Ibant
1543 1450 1713 1492 clirecioe
1730 1448 1794 1501 (c),
1809 1450 1884 1488 etc.
1900 1447 1976 1488 Ilic
1992 1447 2186 1488 describit
2200 1449 2290 1488 bel-

1258 1523 1348 1564 lum
1371 1523 1673 1571 novissimum,
1698 1521 1932 1561 secundum
1954 1520 2144 1560 diversas
2179 1520 2289 1560 acies

1259 1596 1570 1634 creaturarum.
1612 1593 1662 1633 Et
1697 1593 1835 1645 primo
1874 1591 2105 1631 introducit
2139 1591 2288 1642 ignem

1257 1665 1410 1717 impios
1440 1664 1717 1705 debellantem
1748 1678 1757 1713 ;
1795 1662 2004 1712 secundo,
2039 1674 2211 1702 aerem:
2235 1662 2289 1704 Ec

1253 1740 1441 1788 petrosa,
1474 1739 1581 1785 etc.;
1618 1735 1765 1784 tertio,
1799 1746 1983 1786 aquam:
2020 1734 2074 1774 Ec
2105 1732 2287 1774 candes-

1257 1812 1341 1857 cet,
1363 1809 1466 1856 etc.;
1500 1809 1671 1858 quarto,
1702 1809 1879 1846 ventum
1897 1836 1906 1853 ,
1931 1816 2004 1844 seu
2038 1804 2256 1844 turbinem
2273 1835 2285 1853 ,

1257 1879 1307 1919 de
1335 1883 1447 1919 terra
1483 1879 1776 1931 procedentem
1803 1891 1811 1916 t
1839 1878 1992 1920 Contra
2029 1877 2119 1918 illos
2153 1877 2287 1919 scabit

1254 1951 1437 2003 spiritus
1456 1951 1635 1991 circatis
1648 1980 1658 1999 ,
1682 1953 1759 1989 etc.

1308 2022 1433 2062 Itum
1461 2033 1587 2072 ergo,
1610 2020 1763 2060 scilicet
1792 2021 1938 2059 contra
1966 2018 2059 2058 illos
2077 2050 2087 2067 ,
2118 2018 2288 2061 clirectoe

1255 2094 1498 2135 emissiones
1517 2092 1734 2144 samaram
1745 2101 1820 2143 pro
1836 2095 1927 2132 voto
1941 2090 2018 2142 tel)‚·
2038 2090 2180 2130 Glossa
2195 2104 2203 2130 :
2216 2106 2234 2128 α
2245 2090 2285 2131 id

1254 2168 1334 2215 est⁷
1353 2177 1429 2217 pro
1449 2163 1666 2204 voluntate
1684 2162 1870 2202 ductoris
1898 2175 1906 2200 :
1934 2176 1953 2198 n
1983 2162 2009 2186 ¹⁷
2040 2160 2286 2201 «Accelerat

1254 2235 1562 2277 coruscationes
1582 2234 1772 2275 emittere
1787 2232 2015 2285 judiciisui
2029 2247 2038 2281 3
2057 2246 2074 2268 n
2097 2232 2199 2272 item
2226 2234 2254 2257 ¹⁸
2274 2246 2282 2272 :

1261 2322 1280 2345 (ι
1295 2306 1489 2358 Fulgura
1503 2305 1853 2354 coruscationem,
1870 2307 1911 2344 et
1924 2303 2143 2356 dissipabis
2157 2315 2242 2344 eos.
2259 2318 2278 2340 n

1254 2380 1310 2422 Εῐ
1330 2384 1534 2431 tanquam
1561 2377 1709 2423 abene
1743 2380 1914 2417 cw'vaio
1947 2386 2049 2416 arca
2080 2375 2280 2425 nubium,

1252 2451 1294 2490 id
1328 2453 1409 2499 est,
1440 2453 1644 2501 tanquam
1670 2448 1788 2487 iridis
1811 2447 1933 2486 lineae
1956 2447 2166 2498 depressae
2197 2446 2283 2486 sole

1253 2519 1590 2572 superveniente.
1647 2516 2066 2559 Exterminabaniar
2118 2517 2282 2568 impii;

1252 2591 1374 2643 quasi
1392 2590 1500 2631 dicat
1520 2604 1527 2630 :
1547 2588 1661 2630 Sicut
1679 2589 1759 2628 cito
1781 2592 1820 2628 et
1841 2587 2017 2627 faciliter
2036 2587 2282 2628 dissolvitur

1251 2674 1374 2702 arcus
1396 2660 1593 2711 ecclesus,
1614 2660 1673 2700 sic
1690 2660 1811 2712 impii
1842 2660 1921 2699 cito
1943 2662 1983 2699 et
2007 2658 2181 2698 faciliter
2202 2670 2278 2698 ex·-

1250 2733 1618 2782 terminabuntur,
1641 2732 1683 2772 id
1705 2736 1787 2782 est,
1813 2734 1933 2772 extra
1955 2731 2157 2770 terminos
2178 2730 2278 2770 vitae

1250 2804 1468 2857 praesentis
1500 2806 1541 2844 et
1571 2806 1743 2843 aeternae
1775 2804 1985 2855 ponentur
2008 2802 2036 2826 ¹⁹
2059 2813 2069 2842 :
2092 2816 2111 2838 α
2131 2800 2277 2841 Exter-

1250 2875 1401 2916 minati
1433 2877 1550 2925 sunt,
1574 2876 1615 2914 et
1643 2873 1696 2914 ad
1729 2873 1885 2913 inferos
1917 2872 2275 2913 descenderunt.»

1250 2944 1280 2966 ²⁰
1301 2944 1486 2984 «Arcum
1506 2955 1633 2982 suum
1654 2942 1845 2991 tetendit,
1867 2955 1886 2978 >³
1911 2943 1988 2981 etc.
2022 2940 2078 2983 Ec
2099 2940 2157 2981 ad
2189 2950 2278 2981 cer-

1251 3018 1341 3057 tum
1361 3014 1496 3069 locam
1514 3013 1738 3063 insilient,
1759 3012 1913 3052 scilicet
1945 3012 1997 3052 ad
2028 3011 2162 3052 malos
2187 3014 2277 3051 tan-

1249 3089 1361 3137 tum,
1384 3086 1443 3126 ita
1462 3085 1577 3137 quod
1597 3085 1730 3125 bonos
1746 3096 1833 3125 non
1850 3086 2043 3135 tangent.
2068 3082 2242 3135 Supra²¹
2264 3096 2272 3122 :

1249 3200 1272 3220 ¹⁴
1294 3198 1413 3236 Exod„
1443 3205 1499 3238 XV,
1520 3199 1550 3229 7.
1572 3215 1613 3220 —
1639 3198 1662 3218 ¹⁵
1688 3198 1803 3237 Greg,
1828 3197 1862 3226 in
1889 3196 2031 3235 Evanq„
2056 3195 2150 3226 hom.
2176 3201 2274 3232 xxxl,

1245 3254 1316 3277 non
1339 3246 1458 3287 procul
1477 3255 1495 3277 a
1514 3244 1691 3286 principio.
1713 3262 1753 3267 —
1770 3244 1795 3265 ¹⁶
1813 3243 1884 3282 lob,
1905 3251 1961 3282 XL,
1981 3243 2032 3273 27.
2051 3259 2091 3264 —
2115 3242 2138 3259 ¹⁷
2155 3239 2273 3280 Eccli.,

1245 3301 1338 3332 xmv,
1363 3296 1411 3325 14.
1429 3311 1469 3317 —-
1492 3292 1515 3314 ¹⁸
1536 3292 1624 3324 Psal.
1646 3299 1766 3330 cuin,
1791 3293 1822 3323 6.
1841 3308 1877 3314 ——-
1900 3292 1923 3309 ¹³
1940 3290 2144 3327 Bar-uc.,111,
2166 3289 2216 3319 19.
2235 3304 2274 3310 —

1244 3341 1272 3360 ²·
1291 3340 1384 3372 Psal.
1401 3349 1461 3380 vn,
1484 3342 1533 3372 13.
1549 3357 1589 3363 -—
1609 3341 1636 3362 ²¹
1653 3340 1746 3379 Sap„
1770 3345 1819 3378 111,
1842 3341 1870 3371 1.

1289 3407 1332 3447 (a)
1355 3407 1435 3438 Caet.
1458 3406 1536 3438 edit.
1554 3407 1793 3438 moventes.—-
1814 3403 1858 3446 (ὁ)
1886 3403 1979 3445 Vulq.
2000 3404 2048 3436 ut.
2062 3418 2103 3426 —
2116 3402 2154 3443 (c)
2172 3400 2272 3442 Vulg.

1244 3452 1379 3486 directe.
1394 3471 1434 3477 —
1457 3454 1503 3494 (d)
1523 3453 1620 3494 Vulg.
1643 3453 1739 3485 deest
1758 3461 1818 3493 pro
1838 3453 1920 3482 voto.
