2634 3853
110 285 242 313 Andreas

109 707 124 732 J
128 704 245 731 acubus.

132 1271 250 1306 Episco-

106 1321 162 1348 pus
175 1321 247 1347 qua-

108 1354 156 1381 lis.

112 1692 127 1718 J
132 1699 250 1718 oannes.

140 3026 258 3060 Apostos

141 3066 236 3093 lorum

126 3106 245 3133 nomina

117 3147 154 3174 ad
188 3147 257 3173 doc-

133 3188 240 3215 trinam

1028 177 1300 219 EXPOSITIO
1331 177 1382 218 IN
1414 177 1526 218 CAP.
1556 177 1627 219 Vl.

269 273 467 316 Dominus
494 272 584 311 erat
610 282 708 310 cum
738 281 802 311 eo.
831 284 850 307 >³
882 269 935 311 Ec
961 267 1192 318 Αηιΐνεαφη,
1216 266 1288 319 qui

268 343 565 394 interpretatur
600 340 733 381 virilis
773 354 782 380 ε
823 340 870 380 in
907 351 991 392 quo
1036 337 1288 390 exprimitur

266 412 403 453 virtus
431 411 623 463 justitiae.
658 410 858 463 Alioquin
886 410 898 431 1
931 424 950 447 c(
977 408 1062 448 noli
1096 419 1288 460 quaerere

264 482 356 522 fieri
384 481 548 534 judex,
581 481 662 520 nisi
692 481 832 522 valeas
864 480 1021 520 virtute
1047 478 1288 530 irrumpere

265 552 537 605 iniquitates:
567 563 622 591 ne
649 551 753 591 forte
784 550 1034 591 extimescas
1057 549 1108 601 (a)
1139 548 1288 588 faciem

266 622 471 675 potentis,
503 624 543 662 et
578 633 710 673 ponas
744 619 986 661 scandalum
1019 619 1064 658 in
1101 618 1290 670 agilitate

265 695 353 733 tua.
384 707 403 730 1)
427 694 486 734 ΕΖ
511 692 730 741 Jacobum,
754 690 829 743 qui
857 690 1156 741 interpretatur
1187 700 1290 740 sup-

264 763 495 816 plantator,
517 763 585 803 vel
614 762 810 802 luctator.
833 759 912 800 Per
945 759 1024 799 hoc
1051 759 1289 799 insinuatur

264 834 401 875 virtus
425 827 681 873 fortitudinis
697 863 707 882 ,
730 842 826 884 quae
848 830 1010 870 fortiter
1039 828 1290 880 aggreditur

264 904 461 952 adversa,
481 905 524 944 et
541 905 686 943 contra
705 901 808 942 vitia
837 900 1078 941 reluctatur.
1102 898 1218 939 Unde
1238 898 1290 938 ad

265 974 469 1026 Ephesios
489 975 534 1014 ἰ
561 988 581 1012 (ι
606 973 699 1014 Non
725 974 787 1012 est
817 971 938 1011 nobis
960 969 1194 1011 colluctatio
1221 969 1290 1009 ad-

264 1056 414 1086 versus
432 1056 603 1085 carnem
624 1046 664 1085 et
693 1043 947 1095 sanguinem
961 1075 970 1093 ,
995 1042 1066 1083 sed
1087 1041 1291 1081 adversus

265 1115 472 1168 principes
507 1118 548 1156 et
588 1117 812 1167 potestates
845 1145 856 1164 ,
895 1113 1099 1154 adversus
1141 1112 1291 1152 mundi

266 1188 449 1227 rectores
468 1186 740 1226 tenebrarum
768 1185 923 1224 harum
944 1215 956 1234 ‚
991 1186 1134 1226 contra
1166 1183 1291 1236 spiri-

266 1256 399 1296 tualia
417 1255 620 1308 nequitiae
648 1255 694 1294 in
713 1254 965 1295 coelestibus.
987 1269 1006 1292 ›)
1033 1254 1102 1294 Sic
1132 1254 1290 1306 episco-

266 1338 346 1378 pus
365 1326 487 1366 debet
503 1338 592 1366 esse
605 1326 618 1348 ³
643 1340 662 1364 (ι
679 1325 745 1366 100
766 1325 1022 1366 fortissimus
1040 1325 1289 1375 bestiarum,

266 1398 316 1437 ut
345 1396 397 1436 ad
429 1395 590 1436 nullius
627 1397 778 1448 paveat
818 1407 1045 1435 occursum
1071 1410 1080 1444 3
1115 1409 1134 1432 n
1167 1396 1292 1435 etiam

266 1468 412 1507 contra
429 1460 578 1517 Deum,
593 1468 641 1506 ut
656 1465 694 1505 ei
714 1465 874 1505 dicatur
893 1464 996 1505 illud
1008 1496 1018 1515 ,
1036 1465 1150 1517 quod
1165 1464 1291 1506 Jacob

268 1537 426 1578 dictum
445 1539 508 1578 est
525 1537 539 1559 ¹¹
563 1551 572 1577 ε
602 1551 621 1574 ε(
642 1536 684 1578 Si
705 1539 850 1576 contra
870 1535 1003 1576 Deum
1023 1536 1142 1576 fortis
1161 1537 1288 1588 fuisti,

271 1611 426 1658 quanto
443 1607 583 1660 magis
602 1610 747 1648 contra
762 1607 956 1647 homines
978 1607 1255 1659 praevalebis?
1269 1622 1288 1645 n

271 1678 325 1720 Et
355 1678 555 1720 Joannem
574 1709 587 1728 ,
618 1677 691 1730 qui
723 1677 1024 1729 interpretatur
1049 1677 1092 1718 in
1123 1691 1208 1730 quo
1235 1682 1296 1719 est

272 1748 412 1800 gratia
433 1762 441 1788 :
465 1759 539 1800 per
557 1760 687 1800 quam
714 1747 964 1799 intelligitur
984 1748 1121 1788 virtus
1140 1752 1297 1802 tempe-

271 1819 441 1870 rantiae,
460 1818 548 1859 sive
568 1818 834 1859 continentiae
849 1850 860 1868 ,
878 1830 975 1871 quae
996 1831 1048 1859 ex
1069 1820 1207 1871 gratia
1224 1820 1296 1861 Dei

271 1892 353 1940 est,
376 1889 612 1930 secundum
638 1888 742 1929 illud
763 1889 776 1911 ⁸
798 1903 806 1929 :
836 1904 855 1927 «
882 1889 975 1930 Non
1004 1901 1177 1941 possum
1206 1903 1296 1931 esse

271 1961 490 2001 continens
509 1991 522 2010 ,
550 1960 632 2000 nisi
664 1960 773 2001 Deus
807 1960 875 2000 det
906 1973 916 2000 ε
948 1976 966 1997 »
990 1960 1177 2001 maxime
1198 1963 1297 2013 quia

270 2032 449 2074 Joannes
466 2032 594 2083 virgo
609 2044 634 2071 a
650 2031 826 2072 Domino
843 2034 904 2071 est
923 2031 1094 2080 eiectus,
1113 2034 1153 2071 et
1170 2031 1297 2084 virgo

270 2103 315 2142 in
343 2113 486 2143 aevum
516 2101 762 2154 permansit.
794 2100 843 2141 Et
863 2101 907 2140 in
936 2101 1231 2144 Ecclesiastico
1253 2102 1295 2142 ⁶:

278 2189 298 2212 «
324 2173 464 2214 Gratia
495 2184 622 2226 super
653 2172 836 2224 gratiam
856 2202 869 2221 ,
903 2172 1058 2212 mulier
1088 2174 1231 2212 sancta
1260 2176 1299 2213 et

271 2245 492 2298 pudorata.
516 2257 536 2281 ›)
559 2245 638 2284 Per
666 2243 889 2283 mulierem
912 2245 1048 2295 potest
1075 2243 1300 2295 spirituali-

271 2317 336 2355 ter
374 2313 557 2365 intelligi
594 2313 738 2353 anima
777 2313 1009 2353 secundum
1053 2314 1299 2364 configura—

272 2384 434 2425 tionem
479 2384 659 2423 istarum
705 2386 887 2435 quatuor
924 2382 1149 2423 virtutum.
1189 2383 1301 2424 Vidit

277 2453 491 2495 Ezechias
509 2457 523 2478 ⁷
545 2452 704 2505 species
727 2467 745 2490 «
765 2455 947 2504 quatuor
966 2452 1239 2504 animalium,
1261 2458 1301 2495 et

276 2536 430 2564 manus
449 2523 636 2564 hominis
656 2523 733 2563 sub
760 2523 909 2575 pennis
934 2534 1081 2563 eorum
1098 2555 1107 2574 ,
1129 2524 1174 2564 in
1193 2537 1297 2577 qua-

274 2598 372 2635 tuor
394 2595 585 2648 partibus
600 2626 611 2644 ,
633 2596 675 2634 et
694 2593 819 2634 facies
841 2596 882 2634 et
911 2605 1070 2645 pennas
1089 2606 1164 2646 per
1195 2606 1301 2646 qua-

274 2668 374 2706 tuor
391 2667 532 2718 partes
549 2664 761 2705 habebant
777 2679 787 2714 3
805 2667 1049 2717 junctaeque
1069 2668 1187 2705 erant
1204 2677 1301 2717 pen-

275 2748 344 2777 nae
365 2748 514 2777 eorum
535 2735 708 2776 alterius
739 2735 791 2776 ad
822 2736 1023 2786 alterum,
1045 2751 1064 2773 ›)
1094 2737 1138 2776 in
1159 2738 1298 2789 praefi-

277 2807 501 2859 guratione
515 2809 700 2859 quatuor
713 2806 938 2856 virtutum,
955 2818 1051 2859 quae
1065 2807 1301 2859 exiguntur

260 2878 328 2918 ·ad
345 2877 542 2929 regimen
559 2876 832 2930 praelatorum
844 2908 853 2926 ,
874 2877 975 2928 quia
995 2881 1008 2902 8
1032 2892 1051 2914 «
1071 2877 1138 2918 his
1156 2878 1302 2919 utilius

275 2946 384 2986 mini
403 2947 527 2987 estin
543 2947 631 2988 vita
650 2947 913 2988 hominibus.
938 2963 957 2986 ›)

330 3015 532 3069 Sequitur
560 3018 611 3058 de
642 3018 886 3059 nominibus
915 3020 1173 3071 apostolicis,
1203 3033 1300 3073 quae

277 3087 484 3137 pertinent
516 3088 569 3128 ad
595 3087 851 3140 doctrinam,
873 3101 971 3129 cum
991 3090 1088 3130 dicit
1107 3105 1116 3131 z
1135 3091 1299 3143 Philip-

274 3166 396 3208 pum,
418 3158 493 3210 qui
516 3159 816 3212 interpretatur
842 3173 888 3201 os
906 3160 1127 3213 lampadis,
1150 3161 1197 3201 In
1217 3173 1301 3213 quo

323 3263 329 3279 ¹
351 3262 468 3302 Eccli.‚
488 3271 551 3302 vn,
570 3266 599 3296 6.
617 3281 657 3287 ——
676 3266 690 3286 ²
708 3266 842 3306 Ephes„
863 3274 910 3306 ri,
930 3269 979 3298 12.
1000 3285 1035 3289 —
1058 3266 1071 3287 3
1091 3267 1203 3306 Prota,
1219 3276 1300 3308 xxx,

279 3310 331 3340 30.
346 3325 382 3331 -
399 3309 410 3328 ⁴
429 3310 522 3349 Gen„
541 3320 651 3352 xxxii,
668 3315 774 3344 211-
791 3314 804 3336 ⁵
819 3314 910 3355 Sap„
930 3322 1003 3354 viii,
1020 3316 1071 3346 21.
1089 3332 1127 3337 --
1150 3316 1163 3336 6
1180 3315 1301 3353 Ecclz'.,

279 3363 378 3395 xxm,
406 3357 455 3386 19.
478 3374 513 3378 -
538 3358 551 3379 '¹
571 3358 701 3397 Ezech.,
730 3368 758 3399 1,
785 3362 814 3400 5,
845 3363 876 3399 8,
903 3362 932 3393 9.
955 3379 990 3383 -
1016 3362 1027 3380 ⁸
1051 3361 1143 3401 Sap.‚
1168 3368 1242 3399 vm,
1270 3363 1300 3393 7.

280 3418 321 3423 —
343 3402 354 3419 ³
384 3402 508 3441 Ezech.,
538 3411 566 3443 Ι,
595 3406 644 3435 13.
671 3422 711 3428 --
742 3407 763 3425 ¹⁰
793 3407 865 3446 inf,
892 3416 945 3448 xl,
978 3410 1029 3440 33.
1061 3424 1100 3431 -—
1126 3409 1151 3429 ¹¹
1182 3409 1300 3447 Eccli.,

281 3455 402 3489 xuni,
425 3452 453 3480 1.
469 3467 510 3472 -
530 3450 554 3471 ¹²
572 3450 643 3490 Job,
662 3461 808 3493 xxxviii,
825 3456 875 3486 24.
890 3472 930 3479 —
949 3455 974 3477 1³
994 3455 1124 3495 darem„
1142 3463 1175 3497 x,
1194 3456 1244 3489 13.
1262 3471 1301 3480 --

2307 177 2383 217 363

1361 266 1614 314 insinuatur,
1635 265 1748 319 quod
1766 264 1957 306 doctrina
1989 264 2233 317 episcopalis
2264 264 2385 304 debet

1361 348 1450 376 esse
1468 336 1626 386 lucida,
1643 338 1850 388 quantum
1867 335 1919 375 ad
1935 334 2192 374 intellectum
2213 334 2384 374 audien-

1360 407 1492 458 tium,
1513 410 1562 447 ut
1593 407 1645 447 sit
1676 408 1868 459 aspectus
1901 417 2048 445 eorum
2064 436 2075 455 ,
2096 404 2139 444 id
2169 407 2254 454 est,
2277 404 2384 455 epis-

1362 489 1563 530 coporum
1582 477 1844 527 docentium,
1865 491 1885 515 ((
1905 475 2027 529 quasi
2041 475 2054 496 ‘³
2069 477 2260 527 aspectus
2279 474 2384 514 lam-

1361 548 1568 600 padarum
1591 561 1600 587 :
1622 562 1640 584 »
1668 550 1715 587 ut
1734 549 1920 600 ponatur
1944 546 2106 598 lampas
2136 557 2263 597 super
2288 556 2386 584 can-

1363 617 1600 667 delabrum,
1615 629 1701 657 non
1718 618 1795 658 sub
1810 617 1966 667 modio,
1985 619 2033 657 ut
2049 615 2200 656 dicitur
2210 615 2318 655 infra
2332 615 2359 636 ¹⁰
2375 630 2385 665 3

1362 688 1434 729 sed
1451 688 1558 728 sicut
1577 688 1627 728 de
1648 688 1737 728 Elia
1755 688 1908 728 dicitur
1929 689 1954 709 ¹¹
1978 702 1986 727 ;
2006 686 2225 728 «Verbum
2240 686 2385 738 ipsius,

1362 758 1485 811 quasi
1515 757 1652 798 facula
1681 758 1866 798 ardebat.
1889 772 1906 795 n
1933 758 1986 799 Ec
2005 758 2386 807 Bartholomoeum,

1363 829 1437 883 qui
1457 829 1758 881 interpretatur
1777 828 1892 868 filius
1924 828 2216 880 suspendentis
2239 839 2386 880 aquas.

1366 900 1412 940 ln
1431 912 1517 952 quo
1536 899 1790 951 intelligitur
1807 898 1997 939 doctrina
2019 899 2167 939 devota
2181 901 2389 951 quantum

1363 971 1416 1011 ad
1435 970 1657 1020 affectum,
1685 973 1734 1010 ut
1765 982 1818 1010 ex
1848 968 2069 1010 devotione
2097 968 2326 1021 suspendat
2351 972 2391 1008 et

1363 1041 1496 1082 elevet
1516 1040 1725 1093 lacrymas
1755 1052 1891 1093 usque
1923 1040 1975 1081 ad
2009 1039 2206 1089 oculum,
2229 1039 2279 1079 de
2308 1051 2391 1092 quo

1364 1112 1463 1152 dicit
1482 1111 1685 1151 Dominus
1700 1112 1752 1151 ad
1771 1111 1847 1151 Job
1862 1112 1888 1132 ¹²
1912 1123 1950 1151 t«
1971 1109 2189 1163 Numquid
2209 1110 2391 1151 elevabis

1364 1183 1416 1223 ad
1444 1182 1643 1222 nebulam
1676 1193 1823 1222 vocem
1850 1182 1996 1222 tuam?
2020 1195 2039 1219 1)
2061 1181 2216 1221 scilicet
2246 1181 2291 1220 in
2320 1181 2389 1221 de-

1369 1252 1554 1302 votione,
1577 1264 1651 1292 seu
1671 1252 1993 1305 compunctione
2011 1251 2056 1291 in
2076 1251 2275 1291 docendo.
2304 1265 2322 1288 1(
2343 1251 2393 1292 Et

1365 1324 1550 1376 impetus
1569 1335 1778 1375 aquarum
1798 1323 1957 1376 operiet
1975 1325 2036 1372 te,
2057 1337 2073 1359 n
2096 1323 2141 1362 in
2158 1322 2391 1374 lacryman-

1367 1394 1442 1444 do,
1467 1394 1576 1446 quod
1598 1394 1696 1433 facit
1729 1393 1950 1443 Dominus,
1983 1393 2057 1445 qui
2080 1394 2109 1418 ¹⁸
2135 1408 2153 1430 «
2175 1393 2225 1432 ad
2246 1404 2393 1433 vocem

1368 1476 1490 1504 suam
1511 1464 1581 1504 dat
1600 1464 1922 1504 multitudinem
1951 1475 2162 1515 aquarum
2193 1462 2237 1502 in
2266 1462 2391 1513 coelo,

1368 1538 1408 1575 et
1428 1535 1562 1575 elevat
1582 1534 1759 1574 nebulas
1774 1535 1825 1574 ab
1843 1534 2182 1574 extremitatibus
2202 1536 2326 1574 terrae
2343 1547 2353 1585 ;
2371 1548 2389 1571 ›)

1368 1608 1409 1646 et.
1440 1607 1469 1630 ¹¹
1497 1605 1708 1657 «fulgura
1742 1606 1787 1645 in
1818 1605 2009 1658 pluviam
2043 1605 2167 1654 facit,
2192 1620 2210 1642 n
2236 1605 2278 1645 id
2305 1607 2394 1656 est,

1369 1676 1730 1716 comminationes.
1751 1677 1759 1727 (
1779 1688 1822 1717 v.
1846 1678 1895 1716 ,15
1911 1677 1938 1728 ).
1962 1676 2223 1726 Malchoeum,
2244 1676 2318 1728 qui
2338 1676 2397 1716 in-

1369 1749 1623 1798 terpretatur
1655 1746 1849 1786 donatus.
1876 1746 1956 1786 Per
1983 1746 2095 1798 quod
2126 1746 2392 1797 insinuatur,

1370 1817 1483 1869 quod
1516 1816 1706 1857 doctrina
1749 1817 1870 1857 debet
1910 1828 1998 1857 esse
2039 1816 2309 1857 aedificatoria
2345 1818 2397 1857 ad

1371 1888 1648 1940 operandum.
1665 1886 1771 1927 Nam
1792 1890 1884 1940 post
1903 1887 2091 1928 habitam
2111 1887 2395 1938 devotionem,

1371 1960 1483 2012 quod
1503 1960 1596 2012 quis
1615 1960 1798 2000 verbum
1830 1959 1975 1999 salutis
2002 1959 2197 1999 auditum
2229 1959 2400 2011 impleat

1372 2042 1447 2082 per
1483 2030 1640 2070 bonam
1677 2030 1986 2082 operationem,
2020 2029 2101 2069 hoc
2141 2031 2204 2069 est
2240 2029 2292 2069 ab
2330 2029 2402 2070 illo

1373 2101 1623 2154 specialiter,
1643 2113 1667 2141 a
1685 2113 1768 2153 quo
1784 2101 1811 2122 ¹5
1829 2115 1847 2139 α
1868 2112 1992 2141 0111110
2012 2101 2156 2141 datum
2175 2101 2398 2153 optimum,

1373 2176 1413 2213 et
1442 2184 1567 2213 omne
1596 2172 1755 2212 donum
1789 2171 2035 2224 perfectum.
2066 2185 2084 2208 1)
2119 2171 2263 2223 Ipsum
2289 2171 2402 2211 enim

1372 2244 1554 2285 verbum
1576 2242 1862 2295 praedicatoris
1888 2243 2045 2282 confert
2062 2242 2264 2282 virtutem
2282 2273 2292 2291 ,
2314 2241 2403 2283 sive

1374 2315 1557 2366 gratiam
1577 2313 1886 2366 praedicationis
1905 2316 1944 2353 et
1964 2312 2267 2353 aedificationis.
2285 2312 2402 2353 Unde

1375 2385 1515 2426 Isaias
1530 2384 1558 2405 ¹⁶
1581 2398 1590 2424 ε
1620 2399 1639 2421 «
1660 2383 1830 2423 Primus
1854 2383 1905 2423 ad
1926 2382 2025 2423 Sion
2045 2383 2151 2423 dicet
2174 2397 2182 2423 :
2206 2383 2308 2423 Ecce
2325 2382 2399 2423 ad-

1376 2467 1493 2504 sum,
1516 2457 1555 2494 et
1573 2453 1805 2494 Jerusalem
1826 2453 2133 2504 evangelistam
2153 2453 2275 2493 dabo.
2300 2467 2319 2490 ›>
2346 2454 2402 2495 Ec

1381 2526 1576 2567 Thomam
1601 2556 1612 2574 ‚
1642 2525 1716 2577 qui
1758 2525 2054 2577 interpretatur
2095 2524 2286 2577 abyssus,
2324 2523 2403 2564 Per

1376 2596 1489 2649 quod
1538 2595 1792 2647 intelligitur
1845 2595 2106 2648 profunditas
2158 2596 2403 2636 eruditionis

1376 2667 1702 2717 credendorum,
1726 2670 1773 2707 ut
1794 2667 1846 2707 sit
1873 2667 1901 2688 ¹⁷
1938 2666 2196 2707 «consilium
2216 2666 2328 2706 illius
2359 2666 2403 2707 in

1376 2738 1527 2790 abysso
1549 2749 1730 2789 magna,
1762 2752 1782 2776 ›)
1807 2740 1855 2778 ut
1875 2738 2040 2778 dicitur.
2063 2738 2179 2779 Unde
2199 2738 2404 2790 quaeritur

1377 2820 1402 2847 a
1421 2807 1497 2848 Job
1522 2809 1550 2833 ¹³
1588 2822 1596 2847 :
1627 2823 1645 2846 (‹
1678 2808 1893 2861 Numquid
1921 2808 1965 2848 in
1988 2808 2229 2850 novissimis
2261 2809 2404 2861 abyssi

1376 2879 1686 2920 deambulasti?
1716 2894 1734 2917 ))
1771 2879 1823 2920 Et
1854 2880 2079 2933 Apostolus
2114 2880 2165 2920 ad
2198 2881 2403 2922 Romanos

1377 2950 1596 3001 exclamat,
1620 2950 1760 2990 dicens
1781 2951 1808 2975 ¹⁹
1831 2962 1840 2990 :
1868 2965 1886 2988 «
1907 2948 1937 2990 O
1958 2950 2136 2991 altitudo
2157 2950 2404 2991 divitiarum

1377 3021 1594 3074 sapientiae
1625 3023 1666 3061 et
1687 3021 1872 3061 scient-iae
1891 3020 1984 3070 Dei,
2008 3033 2137 3073 quam
2167 3022 2404 3074 incompre-

1376 3091 1597 3133 hensibilia
1618 3094 1719 3132 sunt
1734 3091 1894 3143 ¹iudicia
1912 3093 2017 3144 ejus.
2041 3106 2060 3130 1)
2086 3092 2212 3141 Quia,
2235 3095 2282 3132 ut
2301 3092 2401 3132 dici-

1378 3166 1450 3204 tur
1470 3163 1514 3202 in
1524 3162 1693 3204 Psalmo
1715 3163 1743 3184 ²⁰
1760 3176 1769 3201 ε
1789 3176 1809 3199 α
1824 3161 1845 3202 J
1849 3162 1986 3202 udicia
2008 3165 2075 3203 tua
2096 3163 2274 3216 abyssus
2295 3162 2401 3202 mul-

1378 3294 1402 3316 14
1424 3293 1512 3325 Ρεαῖ.
1534 3300 1672 3333 cxxxw,
1693 3295 1725 3324 7.
1739 3309 1780 3314 —
1801 3293 1826 3314 ¹⁵
1843 3293 1927 3332 Jac.⁷
1947 3300 1971 3332 1,
1994 3295 2042 3325 17.
2056 3310 2095 3316 -
2110 3293 2136 3314 ¹⁶
2157 3294 2233 3330 Isa„
2258 3299 2327 3332 XLI,
2349 3294 2400 3325 27.

1377 3357 1416 3364 -
1446 3341 1472 3362 ¹⁷
1500 3339 1622 3379 Eccle.,
1656 3347 1752 3379 xxm,
1785 3340 1837 3370 39.
1866 3357 1907 3362 —
1940 3341 1964 3361 ¹³
1991 3339 2068 3377 Job,
2097 3347 2249 3379 xxxviii,
2283 3341 2332 3371 16.
2361 3356 2401 3363 —-

1377 3387 1404 3409 ¹⁹
1419 3388 1523 3427 Rom„
1543 3395 1594 3427 xi,
1615 3388 1665 3419 33.
1688 3404 1723 3410 --
1744 3387 1770 3406 ²⁰
1790 3386 1883 3419 Psal.
1903 3395 2008 3425 xxxv,
2028 3389 2057 3418 7.

1419 3458 1462 3497 (a)
1484 3458 1563 3489 Caet.
1585 3456 1663 3490 edit.
1687 3456 1915 3488 extremiscas.

2428 267 2515 302 perti-

2421 309 2530 337 nentia.

2422 771 2541 797 Bartho-

2409 812 2538 838 lomaeus.

2448 1689 2524 1715 Mat-

2415 1730 2519 1757 thaeus.

2421 2466 2558 2492 Thomas.
