2634 3853
251 63 329 101 256

251 149 356 190 mini
379 151 442 190 est
462 151 575 188 terra
601 148 641 187 et
659 144 877 199 plenitudo
909 145 1002 196 eJus
1029 158 1037 183 :
1061 143 1176 183 orbis
1196 145 1279 183 ter-

250 232 420 271 rarum,
454 222 492 260 et
522 217 737 266 universi,
770 215 841 268 qui
869 214 1062 255 habitant
1097 214 1139 253 in
1168 226 1231 255 eo.
1257 229 1276 252 ))

250 291 301 333 Et
320 292 414 332 ideo
431 290 583 331 dicitur
597 321 608 339 ,
631 287 742 340 quod
763 287 888 326 habet
909 286 953 325 in
968 285 1222 326 vestimento
1243 288 1284 326 01

251 363 296 403 111
316 363 475 403 femore
493 372 569 401 suo
587 359 791 410 scriptum
814 362 824 382 ¹
853 372 860 396 :
892 373 910 395 (‹
933 356 1019 397 Rex
1042 368 1195 408 regum
1210 388 1220 407 ,
1243 359 1284 397 et

253 434 456 474 Dominus
483 429 812 471 dominantium.
849 443 868 466 n
885 428 1016 478 Quia,
1040 427 1145 468 sicut
1183 427 1283 467 dicit

253 505 540 552 Ecclesiastes,
554 503 593 539 ¹²«
610 500 774 541 excelso
795 500 1000 540 excelsior
1021 502 1082 540 est
1103 499 1224 550 alius,
1244 501 1284 539 01

253 588 379 629 super
398 575 475 615 1105
495 583 664 626 quoque
684 571 984 612 eminentiores
1011 574 1110 612 sunt
1129 570 1220 621 alii,
1243 572 1283 609 et

252 648 425 699 insuper
462 644 674 685 universae
712 645 837 683 terrae
870 655 945 683 rex
977 643 1159 694 imperat
1195 652 1284 680 scr-

254 718 397 759 vienti=
423 731 442 754 ))
469 716 681 765 Quantum
713 714 765 754 ad
792 713 1080 754 excellentiam
1114 712 1281 765 sapien-

251 790 321 830 tiae
341 789 385 829 in
406 786 694 835 discernendo,
717 785 855 826 subdit
878 785 931 837 (v.
956 785 992 837 9.)
1027 798 1034 824 :
1072 783 1169 824 Hoec
1198 782 1285 824 cles-

252 862 406 913 criptz'o
434 859 579 912 prima
615 857 730 908 facta
768 860 828 898 est
864 867 890 896 α
925 854 1111 908 preestcle
1146 854 1285 906 Syrtoe

255 932 438 985 Cynum
460 930 559 983 qnia
579 929 671 968 liaec
690 927 782 977 fuit,
806 929 854 967 111
867 926 966 966 dicit
982 925 1234 965 Ambrosius
1254 925 1281 973 ³,

250 1004 384 1056 prima
419 999 643 1052 descriptio
679 997 914 1049 generalis,
957 1008 1053 1049 quae
1088 995 1286 1036 incohata

251 1075 312 1112 est
326 1084 351 1112 a
371 1070 536 1124 Cyrino.
559 1068 634 1109 Vel
664 1068 804 1121 primo
821 1067 929 1107 facta
946 1098 956 1117 ,
986 1066 1028 1107 id
1049 1069 1124 1117 est,
1145 1066 1285 1119 primo

251 1143 471 1191 inchoata,
513 1140 745 1182 secundum
780 1138 961 1186 Bedam,
1000 1138 1053 1177 ab
1084 1136 1180 1188 illo,
1213 1137 1282 1189 qui

251 1214 503 1268 praesidebat
539 1213 584 1252 in
624 1210 772 1264 Syria,
819 1221 916 1263 quae
955 1211 1017 1250 est
1057 1208 1286 1249 umbilicus

252 1289 376 1327 terrae
394 1283 650 1325 habitabilis.
672 1281 721 1322 Et
746 1281 805 1321 sic
824 1281 951 1322 fiebat
970 1280 1078 1320 dicta
1099 1279 1285 1332 descrip-

252 1357 311 1398 tio
335 1356 527 1397 distincte
551 1357 591 1395 et·
620 1353 826 1394 ordinate.
867 1351 916 1392 Et
954 1353 1053 1391 sunt
1080 1351 1171 1391 haec
1202 1350 1285 1390 duo

253 1428 407 1468 indicia
444 1425 659 1480 sapientiae
704 1424 749 1463 in
791 1422 1004 1476 principe,
1050 1421 1285 1462 secundum

253 1499 365 1552 quod
385 1498 536 1538 dicitur
550 1497 600 1537 de
622 1495 846 1536 Salomone
865 1494 877 1515 a
901 1506 910 1534 :
930 1510 948 1533 «
968 1492 1123 1534 Videns
1143 1495 1285 1532 autem

253 1569 406 1621 regina
425 1568 533 1609 Saba
563 1578 734 1608 omnem
763 1564 1011 1617 sapientiam
1031 1562 1281 1613 Salomonis,

253 1643 293 1680 et
333 1640 509 1681 domum
552 1649 682 1690 quam
727 1635 1012 1676 aedificaverat
1029 1665 1038 1682 ,
1086 1635 1126 1673 et
1173 1633 1286 1673 cibos

252 1723 412 1752 mensae
432 1711 538 1763 ejus,
563 1712 603 1750 et
621 1706 865 1749 habitacula
889 1717 1136 1756 servorum,
1160 1707 1198 1745 et
1217 1716 1285 1745 or-

252 1783 371 1824 dines
398 1781 756 1830 ministrantium,
787 1781 1011 1831 vestesqne
1043 1789 1219 1826 eorum,
1247 1779 1287 1817 et

252 1854 489 1907 pincernas,
515 1855 555 1893 et
582 1852 850 1900 holocausta,
882 1861 979 1903 quae
1016 1848 1218 1889 offerebat
1243 1848 1286 1887 in

252 1925 378 1966 domo
399 1923 581 1973 Domini,
603 1935 690 1963 non
709 1921 893 1962 habebat
912 1920 1025 1961 ultra
1044 1919 1280 1973 spiritum.»

254 1996 354 2037 Haec
372 1999 515 2036 autem
550 1994 773 2047 descriptio
804 1993 912 2033 facta
943 1994 1029 2042 est,
1051 2002 1136 2031 non
1154 2002 1285 2043 prop-

252 2070 316 2108 ter
335 2067 580 2117 vanitatem,
598 2066 704 2106 sicut
723 2064 794 2104 illa
806 2063 953 2114 David,
967 2064 1136 2115 propter
1153 2072 1285 2113 quam

253 2151 478 2191 percussus
514 2140 576 2178 est
597 2136 805 2190 populus3
830 2134 902 2175 sed
921 2136 1091 2187 propter
1117 2131 1286 2185 imperii

252 2210 498 2260 utilitatem,
523 2211 571 2249 ut
599 2208 774 2248 sciretur
803 2204 1014 2259 quantitas
1048 2203 1196 2244 tributi
1215 2234 1225 2254 ,
1246 2204 1288 2243 et

252 2281 333 2322 hoc
351 2283 414 2322 est
428 2278 701 2329 discretionis,
717 2290 801 2318 non
819 2275 1011 2318 elationis
1023 2277 1036 2299 5
1053 2289 1092 2315 2«
1103 2273 1181 2314 Ubi
1199 2285 1287 2314 ma-

252 2365 335 2393 nus
366 2351 513 2392 multae
543 2353 665 2400 sunt,
704 2348 875 2399 claude;
908 2350 948 2388 et
984 2345 1286 2399 quodcumque

252 2424 406 2475 trades,
428 2435 609 2464 numera
633 2424 673 2462 et
693 2420 884 2474 appende
913 2433 920 2460 :
950 2418 1098 2459 datum
1117 2429 1219 2457 vero
1248 2419 1289 2457 et

253 2498 472 2548 acceptum
488 2506 613 2535 omne
636 2492 840 2534 describe.
875 2504 893 2528 1)
919 2488 1000 2530 Sed
1021 2501 1106 2529 non
1126 2491 1188 2528 est
1208 2500 1286 2528 cu-

250 2568 509 2618 „tuscumque
528 2565 803 2616 singulorum
831 2572 989 2612 regum
1010 2559 1172 2600 tributa
1193 2558 1288 2599 des-

254 2637 440 2687 cribere,
465 2636 534 2676 sed
573 2633 783 2675 nascentis
813 2631 978 2673 Christi.
1011 2630 1129 2671 Unde
1163 2630 1287 2672 Psal-

254 2720 347 2750 mus
370 2709 383 2731 ⁶
407 2721 416 2747 ε
445 2724 463 2747 a
486 2708 534 2749 Et
554 2707 598 2747 in
617 2706 726 2747 libro
745 2708 822 2746 tuo
841 2715 990 2745 omnes
1013 2702 1252 2743 scribentur
1275 2716 1283 2742 :

255 2780 342 2821 dies
362 2779 685 2827 formabuntur,
715 2779 755 2817 et
773 2787 899 2816 nemo
928 2775 973 2814 in
1002 2773 1117 2814 eis.»
1144 2772 1285 2822 Quan-

255 2855 349 2893 tum
366 2852 418 2891 ad
431 2849 722 2893 excellentiam
730 2847 909 2900 justitiae
920 2845 966 2886 in
976 2844 1285 2898 prosequendo,

255 2923 449 2964 subditur
472 2924 526 2972 (v.
551 2921 586 2973 3)
612 2932 622 2961 ε
643 2920 697 2962 Et
717 2919 838 2961 ibant
859 2927 1000 2960 omnes
1016 2948 1029 2967 ‚
1050 2916 1288 2968 111111οή10-

255 2998 401 3038 rentur
419 2993 582 3047 sinyult
602 2994 650 3034 in
669 3003 791 3034 suam
809 2991 1042 3033 civitatem.
1065 2987 1095 3028 F
1098 2988 1289 3028 aciebant

256 3078 358 3118 ergo
382 3064 498 3118 regis
524 3063 775 3116 imperium,
807 3064 848 3102 et
883 3060 1028 3101 nullus
1057 3059 1290 3112 occupabat

257 3138 445 3179 alienum
468 3148 478 3177 :
502 3138 543 3176 et
568 3135 625 3175 ita
655 3133 959 3187 subjectionem
992 3131 1205 3172 habebant
1236 3131 1290 3172 ad

300 3270 311 3291 ¹
331 3269 442 3310 Apoc..
465 3276 543 3307 xlx,
566 3269 617 3299 16.
637 3283 677 3290 —
698 3266 709 3284 ²
726 3264 846 3300 Eccle..
867 3271 899 3304 v,
919 3264 951 3294 7.
970 3280 1010 3286 -
1029 3262 1042 3284 ³
1062 3261 1234 3302 Ambros.,
1255 3263 1289 3293 in

258 3316 347 3355 Luc„
368 3316 425 3348 lib.
457 3316 503 3356 ll,
531 3314 567 3346 n.
593 3316 645 3347 39.
664 3331 706 3337 —
728 3313 743 3335 Β
770 3313 810 3343 111
838 3312 929 3352 Req„
952 3319 997 3351 x,
1018 3312 1047 3342 4.
1070 3326 1110 3333 -
1135 3311 1146 3328 ⁵
1168 3310 1290 3352 Eccli„

260 3372 344 3404 xm,
364 3365 393 3395 7.
414 3381 455 3386 —
477 3363 490 3385 ⁶
509 3362 598 3394 Psal.
620 3368 788 3400 cxxxvui,
820 3361 870 3392 16.
895 3376 930 3383 —
952 3359 962 3377 ⁷
984 3358 1085 3395 Rom„
1109 3365 1186 3397 11111,
1207 3359 1239 3398 7,
1256 3360 1288 3390 8.

987 53 1268 96 EVANGELII
1298 53 1481 95 SANCTI
1508 54 1656 96 LUCAE

1355 154 1504 196 regem
1525 145 1569 183 in
1589 142 1861 196 professione,
1884 146 1925 184 et
1952 156 2098 197 pacem
2119 144 2171 186 ad
2205 144 2389 186 invicem

1356 214 1400 254 in
1423 214 1577 267 quiete,
1599 216 1639 253 et
1653 213 1864 265 justitiam
1897 213 1940 253 in
1961 215 2272 257 cohabitatione
2288 247 2301 266 ,
2323 227 2387 256 se-

1357 285 1543 326 cundum
1566 285 1669 326 illud
1689 284 1702 306 ⁷
1723 299 1730 325 :
1763 299 1781 322 «
1801 284 1976 325 Reddite
1997 286 2195 327 omnibus
2214 287 2354 328 debita
2376 302 2384 327 z

1357 356 1423 396 cui
1443 357 1667 406 tributum,
1690 356 1925 406 tributum3
1951 354 2018 396 cui
2035 355 2237 407 vectigal,
2263 358 2390 398 vecti-

1359 427 1450 478 gal;
1468 428 1534 468 cui
1549 429 1760 478 timorem,
1776 428 1973 468 timorem
1985 439 1994 477 ;
2010 427 2075 467 cui
2088 426 2309 476 honorem,
2319 427 2393 467 ho-

1358 511 1505 539 norem
1524 513 1533 540 :
1548 500 1707 541 nemini
1721 499 1955 553 quidquam
1970 498 2169 547 debeatis,
2183 497 2265 537 nisi
2277 499 2324 537 ut
2334 497 2393 537 in-

1358 569 1496 610 vicem
1513 571 1715 623 diligatis.
1752 571 1802 613 Ut
1821 569 2144 623 profiterentur,
2168 567 2324 608 scilicet
2349 579 2392 609 se

1357 640 1565 694 subiectos
1586 654 1676 682 esse
1691 641 1881 682 Romano
1900 640 2094 694 imperio,
2117 642 2158 681 et
2178 639 2273 689 hoc,
2293 640 2392 680 red—

1357 711 1492 753 dendo
1504 725 1693 754 censum.
1709 713 1759 754 Et
1771 713 1873 753 illud
1882 713 1991 763 eratj
2001 714 2145 752 ustum
2159 710 2392 751 secundum

1356 781 1462 822 illud
1478 785 1491 807 ⁸
1511 795 1520 823 z
1541 799 1559 819 «
1582 782 1753 824 Reddite
1774 796 1869 837 qua}
1892 785 1991 823 sunt
2010 781 2199 831 Caesaris,
2216 779 2389 830 Caesar13

1357 855 1397 893 et
1417 865 1514 905 quae
1533 857 1631 893 sunt
1652 854 1722 894 Dei
1738 886 1747 903 ,
1773 855 1868 895 Deo.
1892 869 1910 892 »
1936 854 1987 894 Et
2007 853 2107 907 quia
2128 854 2220 906 ι111111
2245 851 2394 893 Judaea

1357 925 1464 964 iacta
1485 927 1574 965 erat
1594 925 1843 975 tributaria,
1867 926 2064 977 signatur
2094 924 2207 977 quod
2226 926 2393 976 tempus

1358 996 1591 1036 advenerat
1612 995 1842 1036 nativitatis
1873 995 2050 1046 Christi,
2088 995 2321 1036 secundum
2341 994 2390 1034 il-

1358 1066 1430 1107 lud
1451 1068 1494 1107 in
1519 1068 1669 1109 Genesi
1697 1067 1710 1089 ⁹
1742 1080 1750 1106 :
1779 1084 1797 1106 «
1818 1067 1911 1108 Non
1942 1067 2159 1109 auferetur
2180 1068 2393 1120 sceptrum

1358 1137 1409 1178 de
1429 1138 1551 1189 Juda,
1581 1142 1621 1179 et
1639 1138 1727 1179 dux
1754 1138 1804 1179 de
1830 1139 1988 1180 femore
2015 1141 2132 1191 ejus,
2158 1139 2288 1180 donec
2319 1151 2391 1180 ve-

1358 1210 1448 1250 niat
1468 1210 1540 1262 qui
1556 1210 1785 1250 mittendus
1805 1213 1882 1260 est,
1905 1210 2043 1263 etipse
2064 1212 2142 1251 erit
2160 1211 2393 1263 expectatio

1361 1281 1574 1332 gentium.
1602 1296 1621 1319 ›)
1643 1282 1794 1332 Ibant,
1817 1282 1945 1322 etiam
1978 1282 2097 1323 nullo
2128 1283 2319 1323 obstante
2339 1282 2388 1335 (a)

1359 1352 1692 1405 impedimento:
1726 1366 1810 1406 quo
1841 1354 2102 1405 ostenditur,
2136 1354 2249 1407 quod
2279 1354 2394 1394 istud

1359 1424 1588 1478 ,imperium
1622 1428 1711 1466 erat
1740 1426 2074 1478 pacatissimum.
2098 1425 2149 1465 Et
2168 1426 2261 1466 ideo
2284 1429 2391 1466 tem-

1361 1508 1440 1548 pus
1458 1501 1546 1536 erat
1568 1498 1614 1536 111
1651 1495 1812 1536 veniret
1843 1496 2055 1546 Christus,
2087 1495 2202 1548 pacis
2230 1508 2394 1536 annun-

1360 1567 1500 1617 tiator,
1522 1567 1573 1607 de
1591 1579 1676 1619 quo
1700 1566 1729 1590 ¹⁰
1754 1581 1793 1607 :(‹
1813 1566 1904 1619 Ipse
1924 1567 2040 1607 enim
2054 1570 2116 1607 est
2130 1579 2215 1620 pax
2233 1569 2390 1618 nostra,

1360 1637 1433 1690 qui
1456 1638 1552 1678 fecit
1570 1640 1752 1691 utraque
1779 1651 1931 1679 unum.
1952 1652 1970 1676 n
2007 1638 2058 1679 Et
2077 1638 2136 1679 ita
2163 1640 2253 1691 jam
2277 1650 2394 1680 com-

1359 1709 1520 1762 pletum
1542 1711 1635 1749 erat
1652 1708 1755 1749 illud
1772 1710 1797 1734 ¹¹
1821 1724 1861 1749 :(‹
1879 1709 2104 1750 Concident
2117 1709 2281 1762 gladios
2293 1721 2392 1750 suos

1359 1779 1403 1820 in
1423 1792 1642 1829 vomeres,
1662 1782 1703 1821 et
1722 1780 1864 1821 hastas
1894 1793 1993 1822 suas
2023 1781 2069 1821 in
2099 1780 2278 1833 ligones.
2299 1780 2393 1822 Non

1361 1855 1499 1893 sumet
1526 1864 1633 1904 gens
1670 1852 1876 1893 adversus
1903 1854 2079 1904 gentem
2112 1852 2330 1904 gladium,
2353 1855 2394 1893 et

1363 1935 1448 1963 non
1482 1923 1641 1964 discent
1668 1924 1780 1964 ultra
1801 1924 2071 1976 belligerare.
2111 1924 2217 1973 Quia
2248 1935 2394 1966 omnes

1360 1994 1507 2047 populi
1527 1995 1824 2045 ambulabunt,
1849 1996 2203 2048 unusquisquein
2222 1997 2395 2037 nomine

1361 2064 1431 2105 Dei
1454 2065 1520 2105 sui
1543 2077 1552 2105 :
1571 2078 1649 2106 nos
1668 2068 1812 2107 autem
1834 2066 2150 2107 ambulabimus
2164 2067 2208 2107 in
2221 2066 2394 2107 nomine

1362 2135 1434 2176 Dei
1455 2137 1589 2177 nostri
1609 2138 1653 2177 in
1670 2140 1880 2178 aeternum
1893 2168 1906 2187 ,
1928 2140 1968 2178 et
1986 2138 2113 2179 ultra.
2132 2153 2151 2177 1)
2165 2141 2214 2179 Ε1
2223 2139 2305 2179 1100
2315 2139 2391 2186 051,

1361 2207 1474 2259 quod
1495 2207 1594 2248 dicit
1613 2207 1725 2249 Beda
1745 2223 1753 2248 :
1780 2225 1799 2248 (1
1822 2208 2097 2251 Pacatissimo
2115 2213 2305 2263 tempore
2325 2221 2396 2252 vo-

1360 2277 1441 2318 luit
1467 2278 1583 2319 nasci
1600 2278 1812 2331 Christus,
1836 2281 1937 2333 quia
1960 2293 2107 2334 pacem
2132 2292 2395 2334 magnopere

1361 2349 1561 2402 quaesivit
1580 2352 1621 2391 et
1640 2351 1828 2401 amavit,
1863 2354 1904 2393 et
1921 2355 2130 2394 amatores
2152 2352 2265 2405 pacis
2284 2363 2394 2393 sem-

1361 2432 1436 2474 per
1455 2421 1613 2463 invisit.
1635 2436 1654 2460 ›)

1414 2496 1453 2533 4.
1491 2493 1696 2537 Ascendit
1724 2498 1868 2537 autem
1901 2498 1940 2537 et
1975 2495 2144 2549 Joseph,
2173 2497 2253 2536 etc.
2277 2493 2394 2535 Post-

1362 2575 1491 2617 quam
1514 2564 1732 2618 descripsit
1758 2567 1927 2618 tempus
1951 2566 2138 2607 debitum
2156 2597 2166 2615 ,
2200 2565 2396 2607 describit

1361 2634 1430 2675 1110
1451 2635 1593 2676 locum
1612 2635 1814 2676 idoneum
1831 2650 1841 2686 3
1876 2638 1917 2676 et
1937 2636 2038 2687 hoc,
2060 2636 2162 2689 quia
2191 2635 2309 2676 locus
2326 2634 2396 2674 1110

1365 2706 1620 2746 conveniens
1638 2710 1728 2747 erat
1747 2707 1982 2760 prophetali
2005 2706 2220 2757 vaticinio,
2239 2717 2396 2748 conve-

1363 2777 1484 2818 niens
1503 2780 1592 2818 erat
1620 2777 1765 2819 divino
1798 2779 2034 2832 promisso,
2073 2780 2114 2820 et
2141 2776 2396 2820 conveniens

1363 2850 1453 2889 erat
1474 2849 1601 2889 etiam
1624 2849 1834 2902 imperiali
1853 2850 2000 2891 edicto.
2031 2848 2270 2890 Ostenditur
2292 2859 2396 2900 ergo

1363 2920 1619 2961 conveniens
1657 2920 1893 2973 prophetali
1939 2919 2136 2961 vaticinio
2151 2951 2164 2970 ‚
2204 2919 2248 2959 in
2286 2919 2367 2960 hoc
2383 2950 2394 2970 ,

1363 2991 1475 3044 quod
1499 2991 1600 3031 dicit
1619 3005 1628 3031 :
1655 2990 1859 3035 Ascendit
1879 2995 2018 3033 autem
2039 2993 2078 3033 et
2097 2990 2248 3043 Joseph
2270 3001 2297 3032 a
2320 2990 2399 3033 Ga-

1364 3062 1479 3104 liloea
1500 3061 1553 3104 de
1569 3063 1744 3105 civitate
1773 3062 1995 3106 Nazareth
2008 3094 2021 3114 ,
2042 3063 2143 3117 quia
2163 3061 2398 3104 secundum

1364 3146 1496 3175 unam
1515 3134 1785 3187 prophetiam
1802 3127 2010 3176 Nazareth
2022 3134 2286 3188 competebat
2303 3144 2397 3174 con-

1365 3265 1404 3271 —-
1425 3249 1435 3267 ⁸
1450 3246 1690 3287 Matth.,xx11‚
1710 3248 1761 3279 21.
1778 3264 1819 3271 —
1834 3247 1846 3266 ⁹
1863 3247 1956 3287 Gen„
1975 3256 2074 3289 xmx,
2095 3249 2145 3281 10.
2162 3265 2203 3272 —
2219 3247 2246 3270 ¹⁰
2263 3246 2396 3289 Ephes„

1365 3303 1404 3334 11,
1428 3297 1480 3327 14.
1499 3312 1539 3318 -—
1566 3295 1588 3316 ¹¹
1609 3294 1726 3335 Miclz„
1747 3302 1793 3334 1v‚
1814 3296 1880 3328 3-5.

1409 3362 1453 3403 (a)
1474 3362 1555 3394 Coet.
1576 3344 1655 3393 edit.
1675 3363 1870 3401 praestante.
