2634 3853
1147 220 1316 262 CAPUT
1345 220 1406 261 IV.

217 317 350 360 Schin
384 312 602 366 triplicata,
635 313 677 351 et
706 311 1006 363 interpretatur
1032 309 1236 359 dentium,

214 387 281 429 vel
298 394 422 436 super
436 382 591 425 vulnus
608 381 816 424 dentium.
838 380 914 421 Hic
933 380 1184 420 describitur
1200 382 1240 420 et

213 455 425 504 detractio,
439 466 536 507 quae
550 466 624 508 per
637 454 781 494 dentes
798 452 1051 503 intelligitur
1062 451 1073 472 ¹
1087 466 1095 492 ε
1115 451 1239 492 «Filii

211 526 458 576 hominum,
498 526 642 566 dentes
681 537 827 565 eorum
867 536 986 563 arma
1022 525 1062 563 et
1103 523 1236 574 sagit-

210 599 288 648 tae,
315 611 334 635 ›)
362 599 463 646 etc.;
485 598 526 636 et
555 595 793 636 vulneratio
822 593 992 644 Christi,
1026 593 1076 633 ad
1110 605 1238 646 quam

211 679 310 708 eum
330 667 468 709 Judaei
499 667 588 708 suis
614 666 728 706 falsis
755 664 1006 705 testimoniis
1027 664 1236 716 perduxe-

210 741 326 779 runt.

262 811 328 849 64.
349 808 466 850 Thau
487 809 556 861 (a).
574 805 753 856 Reddes,
772 807 850 846 etc.
864 804 939 845 Hic
957 816 1011 844 ex
1029 804 1240 857 praedictis

209 879 387 920 infertur
400 880 512 931 ι111516
532 877 738 918 sententia
755 875 1082 929 reprobationis:
1101 875 1239 928 primo

208 950 254 991 in
274 950 478 1003 generali,
496 951 705 1003 quantum
719 948 771 989 ad
786 950 946 1001 Justam
963 960 1101 1001 poenae
1122 948 1240 988 retri-

209 1020 452 1070 butionem3
483 1019 646 1069 deinde,
673 1021 882 1071 quantum
914 1018 967 1058 ad
998 1018 1133 1059 cordis
1162 1018 1239 1059 ob-

209 1090 501 1132 durationem:
527 1090 656 1131 Dabis
681 1091 767 1140 eis,
795 1092 900 1139 etc.;
923 1090 1071 1139 tertio,
1098 1101 1239 1141 quan-

208 1164 303 1202 tum
323 1161 375 1202 ad
393 1160 669 1213 temporalem
692 1163 731 1200 et
752 1163 955 1201 aeternam
980 1161 1235 1200 extermina-

209 1231 394 1272 tionem:
416 1231 678 1284 Persequerz's
698 1231 746 1272 in
766 1231 930 1282 farore,
953 1233 1031 1270 etc.

262 1301 365 1342 Dicit
397 1313 531 1353 ergo:
564 1301 727 1343 Reddes
756 1302 837 1352 eis,
870 1300 1046 1351 Judaeis,
1079 1301 1235 1350 vicem,

207 1372 394 1422 Domine,
416 1383 493 1423 pro
513 1371 624 1412 malo
646 1372 797 1423 culpae,
819 1374 860 1411 et
878 1371 1121 1423 pertinacia,
1144 1383 1235 1423 poe-

205 1454 306 1482 nam
323 1441 607 1482 damnationis
626 1445 798 1483 aeternae
816 1454 825 1481 :
842 1442 856 1463 ²
873 1456 892 1480 «
912 1441 1015 1482 Ecce
1035 1441 1150 1482 venit
1169 1454 1238 1481 ve-

204 1511 375 1562 lociter,
411 1514 452 1552 et
481 1512 629 1552 reddes
664 1511 997 1552 vicissitudinem
1028 1511 1073 1551 in
1111 1514 1236 1563 caput

205 1593 369 1624 eorum.
391 1596 410 1620 ))

257 1656 323 1700 65.
350 1653 469 1695 Thau
491 1653 561 1705 (a).
590 1653 718 1695 Dabis
747 1653 831 1704 eis,
853 1665 939 1694 non
959 1652 1141 1705 agendo,
1165 1652 1234 1693 sed

204 1724 497 1778 permittendo,
519 1723 699 1766 laborem
721 1728 857 1774 tuum,
879 1725 1172 1776 poenalitatum
1194 1727 1235 1765 et

205 1796 527 1848 angustiarum,
555 1808 662 1849 quas
682 1797 724 1835 in
746 1808 869 1836 cruce
888 1796 1112 1846 sustinuit3
1134 1807 1234 1838 sczc-

209 1870 298 1909 tum
331 1867 492 1918 cordis,
535 1870 583 1907 ut
620 1867 770 1907 merito
807 1867 1091 1920 injuriarum,
1128 1880 1234 1921 quas

207 1936 370 1978 Christo
393 1936 649 1987 intulerunt,
685 1937 841 1977 intrare
867 1937 911 1976 in
942 1938 1053 1989 ipsos
1078 1938 1123 1990 (b)
1147 1950 1233 1979 non

204 2001 506 2060 possintverba
525 2008 834 2061 praedicationis
846 2010 886 2048 ³:
909 2023 928 2046 «
949 2008 1108 2061 Corpus
1123 2012 1230 2061 eJnS,

204 2079 326 2131 quasi
358 2081 476 2119 scuta
511 2078 709 2119 fusilia.»
742 2078 856 2119 Istud
888 2080 949 2118 est
979 2080 1140 2119 malum
1174 2083 1233 2120 eis

204 2151 400 2201 scutum,
437 2149 560 2190 nobis
595 2151 739 2190 autem
775 2149 948 2201 clypeus
979 2149 1152 2200 salutis;
1181 2150 1232 2191 de

202 2232 288 2273 quo
301 2223 315 2245 ‘⁶
332 2234 342 2261 ι
371 2235 390 2259 (1
410 2219 457 2260 Ι11
476 2220 674 2261 omnibus
691 2223 905 2261 sumentes
924 2222 1095 2261 scutum
1115 2221 1226 2272 fidei,

201 2291 246 2331 in
265 2303 349 2344 quo
369 2291 534 2344 possitis
556 2291 699 2332 omnia
718 2291 800 2332 tela
827 2292 958 2344 ignea
979 2292 1139 2333 inimici
1161 2305 1230 2333 ex-

201 2361 414 2413 tinguere.
435 2376 454 2399 n

255 2435 322 2472 66.
349 2432 478 2473 Thau.
510 2432 796 2484 Persequerz’s,
817 2434 893 2472 etc.
920 2432 982 2483 (c).
1006 2431 1086 2472 Pro
1106 2433 1229 2473 tertio

202 2502 421 2554 sequitur:
452 2503 718 2554 Persequerz's
749 2503 909 2552 furore,
933 2502 1100 2542 iudaeos
1119 2504 1229 2544 male

201 2572 437 2612 tractandos
458 2572 501 2611 in
517 2572 691 2624 judicio,
714 2573 760 2612 in
778 2574 946 2623 futuro,
970 2575 1011 2612 et
1038 2573 1164 2614 etiam
1183 2574 1228 2614 in

199 2643 421 2694 praesenti3
443 2643 556 2683 unde
575 2643 792 2695 sequitur:
817 2643 872 2686 Ec
897 2649 1042 2686 contra
1062 2655 1128 2687 eos
1151 2645 1227 2686 sub

199 2713 330 2764 coelz's,
366 2713 409 2754 id
442 2716 530 2763 est,
570 2713 639 2753 hic
674 2715 718 2753 in
746 2717 882 2765 terra,
918 2716 1123 2766 Domine,
1155 2717 1227 2769 qui

198 2796 369 2825 omnem
397 2784 526 2826 habes
544 2784 806 2838 potestatem.
823 2787 897 2828 Vel
925 2789 1000 2829 sub
1032 2790 1161 2840 ocelle,
1184 2789 1226 2830 id

197 2858 281 2906 est,
307 2856 385 2896 sub
404 2856 510 2898 viris
529 2857 767 2898 coelestibus
787 2858 801 2879 ⁸
823 2873 831 2899 :
861 2873 880 2896 (‹
899 2859 1117 2901 Calcabitis
1139 2873 1223 2913 eos,

197 2938 297 2967 cum
314 2927 472 2967 fuerint
488 2926 592 2967 cinis
604 2959 614 2977 ‚
638 2929 716 2968 sub
736 2928 880 2980 planta
898 2930 1068 2981 pedum.
1093 2946 1112 2969 ›)

250 2996 357 3038 Huic
374 2997 527 3050 triplici
552 2999 770 3040 sententiae
798 3001 1063 3053 praeponitur
1086 3001 1226 3043 littera

203 3067 339 3119 Thau,
362 3069 473 3121 quod
492 3069 791 3122 interpretatur
812 3071 947 3123 Siqua
955 3084 974 3123 ,·
992 3072 1091 3124 quia
1110 3072 1225 3114 istud

198 3136 270 3177 Dei
282 3138 489 3189 judicium
509 3139 560 3180 de
583 3139 603 3180 J
608 3140 740 3180 udaeis
761 3140 818 3181 ita
840 3141 1113 3182 manifestum
1133 3146 1221 3193 est,

197 3208 246 3247 ut
265 3208 420 3259 signati
439 3210 564 3261 signo
592 3210 762 3261 infami,
792 3214 961 3264 pateant
987 3225 1062 3265 per
1087 3216 1223 3255 totum

198 3279 343 3318 orbem
363 3281 588 3321 terrarum.

244 3362 251 3378 ¹
270 3360 361 3392 Psal.
386 3368 454 3401 Lvl,
478 3363 508 3394 5.
526 3380 566 3386 —
585 3363 596 3381 ²
614 3363 708 3401 Joel.,
732 3372 784 3405 111,
808 3367 836 3397 4.
858 3382 894 3388 —
915 3365 927 3384 ³
944 3366 1015 3407 Job,
1042 3374 1112 3407 xm,
1133 3369 1163 3399 6.
1183 3384 1222 3391 --

198 3407 212 3428 ¹·
230 3406 365 3447 Ephes„
382 3415 406 3448 1,
426 3410 474 3440 16.
494 3426 534 3433 ·—
554 3410 564 3428 ⁵
579 3410 740 3452 Malaca„
760 3420 808 3453 lv,
829 3413 859 3443 3.
873 3429 914 3436 —
937 3413 949 3434 ⁶
968 3414 1081 3454 Apoc„
1103 3422 1149 3452 VI,
1172 3416 1221 3446 12.

199 3470 240 3478 -
266 3455 276 3473 ⁷
297 3454 438 3496 Philip„
462 3464 510 3495 11,
536 3459 588 3489 21.
612 3476 647 3481 -
677 3459 690 3480 ⁸
716 3460 850 3499 Matth„
880 3468 944 3501 vu,
973 3463 1022 3493 13.
1048 3480 1082 3485 —
1111 3464 1122 3481 '³
1144 3463 1224 3502 Isca,

199 3508 269 3541 nvi,
288 3503 338 3541 11,
361 3503 409 3535 12.
589 3504 592 3506 ’

2261 225 2338 263 199

1652 395 1862 440 CAPUT
1911 396 1993 440 IV.

1366 524 1403 560 1.
1418 520 1564 572 Aleph.
1589 520 1818 571 Quomodo,
1841 522 1917 560 etc.
1943 520 1998 573 (cl)
2019 519 2094 560 Hic
2112 522 2262 573 quarto
2278 521 2340 562 la-

1312 594 1526 631 mentatur
1564 604 1708 631 casum
1743 591 2029 643 spiritualium
2064 603 2341 643 personarum

1311 661 1447 714 quoad
1461 664 1615 701 statum
1631 662 1910 714 praelationis,
1933 663 2039 702 siout
2057 664 2177 702 erant
2199 662 2242 715 (e)
2265 663 2343 702 mi-

1311 732 1431 771 nistri
1443 732 1584 784 templi
1597 732 1679 781 3vel
1692 735 1847 772 statum
1858 732 2091 784 religioniS,
2103 733 2209 773 sicut
2223 735 2343 774 erant

1311 803 1506 852 nazaraei,
1540 802 1643 841 facie
1675 801 1882 853 insignes.
1907 803 1957 844 Et
1978 804 2105 844 habet
2137 806 2220 844 tres
2241 816 2342 856 par-

1311 877 1387 923 tes,
1408 873 1510 925 quia
1529 873 1647 925 prius
1667 873 1922 913 lamentatur
1955 874 2064 914 hanc
2097 876 2342 916 subversio-

1310 956 1409 984 nem
1427 958 1437 994 ;
1460 944 1608 984 deinde
1629 945 1851 996 subjungit
1877 946 1969 996 ejus
1987 945 2193 985 rationem
2215 946 2260 985 in
2280 946 2343 986 lit·

1312 1019 1399 1058 tera
1431 1017 1678 1058 duodecima
1710 1019 1757 1070 (f)
1792 1017 1951 1060 Lamed
1980 1031 1993 1059 .·
2022 1019 2118 1061 Non
2147 1020 2343 1062 credide-

1311 1092 1563 1141 mmmm,
1592 1091 1687 1138 etc.;
1720 1089 1845 1129 tertio
1874 1090 2005 1141 huJ'us
2031 1090 2344 1132 lamentationis

1310 1160 1434 1200 infert
1466 1160 1778 1202 conclusionem
1817 1162 1862 1202 in
1898 1162 2038 1203 littera
2074 1163 2308 1215 penultima
2330 1174 2340 1203 ε

1315 1231 1458 1274 Gaude
1473 1233 1681 1282 etloecare,
1704 1235 1781 1272 etc.
1805 1231 1851 1272 In
1871 1233 2008 1285 prima
2042 1236 2160 1285 parte
2189 1245 2340 1274 secun-

1310 1303 1414 1343 dum
1434 1303 1682 1354 allegoriam
1712 1303 1899 1356 deplorat
1931 1304 2253 1345 subversionem
2273 1305 2338 1345 in-

1310 1373 1500 1424 signium
1534 1385 1810 1426 personarum
1843 1374 1889 1418 ¹in
1938 1375 2152 1425 generali3
2193 1374 2344 1417 deinde

1310 1445 1353 1482 in
1375 1444 1558 1495 speciali,
1581 1445 1625 1483 in
1644 1456 1773 1485 versu
1789 1445 1979 1496 sequenti
1996 1459 2004 1483 :
2019 1444 2124 1485 Filia·
2135 1445 2246 1486 Sion
2262 1447 2339 1485 etc.

1368 1510 1473 1550 Dicit
1493 1523 1596 1562 ergo
1619 1525 1627 1551 ε
1659 1511 1865 1557 Quomodo
1897 1512 2162 1554 obscuratum
2189 1516 2247 1555 est
2267 1524 2345 1554 au-

1310 1591 1404 1622 rum
1420 1582 1441 1622 P
1459 1582 1569 1634 quod
1590 1582 1686 1621 licet
1706 1582 1749 1621 in
1767 1582 1914 1634 templi
1934 1584 2071 1622 aurati
2098 1595 2344 1624 concrema-

1309 1653 1469 1693 tionem
1492 1653 1600 1693 verti
1621 1657 1773 1706 posset,
1797 1656 1939 1693 tamen
1958 1653 2094 1693 altiori
2115 1666 2241 1694 sensu
2261 1654 2342 1707 spi-

1309 1724 1473 1764 ritualis
1494 1724 1642 1776 templi
1664 1724 1950 1776 ‘dejectionem
1981 1724 2209 1776 significat,
2230 1726 2343 1767 unde

1309 1795 1408 1835 dicit
1429 1807 1439 1835 :
1466 1795 1680 1844 Quomodo
1710 1795 1976 1837 obscuratam
2002 1799 2061 1837 est
2081 1807 2236 1837 amam
2252 1798 2273 1837 P
2294 1796 2342 1837 In

1310 1878 1430 1916 auro,
1453 1866 1689 1906 secundum
1708 1866 1947 1917 Rabanum,
1973 1866 2098 1919 (quod
2119 1868 2339 1908 metallum

1307 1937 1585 1990 praeeminet,)
1612 1938 1858 1978 excellentia
1878 1938 2110 1979 sanctitatis
2139 1939 2340 1991 intelligi-

1306 2011 1393 2059 tur,
1412 2020 1509 2060 quae
1530 2012 1590 2048 est
1611 2009 1849 2059 obscurata,
1873 2011 1913 2049 et
1950 2009 1996 2049 in
2028 2010 2213 2050 tenebris
2248 2021 2340 2050 car-

1306 2079 1502 2119 nalitatis·
1530 2081 1802 2119 commutata.
1836 2078 1911 2120 Vel
1942 2092 2099 2121 aurum
2130 2081 2339 2133 optimum

1307 2151 1510 2201 Christus,
1532 2150 1646 2203 quod
1669 2151 1965 2192 obscurabitur
1981 2184 1991 2203 ,
2014 2152 2114 2204 quia
2150 2152 2257 2192 nihil
2277 2164 2340 2193 re-

1304 2223 1527 2277 putabitur
1561 2227 1752 2276 tempore
1778 2223 2041 2263 Antichristi.
2066 2227 2080 2249 6
2101 2238 2122 2260 ι(
2155 2222 2227 2263 Sol
2254 2223 2339 2264 fac-

1303 2298 1372 2336 tus
1405 2298 1467 2336 est
1498 2295 1623 2346 niger
1656 2297 1862 2347 tanquam
1898 2306 2044 2335 saccus
2076 2294 2281 2335 cilicinus.
2313 2308 2333 2333 »

1305 2367 1500 2408 Mutatus
1521 2370 1583 2408 est
1602 2365 1712 2407 color
1732 2366 1915 2418 optimus
1932 2397 1945 2416 ,
1968 2368 2177 2418 quantum
2198 2365 2250 2406 ad
2268 2365 2340 2407 de-

1303 2436 1600 2476 formationem
1620 2436 1840 2476 exterioris
1872 2436 2128 2487 honestatis23
2151 2436 2339 2489 dispersi

1303 2507 1584 2558 suntlapides
1604 2509 1862 2558 sanctuarii,
1884 2508 1926 2548 id
1954 2512 2030 2557 est,
2053 2508 2137 2549 viri
2153 2507 2338 2548 eminen-

1303 2579 1365 2618 tes
1382 2578 1425 2617 in
1440 2577 1725 2618 ecclesiasticis
1745 2578 1966 2619 ordinibus
1987 2577 2202 2618 constituti
2221 2591 2230 2618 ε
2255 2577 2336 2618 (115-

1302 2648 1427 2700 persi,
1449 2660 1535 2688 non
1551 2660 1625 2700 per
1646 2661 1834 2689 amorem
1855 2649 1953 2689 boni
1974 2648 2212 2689 communis
2234 2659 2335 2688 6011-

1303 2719 1493 2771 gregati,
1527 2718 1597 2759 sed
1626 2731 1701 2771 per
1731 2719 1919 2760 studium
1951 2719 2142 2760 avaritiae
2174 2718 2298 2760 divisi
2322 2733 2331 2759 ε

1302 2790 1405 2831 dum
1446 2805 1465 2828 c<
1484 2801 1655 2841 omnes,
1675 2802 1772 2842 quae
1802 2802 1878 2830 sua
1906 2792 2027 2841 sunt,
2051 2793 2265 2842 quaerunt,
2293 2792 2334 2831 et

1302 2873 1387 2901 non
1407 2872 1504 2913 quae
1533 2860 1631 2901 Jesu
1651 2861 1817 2911 Christi,
1840 2876 1859 2898 »
1896 2863 1944 2902 ut
1968 2861 2067 2901 dicit
2091 2861 2331 2914 Apostolus.

1302 2936 1315 2958 ⁷
1336 2933 1391 2975 In
1410 2933 1547 2985 capite
1569 2935 1758 2975 omnium
1776 2935 2034 2986 platearum,
2056 2933 2100 2973 in
2119 2945 2203 2986 quo
2224 2944 2334 2985 prae-

1301 3004 1430 3045 sentis
1449 3005 1547 3044 vitae
1568 3004 1742 3045 latitudo
1762 3004 2016 3056 intelligitur
2043 3018 2052 3044 1
2083 3004 2199 3045 «lata
2216 3004 2331 3044 enim

1301 3077 1362 3115 est
1382 3074 1472 3124 via,
1496 3087 1591 3127 quae
1623 3075 1735 3116 ducit
1763 3075 1815 3115 ad
1835 3074 2128 3127 perditionem,
2150 3088 2170 3112 ›)
2197 3082 2245 3115 ut
2264 3074 2331 3114 di-

1300 3146 1354 3186 cit
1367 3149 1380 3171 8
1392 3145 1579 3187 Christus
1598 3146 1815 3187 Dominus,
1839 3145 1887 3186 In
1906 3146 2039 3198 capite
2059 3147 2159 3186 sunt
2177 3146 2331 3198 platea-

1299 3229 1412 3269 rum,
1440 3218 1512 3270 qui
1534 3218 1627 3258 talis
1651 3217 1699 3270 (9)
1722 3217 1823 3258 dant
1843 3217 2099 3257 carnalitatis
2118 3216 2326 3268 exempla.

1300 3291 1314 3312 ⁹
1347 3303 1366 3326 ((
1400 3288 1484 3341 Ipsi
1530 3291 1718 3341 pastores
1750 3288 2058 3340 ignoraverunt
2091 3287 2331 3337 intelligen-

1344 3371 1385 3410 (α)
1403 3371 1484 3403 Caet.
1507 3371 1586 3402 edit.
1610 3371 1706 3402 deest
1725 3370 1876 3402 leau.——·
1894 3370 1937 3410 (h)
1957 3372 2035 3401 caet.
2055 3369 2136 3400 edit.
2155 3369 2330 3408 ipsum.—

1302 3415 1339 3457 (c)
1361 3417 1441 3449 Coet.
1459 3418 1540 3449 edit.
1561 3418 1681 3450 Sed.—
1705 3418 1750 3457 (d)
1774 3418 1854 3450 Caet.
1880 3418 1958 3448 edit.
1979 3426 2047 3448 non
2068 3416 2192 3447 habent
2210 3414 2327 3455 Aleplz.

1300 3464 1482 3503 Quomodo,
1500 3467 1616 3496 etc.—
1637 3465 1681 3506 (e)
1699 3465 1777 3496 Caet.
1800 3465 1880 3496 edit.
1903 3464 2064 3496 etiam.—
2081 3464 2128 3502 (f)
2148 3461 2327 3494 Edit.Ven.

1298 3510 1409 3543 littera
1428 3519 1521 3544 lx.—
1541 3511 1588 3552 (9)
1608 3513 1684 3550 Leq.
1705 3511 1796 3542 talia.
