<?xml version="1.0" encoding="UTF-8"?>
<!DOCTYPE html PUBLIC "-//W3C//DTD XHTML 1.0 Transitional//EN"
    "http://www.w3.org/TR/xhtml1/DTD/xhtml1-transitional.dtd">
<html xmlns="http://www.w3.org/1999/xhtml" xml:lang="en" lang="en">
 <head>
  <title>
</title>
<meta http-equiv="Content-Type" content="text/html;charset=utf-8" />
  <meta name='ocr-system' content='tesseract 3.04.00' />
  <meta name='ocr-capabilities' content='ocr_page ocr_carea ocr_par ocr_line ocrx_word'/>
</head>
<body>
  <div class='ocr_page' id='page_1' title='image "./operaomniasixtiv10bonauoft/operaomniasixtiv10bonauoft_0591.png"; bbox 0 0 2634 3853; ppageno 0'>
   <div class='ocr_carea' id='block_1_1' title="bbox 981 183 2350 232">
    <p class='ocr_par' dir='ltr' id='par_1_1' title="bbox 981 183 2350 232">
     <span class='ocr_line' id='line_1_1' title="bbox 981 183 2350 232; baseline 0.004 -6"><span class='ocrx_word' id='word_1_1' title='bbox 981 185 1254 228; x_wconf 89' lang='lat' dir='ltr'>EXPOSITIO</span> <span class='ocrx_word' id='word_1_2' title='bbox 1285 183 1340 225; x_wconf 92' lang='lat' dir='ltr'>IN</span> <span class='ocrx_word' id='word_1_3' title='bbox 1366 183 1480 225; x_wconf 88' lang='lat' dir='ltr'>CAP.</span> <span class='ocrx_word' id='word_1_4' title='bbox 1511 183 1600 225; x_wconf 85' lang='lat' dir='ltr'><strong>XII.</strong></span> <span class='ocrx_word' id='word_1_5' title='bbox 2273 192 2350 232; x_wconf 77' lang='lat'>569</span> 
     </span>
    </p>
   </div>
   <div class='ocr_carea' id='block_1_2' title="bbox 219 274 1254 3309">
    <p class='ocr_par' dir='ltr' id='par_1_2' title="bbox 220 274 1254 2667">
     <span class='ocr_line' id='line_1_2' title="bbox 227 274 1252 328; baseline -0.009 -5"><span class='ocrx_word' id='word_1_6' title='bbox 227 283 320 323; x_wconf 78' lang='lat' dir='ltr'>tem.</span> <span class='ocrx_word' id='word_1_7' title='bbox 343 279 355 302; x_wconf 88' lang='lat'><strong>¹</strong></span> <span class='ocrx_word' id='word_1_8' title='bbox 389 277 569 328; x_wconf 78' lang='lat' dir='ltr'>«Euge,</span> <span class='ocrx_word' id='word_1_9' title='bbox 609 286 729 318; x_wconf 89' lang='lat' dir='ltr'>serve</span> <span class='ocrx_word' id='word_1_10' title='bbox 757 276 865 316; x_wconf 88' lang='lat' dir='ltr'>bone</span> <span class='ocrx_word' id='word_1_11' title='bbox 896 276 937 315; x_wconf 91' lang='lat' dir='ltr'>et</span> <span class='ocrx_word' id='word_1_12' title='bbox 960 274 1116 326; x_wconf 85' lang='lat' dir='ltr'>fidelis,</span> <span class='ocrx_word' id='word_1_13' title='bbox 1151 275 1252 327; x_wconf 86' lang='lat' dir='ltr'>quia</span> 
     </span>
     <span class='ocr_line' id='line_1_3' title="bbox 226 345 1252 402; baseline -0.005 -12"><span class='ocrx_word' id='word_1_14' title='bbox 226 360 353 402; x_wconf 88' lang='lat' dir='ltr'>super</span> <span class='ocrx_word' id='word_1_15' title='bbox 382 359 512 401; x_wconf 87' lang='lat' dir='ltr'>pauca</span> <span class='ocrx_word' id='word_1_16' title='bbox 538 346 656 387; x_wconf 87' lang='lat' dir='ltr'>fuisti</span> <span class='ocrx_word' id='word_1_17' title='bbox 690 346 846 396; x_wconf 78' lang='lat' dir='ltr'>fidelis,</span> <span class='ocrx_word' id='word_1_18' title='bbox 880 357 1006 398; x_wconf 91' lang='lat' dir='ltr'>supra</span> <span class='ocrx_word' id='word_1_19' title='bbox 1039 346 1089 399; x_wconf 82' lang='lat' dir='ltr'>(a)</span> <span class='ocrx_word' id='word_1_20' title='bbox 1118 345 1252 385; x_wconf 84' lang='lat' dir='ltr'>multa</span> 
     </span>
     <span class='ocr_line' id='line_1_4' title="bbox 226 416 1249 467; baseline -0.006 -7"><span class='ocrx_word' id='word_1_21' title='bbox 226 423 267 460; x_wconf 91' lang='lat' dir='ltr'>te</span> <span class='ocrx_word' id='word_1_22' title='bbox 287 417 562 467; x_wconf 76' lang='lat' dir='ltr'>constituam,</span> <span class='ocrx_word' id='word_1_23' title='bbox 584 432 603 454; x_wconf 87' lang='lat'>»</span> <span class='ocrx_word' id='word_1_24' title='bbox 636 419 714 457; x_wconf 82' lang='lat' dir='ltr'>etc.</span> <span class='ocrx_word' id='word_1_25' title='bbox 746 417 812 458; x_wconf 79' lang='lat' dir='ltr'>Ita</span> <span class='ocrx_word' id='word_1_26' title='bbox 834 417 1077 466; x_wconf 75' lang='lat' dir='ltr'><em>facientem,</em></span> <span class='ocrx_word' id='word_1_27' title='bbox 1100 416 1141 455; x_wconf 87' lang='lat' dir='ltr'>id</span> <span class='ocrx_word' id='word_1_28' title='bbox 1168 418 1249 466; x_wconf 87' lang='lat' dir='ltr'>est,</span> 
     </span>
     <span class='ocr_line' id='line_1_5' title="bbox 225 486 1251 541; baseline -0.003 -12"><span class='ocrx_word' id='word_1_29' title='bbox 225 489 416 539; x_wconf 81' lang='lat' dir='ltr'>fideliter⁷</span> <span class='ocrx_word' id='word_1_30' title='bbox 433 488 675 541; x_wconf 76' lang='lat' dir='ltr'>prudenter,</span> <span class='ocrx_word' id='word_1_31' title='bbox 696 489 737 527; x_wconf 88' lang='lat' dir='ltr'>et</span> <span class='ocrx_word' id='word_1_32' title='bbox 758 486 999 538; x_wconf 78' lang='lat' dir='ltr'>vigilanter,</span> <span class='ocrx_word' id='word_1_33' title='bbox 1019 486 1251 527; x_wconf 86' lang='lat' dir='ltr'>secundum</span> 
     </span>
     <span class='ocr_line' id='line_1_6' title="bbox 225 556 1251 610; baseline -0.004 -11"><span class='ocrx_word' id='word_1_34' title='bbox 225 559 331 600; x_wconf 91' lang='lat' dir='ltr'>illud</span> <span class='ocrx_word' id='word_1_35' title='bbox 356 558 369 578; x_wconf 71' lang='lat'><strong>²</strong></span> <span class='ocrx_word' id='word_1_36' title='bbox 407 573 416 599; x_wconf 90' lang='lat'><strong>:</strong></span> <span class='ocrx_word' id='word_1_37' title='bbox 453 557 791 610; x_wconf 82' lang='lat' dir='ltr'>«Unusquisque</span> <span class='ocrx_word' id='word_1_38' title='bbox 820 556 926 596; x_wconf 87' lang='lat' dir='ltr'>sicut</span> <span class='ocrx_word' id='word_1_39' title='bbox 962 556 1119 608; x_wconf 86' lang='lat' dir='ltr'>accepit</span> <span class='ocrx_word' id='word_1_40' title='bbox 1149 568 1251 608; x_wconf 82' lang='lat' dir='ltr'>gra-</span> 
     </span>
     <span class='ocr_line' id='line_1_7' title="bbox 224 627 1249 677; baseline -0.003 -6"><span class='ocrx_word' id='word_1_41' title='bbox 224 630 347 676; x_wconf 87' lang='lat' dir='ltr'>tiam,</span> <span class='ocrx_word' id='word_1_42' title='bbox 382 630 426 670; x_wconf 92' lang='lat' dir='ltr'>in</span> <span class='ocrx_word' id='word_1_43' title='bbox 456 629 709 670; x_wconf 89' lang='lat' dir='ltr'>alterutrum</span> <span class='ocrx_word' id='word_1_44' title='bbox 740 628 854 668; x_wconf 89' lang='lat' dir='ltr'>illam</span> <span class='ocrx_word' id='word_1_45' title='bbox 885 627 1249 677; x_wconf 81' lang='lat' dir='ltr'>administranteS,</span> 
     </span>
     <span class='ocr_line' id='line_1_8' title="bbox 225 699 1252 753; baseline -0.002 -11"><span class='ocrx_word' id='word_1_46' title='bbox 225 702 333 742; x_wconf 89' lang='lat' dir='ltr'>sicut</span> <span class='ocrx_word' id='word_1_47' title='bbox 356 701 457 742; x_wconf 90' lang='lat' dir='ltr'>boni</span> <span class='ocrx_word' id='word_1_48' title='bbox 485 700 791 753; x_wconf 72' lang='lat' dir='ltr'>dispensatores</span> <span class='ocrx_word' id='word_1_49' title='bbox 813 699 1081 739; x_wconf 84' lang='lat' dir='ltr'>multiformis</span> <span class='ocrx_word' id='word_1_50' title='bbox 1102 699 1252 751; x_wconf 72' lang='lat' dir='ltr'>gratiae</span> 
     </span>
     <span class='ocr_line' id='line_1_9' title="bbox 225 770 1254 824; baseline -0.001 -12"><span class='ocrx_word' id='word_1_51' title='bbox 225 772 312 813; x_wconf 88' lang='lat' dir='ltr'>Dei.</span> <span class='ocrx_word' id='word_1_52' title='bbox 333 787 352 810; x_wconf 72' lang='lat' dir='ltr'>n</span> <span class='ocrx_word' id='word_1_53' title='bbox 378 771 429 812; x_wconf 88' lang='lat' dir='ltr'>Et</span> <span class='ocrx_word' id='word_1_54' title='bbox 460 771 780 824; x_wconf 79' lang='lat' dir='ltr'>Chrysostomus</span> <span class='ocrx_word' id='word_1_55' title='bbox 803 785 812 810; x_wconf 92' lang='lat'>:</span> <span class='ocrx_word' id='word_1_56' title='bbox 850 785 869 808; x_wconf 87' lang='lat'>«</span> <span class='ocrx_word' id='word_1_57' title='bbox 892 770 992 811; x_wconf 81' lang='lat' dir='ltr'>Haec</span> <span class='ocrx_word' id='word_1_58' title='bbox 1019 770 1128 811; x_wconf 86' lang='lat' dir='ltr'>dicta</span> <span class='ocrx_word' id='word_1_59' title='bbox 1155 773 1254 811; x_wconf 90' lang='lat' dir='ltr'>sunt</span> 
     </span>
     <span class='ocr_line' id='line_1_10' title="bbox 224 841 1253 893; baseline -0.003 -9"><span class='ocrx_word' id='word_1_60' title='bbox 224 843 275 884; x_wconf 89' lang='lat' dir='ltr'>de</span> <span class='ocrx_word' id='word_1_61' title='bbox 303 854 520 892; x_wconf 78' lang='lat' dir='ltr'>sermone,</span> <span class='ocrx_word' id='word_1_62' title='bbox 543 841 593 882; x_wconf 88' lang='lat' dir='ltr'>de</span> <span class='ocrx_word' id='word_1_63' title='bbox 613 842 789 891; x_wconf 80' lang='lat' dir='ltr'>virtute,</span> <span class='ocrx_word' id='word_1_64' title='bbox 813 841 864 881; x_wconf 92' lang='lat' dir='ltr'>de</span> <span class='ocrx_word' id='word_1_65' title='bbox 884 841 1100 893; x_wconf 81' lang='lat' dir='ltr'>pecuniiS,</span> <span class='ocrx_word' id='word_1_66' title='bbox 1136 843 1176 881; x_wconf 89' lang='lat' dir='ltr'>et</span> <span class='ocrx_word' id='word_1_67' title='bbox 1203 841 1253 881; x_wconf 87' lang='lat' dir='ltr'>de</span> 
     </span>
     <span class='ocr_line' id='line_1_11' title="bbox 225 912 1253 966; baseline -0.002 -12"><span class='ocrx_word' id='word_1_68' title='bbox 225 913 342 955; x_wconf 90' lang='lat' dir='ltr'>omni</span> <span class='ocrx_word' id='word_1_69' title='bbox 381 912 689 966; x_wconf 80' lang='lat' dir='ltr'>dispensatione</span> <span class='ocrx_word' id='word_1_70' title='bbox 726 924 822 965; x_wconf 80' lang='lat' dir='ltr'>quae</span> <span class='ocrx_word' id='word_1_71' title='bbox 868 912 1098 964; x_wconf 84' lang='lat' dir='ltr'>unicuique</span> <span class='ocrx_word' id='word_1_72' title='bbox 1137 925 1253 953; x_wconf 89' lang='lat' dir='ltr'>com-</span> 
     </span>
     <span class='ocr_line' id='line_1_12' title="bbox 224 983 1251 1035; baseline -0.001 -10"><span class='ocrx_word' id='word_1_73' title='bbox 224 985 351 1025; x_wconf 90' lang='lat' dir='ltr'>missa</span> <span class='ocrx_word' id='word_1_74' title='bbox 372 987 434 1024; x_wconf 84' lang='lat' dir='ltr'>est</span> <span class='ocrx_word' id='word_1_75' title='bbox 456 998 464 1024; x_wconf 78' lang='lat' dir='ltr'>z</span> <span class='ocrx_word' id='word_1_76' title='bbox 490 995 843 1035; x_wconf 79' lang='lat' dir='ltr'>unumquemque</span> <span class='ocrx_word' id='word_1_77' title='bbox 860 983 974 1023; x_wconf 88' lang='lat' dir='ltr'>enim</span> <span class='ocrx_word' id='word_1_78' title='bbox 991 983 1041 1023; x_wconf 88' lang='lat' dir='ltr'>ad</span> <span class='ocrx_word' id='word_1_79' title='bbox 1060 995 1251 1025; x_wconf 84' lang='lat' dir='ltr'>commu·</span> 
     </span>
     <span class='ocr_line' id='line_1_13' title="bbox 223 1054 1251 1107; baseline -0.001 -11"><span class='ocrx_word' id='word_1_80' title='bbox 223 1067 323 1096; x_wconf 89' lang='lat' dir='ltr'>nem</span> <span class='ocrx_word' id='word_1_81' title='bbox 347 1054 572 1095; x_wconf 79' lang='lat' dir='ltr'>utilitatem</span> <span class='ocrx_word' id='word_1_82' title='bbox 610 1054 674 1094; x_wconf 88' lang='lat' dir='ltr'>uti</span> <span class='ocrx_word' id='word_1_83' title='bbox 703 1056 864 1106; x_wconf 79' lang='lat' dir='ltr'>oportet</span> <span class='ocrx_word' id='word_1_84' title='bbox 893 1054 960 1094; x_wconf 89' lang='lat' dir='ltr'>his</span> <span class='ocrx_word' id='word_1_85' title='bbox 985 1066 1082 1107; x_wconf 83' lang='lat' dir='ltr'>quae</span> <span class='ocrx_word' id='word_1_86' title='bbox 1101 1054 1251 1105; x_wconf 85' lang='lat' dir='ltr'>habet,</span> 
     </span>
     <span class='ocr_line' id='line_1_14' title="bbox 225 1124 1254 1178; baseline -0.001 -12"><span class='ocrx_word' id='word_1_87' title='bbox 225 1126 315 1167; x_wconf 90' lang='lat' dir='ltr'>sive</span> <span class='ocrx_word' id='word_1_88' title='bbox 345 1125 572 1178; x_wconf 75' lang='lat' dir='ltr'>sapientIa,</span> <span class='ocrx_word' id='word_1_89' title='bbox 596 1124 698 1166; x_wconf 62' lang='lat' dir='ltr'>&gt;sive</span> <span class='ocrx_word' id='word_1_90' title='bbox 732 1124 996 1177; x_wconf 81' lang='lat' dir='ltr'>principatu,</span> <span class='ocrx_word' id='word_1_91' title='bbox 1028 1126 1116 1166; x_wconf 85' lang='lat' dir='ltr'>sive</span> <span class='ocrx_word' id='word_1_92' title='bbox 1145 1126 1254 1167; x_wconf 90' lang='lat' dir='ltr'>divi-</span> 
     </span>
     <span class='ocr_line' id='line_1_15' title="bbox 224 1196 1248 1248; baseline -0.004 -11"><span class='ocrx_word' id='word_1_93' title='bbox 224 1196 317 1248; x_wconf 83' lang='lat' dir='ltr'>tiis,</span> <span class='ocrx_word' id='word_1_94' title='bbox 350 1208 438 1237; x_wconf 89' lang='lat' dir='ltr'>non</span> <span class='ocrx_word' id='word_1_95' title='bbox 467 1196 519 1236; x_wconf 90' lang='lat' dir='ltr'>ad</span> <span class='ocrx_word' id='word_1_96' title='bbox 550 1198 856 1237; x_wconf 75' lang='lat' dir='ltr'>nocumentum</span> <span class='ocrx_word' id='word_1_97' title='bbox 883 1207 1198 1237; x_wconf 86' lang='lat' dir='ltr'>conservorum.</span> <span class='ocrx_word' id='word_1_98' title='bbox 1228 1210 1248 1234; x_wconf 80' lang='grc'>))</span> 
     </span>
     <span class='ocr_line' id='line_1_16' title="bbox 225 1268 1254 1321; baseline -0.002 -11"><span class='ocrx_word' id='word_1_99' title='bbox 225 1269 363 1321; x_wconf 72' lang='lat' dir='ltr'>Huius</span> <span class='ocrx_word' id='word_1_100' title='bbox 382 1271 526 1310; x_wconf 81' lang='lat' dir='ltr'>autem·</span> <span class='ocrx_word' id='word_1_101' title='bbox 552 1268 649 1309; x_wconf 90' lang='lat' dir='ltr'>usui</span> <span class='ocrx_word' id='word_1_102' title='bbox 668 1268 818 1320; x_wconf 78' lang='lat' dir='ltr'>gratiae</span> <span class='ocrx_word' id='word_1_103' title='bbox 839 1268 1026 1309; x_wconf 79' lang='lat' dir='ltr'>redditur</span> <span class='ocrx_word' id='word_1_104' title='bbox 1049 1268 1254 1319; x_wconf 86' lang='lat' dir='ltr'>perfectus</span> 
     </span>
     <span class='ocr_line' id='line_1_17' title="bbox 224 1339 1253 1392; baseline 0.001 -13"><span class='ocrx_word' id='word_1_105' title='bbox 224 1340 386 1381; x_wconf 87' lang='lat' dir='ltr'>fructus</span> <span class='ocrx_word' id='word_1_106' title='bbox 419 1340 582 1391; x_wconf 79' lang='lat' dir='ltr'>gloriae.</span> <span class='ocrx_word' id='word_1_107' title='bbox 615 1340 732 1381; x_wconf 89' lang='lat' dir='ltr'>Unde</span> <span class='ocrx_word' id='word_1_108' title='bbox 758 1339 897 1379; x_wconf 83' lang='lat' dir='ltr'>subdit</span> <span class='ocrx_word' id='word_1_109' title='bbox 919 1339 984 1392; x_wconf 89' lang='lat' dir='ltr'>(v.</span> <span class='ocrx_word' id='word_1_110' title='bbox 1021 1341 1096 1390; x_wconf 73' lang='lat'>44)</span> <span class='ocrx_word' id='word_1_111' title='bbox 1121 1352 1130 1379; x_wconf 92' lang='lat'><strong>:</strong></span> <span class='ocrx_word' id='word_1_112' title='bbox 1159 1341 1253 1381; x_wconf 80' lang='lat' dir='ltr'>Vere</span> 
     </span>
     <span class='ocr_line' id='line_1_18' title="bbox 225 1410 1254 1463; baseline 0 -11"><span class='ocrx_word' id='word_1_113' title='bbox 225 1410 321 1452; x_wconf 85' lang='lat' dir='ltr'>dico</span> <span class='ocrx_word' id='word_1_114' title='bbox 351 1410 494 1461; x_wconf 79' lang='lat' dir='ltr'>vobis,</span> <span class='ocrx_word' id='word_1_115' title='bbox 519 1411 722 1463; x_wconf 77' lang='lat' dir='ltr'>quoniam</span> <span class='ocrx_word' id='word_1_116' title='bbox 750 1421 872 1462; x_wconf 76' lang='lat' dir='ltr'>saper</span> <span class='ocrx_word' id='word_1_117' title='bbox 906 1410 953 1462; x_wconf 82' lang='lat' dir='ltr'>(b)</span> <span class='ocrx_word' id='word_1_118' title='bbox 991 1412 1135 1452; x_wconf 83' lang='lat' dir='ltr'>omnia</span> <span class='ocrx_word' id='word_1_119' title='bbox 1160 1422 1254 1463; x_wconf 62' lang='grc' dir='ltr'><em>(μαι)</em></span> 
     </span>
     <span class='ocr_line' id='line_1_19' title="bbox 222 1480 1251 1534; baseline -0.003 -10"><span class='ocrx_word' id='word_1_120' title='bbox 222 1480 428 1534; x_wconf 72' lang='lat' dir='ltr'>possidet,</span> <span class='ocrx_word' id='word_1_121' title='bbox 451 1482 678 1524; x_wconf 69' lang='lat' dir='ltr'>constituet</span> <span class='ocrx_word' id='word_1_122' title='bbox 704 1480 841 1523; x_wconf 79' lang='lat' dir='ltr'>illam.</span> <span class='ocrx_word' id='word_1_123' title='bbox 872 1480 982 1521; x_wconf 80' lang='lat' dir='ltr'>Beda</span> <span class='ocrx_word' id='word_1_124' title='bbox 1010 1494 1019 1521; x_wconf 93' lang='lat'>:</span> <span class='ocrx_word' id='word_1_125' title='bbox 1050 1496 1069 1519; x_wconf 65' lang='grc' dir='ltr'>α</span> <span class='ocrx_word' id='word_1_126' title='bbox 1094 1481 1138 1522; x_wconf 87' lang='lat' dir='ltr'>Id</span> <span class='ocrx_word' id='word_1_127' title='bbox 1167 1484 1251 1532; x_wconf 81' lang='lat' dir='ltr'>est,</span> 
     </span>
     <span class='ocr_line' id='line_1_20' title="bbox 225 1551 1254 1605; baseline 0 -13"><span class='ocrx_word' id='word_1_128' title='bbox 225 1565 351 1605; x_wconf 87' lang='lat' dir='ltr'>super</span> <span class='ocrx_word' id='word_1_129' title='bbox 387 1552 529 1593; x_wconf 90' lang='lat' dir='ltr'>omnia</span> <span class='ocrx_word' id='word_1_130' title='bbox 567 1551 746 1592; x_wconf 86' lang='lat' dir='ltr'>coelestis</span> <span class='ocrx_word' id='word_1_131' title='bbox 788 1551 913 1603; x_wconf 79' lang='lat' dir='ltr'>regni</span> <span class='ocrx_word' id='word_1_132' title='bbox 951 1551 1127 1603; x_wconf 81' lang='lat' dir='ltr'>gaudia,</span> <span class='ocrx_word' id='word_1_133' title='bbox 1168 1564 1254 1592; x_wconf 91' lang='lat' dir='ltr'>non</span> 
     </span>
     <span class='ocr_line' id='line_1_21' title="bbox 223 1622 1250 1676; baseline 0.001 -14"><span class='ocrx_word' id='word_1_134' title='bbox 223 1623 370 1676; x_wconf 84' lang='lat' dir='ltr'>utique</span> <span class='ocrx_word' id='word_1_135' title='bbox 401 1625 449 1664; x_wconf 89' lang='lat' dir='ltr'>ut</span> <span class='ocrx_word' id='word_1_136' title='bbox 481 1623 636 1663; x_wconf 86' lang='lat' dir='ltr'>horum</span> <span class='ocrx_word' id='word_1_137' title='bbox 671 1622 784 1663; x_wconf 85' lang='lat' dir='ltr'>solus</span> <span class='ocrx_word' id='word_1_138' title='bbox 820 1622 1055 1663; x_wconf 87' lang='lat' dir='ltr'>dominium</span> <span class='ocrx_word' id='word_1_139' title='bbox 1089 1625 1250 1674; x_wconf 81' lang='lat' dir='ltr'>teneat,</span> 
     </span>
     <span class='ocr_line' id='line_1_22' title="bbox 223 1693 1253 1747; baseline -0.001 -12"><span class='ocrx_word' id='word_1_140' title='bbox 223 1694 295 1735; x_wconf 87' lang='lat' dir='ltr'>sed</span> <span class='ocrx_word' id='word_1_141' title='bbox 333 1698 380 1735; x_wconf 88' lang='lat' dir='ltr'>ut</span> <span class='ocrx_word' id='word_1_142' title='bbox 423 1695 517 1747; x_wconf 84' lang='lat' dir='ltr'>ejus</span> <span class='ocrx_word' id='word_1_143' title='bbox 563 1693 847 1735; x_wconf 82' lang='lat' dir='ltr'>abundantius</span> <span class='ocrx_word' id='word_1_144' title='bbox 897 1694 1056 1734; x_wconf 66' lang='lat' dir='ltr'>caeteris</span> <span class='ocrx_word' id='word_1_145' title='bbox 1101 1694 1253 1734; x_wconf 88' lang='lat' dir='ltr'>sanctis</span> 
     </span>
     <span class='ocr_line' id='line_1_23' title="bbox 222 1765 1254 1818; baseline -0.001 -12"><span class='ocrx_word' id='word_1_146' title='bbox 222 1767 381 1806; x_wconf 78' lang='lat' dir='ltr'>aeterna</span> <span class='ocrx_word' id='word_1_147' title='bbox 414 1766 672 1818; x_wconf 85' lang='lat' dir='ltr'>possessione</span> <span class='ocrx_word' id='word_1_148' title='bbox 706 1765 896 1816; x_wconf 80' lang='lat' dir='ltr'>fruatur,</span> <span class='ocrx_word' id='word_1_149' title='bbox 935 1767 1026 1805; x_wconf 86' lang='lat' dir='ltr'>tum</span> <span class='ocrx_word' id='word_1_150' title='bbox 1065 1777 1142 1818; x_wconf 89' lang='lat' dir='ltr'>pro</span> <span class='ocrx_word' id='word_1_151' title='bbox 1177 1777 1254 1806; x_wconf 87' lang='lat' dir='ltr'>sua</span> 
     </span>
     <span class='ocr_line' id='line_1_24' title="bbox 222 1833 1253 1886; baseline -0.001 -11"><span class='ocrx_word' id='word_1_152' title='bbox 222 1833 334 1884; x_wconf 82' lang='lat' dir='ltr'>vita,</span> <span class='ocrx_word' id='word_1_153' title='bbox 359 1835 451 1874; x_wconf 90' lang='lat' dir='ltr'>tum</span> <span class='ocrx_word' id='word_1_154' title='bbox 480 1845 557 1886; x_wconf 90' lang='lat' dir='ltr'>pro</span> <span class='ocrx_word' id='word_1_155' title='bbox 587 1833 653 1874; x_wconf 88' lang='lat' dir='ltr'>sui</span> <span class='ocrx_word' id='word_1_156' title='bbox 684 1833 829 1885; x_wconf 77' lang='lat' dir='ltr'>gregis</span> <span class='ocrx_word' id='word_1_157' title='bbox 861 1833 1103 1873; x_wconf 82' lang='lat' dir='ltr'>custodia.»</span> <span class='ocrx_word' id='word_1_158' title='bbox 1136 1833 1253 1874; x_wconf 85' lang='lat' dir='ltr'>Unde</span> 
     </span>
     <span class='ocr_line' id='line_1_25' title="bbox 223 1903 1250 1957; baseline 0 -12"><span class='ocrx_word' id='word_1_159' title='bbox 223 1903 372 1945; x_wconf 87' lang='lat' dir='ltr'>Petrus</span> <span class='ocrx_word' id='word_1_160' title='bbox 391 1904 404 1926; x_wconf 74' lang='lat'>³</span> <span class='ocrx_word' id='word_1_161' title='bbox 427 1916 436 1944; x_wconf 92' lang='lat'><strong>:</strong></span> <span class='ocrx_word' id='word_1_162' title='bbox 465 1919 484 1943; x_wconf 71' lang='grc' dir='ltr'>(ι</span> <span class='ocrx_word' id='word_1_163' title='bbox 504 1904 663 1945; x_wconf 78' lang='lat' dir='ltr'>Pascite</span> <span class='ocrx_word' id='word_1_164' title='bbox 682 1904 755 1957; x_wconf 82' lang='lat' dir='ltr'>qui</span> <span class='ocrx_word' id='word_1_165' title='bbox 783 1904 828 1943; x_wconf 90' lang='lat' dir='ltr'>in</span> <span class='ocrx_word' id='word_1_166' title='bbox 850 1904 972 1946; x_wconf 88' lang='lat' dir='ltr'>vobis</span> <span class='ocrx_word' id='word_1_167' title='bbox 991 1907 1052 1945; x_wconf 87' lang='lat' dir='ltr'>est</span> <span class='ocrx_word' id='word_1_168' title='bbox 1070 1916 1250 1956; x_wconf 78' lang='lat' dir='ltr'>gregem</span> 
     </span>
     <span class='ocr_line' id='line_1_26' title="bbox 221 1975 1254 2033; baseline 0.002 -18"><span class='ocrx_word' id='word_1_169' title='bbox 221 1975 294 2016; x_wconf 90' lang='lat' dir='ltr'>Dei</span> <span class='ocrx_word' id='word_1_170' title='bbox 307 2007 319 2026; x_wconf 84' lang='grc'>,</span> <span class='ocrx_word' id='word_1_171' title='bbox 342 1976 610 2033; x_wconf 86' lang='lat' dir='ltr'>providentes</span> <span class='ocrx_word' id='word_1_172' title='bbox 629 1987 717 2016; x_wconf 90' lang='lat' dir='ltr'>non</span> <span class='ocrx_word' id='word_1_173' title='bbox 737 1979 897 2026; x_wconf 74' lang='lat' dir='ltr'>coacte,</span> <span class='ocrx_word' id='word_1_174' title='bbox 932 1976 1003 2016; x_wconf 88' lang='lat' dir='ltr'>sed</span> <span class='ocrx_word' id='word_1_175' title='bbox 1024 1978 1254 2028; x_wconf 88' lang='lat' dir='ltr'>spontanee</span> 
     </span>
     <span class='ocr_line' id='line_1_27' title="bbox 221 2046 1252 2099; baseline 0.001 -13"><span class='ocrx_word' id='word_1_176' title='bbox 221 2046 453 2086; x_wconf 86' lang='lat' dir='ltr'>secundum</span> <span class='ocrx_word' id='word_1_177' title='bbox 474 2046 605 2087; x_wconf 86' lang='lat' dir='ltr'>Deum</span> <span class='ocrx_word' id='word_1_178' title='bbox 619 2079 628 2097; x_wconf 87' lang='lat'>,</span> <span class='ocrx_word' id='word_1_179' title='bbox 655 2061 674 2084; x_wconf 87' lang='lat'>»</span> <span class='ocrx_word' id='word_1_180' title='bbox 696 2050 773 2087; x_wconf 90' lang='lat' dir='ltr'>etc.</span> <span class='ocrx_word' id='word_1_181' title='bbox 795 2046 1019 2099; x_wconf 83' lang='lat' dir='ltr'>Sequitur:</span> <span class='ocrx_word' id='word_1_182' title='bbox 1051 2061 1069 2084; x_wconf 74' lang='lat' dir='ltr'>c&lt;</span> <span class='ocrx_word' id='word_1_183' title='bbox 1088 2046 1252 2087; x_wconf 88' lang='lat' dir='ltr'>Etcum</span> 
     </span>
     <span class='ocr_line' id='line_1_28' title="bbox 221 2117 1253 2171; baseline 0.001 -14"><span class='ocrx_word' id='word_1_184' title='bbox 221 2117 462 2169; x_wconf 86' lang='lat' dir='ltr'>apparuerit</span> <span class='ocrx_word' id='word_1_185' title='bbox 499 2118 692 2170; x_wconf 86' lang='lat' dir='ltr'>princeps</span> <span class='ocrx_word' id='word_1_186' title='bbox 724 2120 965 2170; x_wconf 75' lang='lat' dir='ltr'>pastorum,</span> <span class='ocrx_word' id='word_1_187' title='bbox 1014 2118 1253 2171; x_wconf 78' lang='lat' dir='ltr'>percipietis</span> 
     </span>
     <span class='ocr_line' id='line_1_29' title="bbox 220 2188 1252 2246; baseline 0.003 -18"><span class='ocrx_word' id='word_1_188' title='bbox 220 2188 613 2229; x_wconf 77' lang='lat' dir='ltr'>immarcescibilem</span> <span class='ocrx_word' id='word_1_189' title='bbox 646 2189 796 2240; x_wconf 80' lang='lat' dir='ltr'>gloriae</span> <span class='ocrx_word' id='word_1_190' title='bbox 829 2201 1042 2230; x_wconf 86' lang='lat' dir='ltr'>coronam.</span> <span class='ocrx_word' id='word_1_191' title='bbox 1076 2204 1095 2227; x_wconf 81' lang='lat'>›&gt;</span> <span class='ocrx_word' id='word_1_192' title='bbox 1135 2189 1252 2246; x_wconf 79' lang='lat' dir='ltr'>Unde</span> 
     </span>
     <span class='ocr_line' id='line_1_30' title="bbox 222 2252 1254 2312; baseline 0.001 -12"><span class='ocrx_word' id='word_1_193' title='bbox 222 2252 545 2312; x_wconf 79' lang='lat' dir='ltr'>Chrysostomus</span> <span class='ocrx_word' id='word_1_194' title='bbox 559 2265 592 2300; x_wconf 64' lang='lat'>⁴:</span> <span class='ocrx_word' id='word_1_195' title='bbox 617 2259 750 2300; x_wconf 77' lang='lat' dir='ltr'>«Bene</span> <span class='ocrx_word' id='word_1_196' title='bbox 770 2262 924 2312; x_wconf 81' lang='lat' dir='ltr'>agente</span> <span class='ocrx_word' id='word_1_197' title='bbox 941 2260 1110 2312; x_wconf 74' lang='lat' dir='ltr'>popuIO,</span> <span class='ocrx_word' id='word_1_198' title='bbox 1126 2273 1254 2302; x_wconf 82' lang='lat' dir='ltr'>unus-</span> 
     </span>
     <span class='ocr_line' id='line_1_31' title="bbox 221 2330 1250 2382; baseline 0.002 -12"><span class='ocrx_word' id='word_1_199' title='bbox 221 2330 401 2382; x_wconf 83' lang='lat' dir='ltr'>quisque</span> <span class='ocrx_word' id='word_1_200' title='bbox 428 2342 504 2382; x_wconf 89' lang='lat' dir='ltr'>pro</span> <span class='ocrx_word' id='word_1_201' title='bbox 536 2342 615 2370; x_wconf 89' lang='lat' dir='ltr'>suo</span> <span class='ocrx_word' id='word_1_202' title='bbox 635 2330 746 2371; x_wconf 89' lang='lat' dir='ltr'>bono</span> <span class='ocrx_word' id='word_1_203' title='bbox 765 2334 1086 2381; x_wconf 60' lang='lat' dir='ltr'>remuneratum</span> <span class='ocrx_word' id='word_1_204' title='bbox 1115 2344 1250 2373; x_wconf 84' lang='lat' dir='ltr'>sacer-</span> 
     </span>
     <span class='ocr_line' id='line_1_32' title="bbox 222 2400 1253 2453; baseline 0.005 -13"><span class='ocrx_word' id='word_1_205' title='bbox 222 2400 297 2441; x_wconf 89' lang='lat' dir='ltr'>dos</span> <span class='ocrx_word' id='word_1_206' title='bbox 312 2403 455 2441; x_wconf 85' lang='lat' dir='ltr'>autern</span> <span class='ocrx_word' id='word_1_207' title='bbox 475 2413 551 2453; x_wconf 90' lang='lat' dir='ltr'>pro</span> <span class='ocrx_word' id='word_1_208' title='bbox 569 2402 692 2442; x_wconf 87' lang='lat' dir='ltr'>bonis</span> <span class='ocrx_word' id='word_1_209' title='bbox 712 2402 921 2442; x_wconf 89' lang='lat' dir='ltr'>omnium.</span> <span class='ocrx_word' id='word_1_210' title='bbox 942 2417 961 2439; x_wconf 86' lang='lat'>»</span> <span class='ocrx_word' id='word_1_211' title='bbox 990 2402 1002 2424; x_wconf 82' lang='lat'><strong>⁵</strong></span> <span class='ocrx_word' id='word_1_212' title='bbox 1028 2418 1047 2441; x_wconf 86' lang='lat'>«</span> <span class='ocrx_word' id='word_1_213' title='bbox 1067 2402 1170 2452; x_wconf 84' lang='lat' dir='ltr'>Quae</span> <span class='ocrx_word' id='word_1_214' title='bbox 1191 2407 1253 2444; x_wconf 90' lang='lat' dir='ltr'>est</span> 
     </span>
     <span class='ocr_line' id='line_1_33' title="bbox 222 2472 1251 2526; baseline 0.005 -16"><span class='ocrx_word' id='word_1_215' title='bbox 222 2473 366 2511; x_wconf 89' lang='lat' dir='ltr'>nostra</span> <span class='ocrx_word' id='word_1_216' title='bbox 390 2483 484 2524; x_wconf 87' lang='lat' dir='ltr'>spes</span> <span class='ocrx_word' id='word_1_217' title='bbox 509 2475 583 2512; x_wconf 90' lang='lat' dir='ltr'>aut</span> <span class='ocrx_word' id='word_1_218' title='bbox 608 2472 836 2524; x_wconf 80' lang='lat' dir='ltr'>gaudium,</span> <span class='ocrx_word' id='word_1_219' title='bbox 871 2475 943 2513; x_wconf 88' lang='lat' dir='ltr'>aut</span> <span class='ocrx_word' id='word_1_220' title='bbox 975 2485 1129 2514; x_wconf 87' lang='lat' dir='ltr'>corona</span> <span class='ocrx_word' id='word_1_221' title='bbox 1159 2475 1251 2526; x_wconf 80' lang='lat' dir='ltr'>glo-</span> 
     </span>
     <span class='ocr_line' id='line_1_34' title="bbox 221 2541 1249 2586; baseline 0.003 -4"><span class='ocrx_word' id='word_1_222' title='bbox 221 2541 324 2582; x_wconf 82' lang='lat' dir='ltr'>riae‘?</span> <span class='ocrx_word' id='word_1_223' title='bbox 346 2541 495 2583; x_wconf 91' lang='lat' dir='ltr'>Nonne</span> <span class='ocrx_word' id='word_1_224' title='bbox 515 2554 590 2584; x_wconf 83' lang='lat' dir='ltr'>vos</span> <span class='ocrx_word' id='word_1_225' title='bbox 609 2546 705 2584; x_wconf 90' lang='lat' dir='ltr'>ante</span> <span class='ocrx_word' id='word_1_226' title='bbox 723 2543 949 2584; x_wconf 90' lang='lat' dir='ltr'>Dominum</span> <span class='ocrx_word' id='word_1_227' title='bbox 970 2546 1163 2585; x_wconf 88' lang='lat' dir='ltr'>nostrum</span> <span class='ocrx_word' id='word_1_228' title='bbox 1182 2545 1249 2586; x_wconf 84' lang='lat' dir='ltr'>Je-</span> 
     </span>
     <span class='ocr_line' id='line_1_35' title="bbox 221 2612 997 2667; baseline 0 -14"><span class='ocrx_word' id='word_1_229' title='bbox 221 2625 318 2653; x_wconf 90' lang='lat' dir='ltr'>sum</span> <span class='ocrx_word' id='word_1_230' title='bbox 337 2612 549 2654; x_wconf 85' lang='lat' dir='ltr'>Christum</span> <span class='ocrx_word' id='word_1_231' title='bbox 568 2614 612 2654; x_wconf 91' lang='lat' dir='ltr'>in</span> <span class='ocrx_word' id='word_1_232' title='bbox 632 2614 816 2656; x_wconf 88' lang='lat' dir='ltr'>adventu</span> <span class='ocrx_word' id='word_1_233' title='bbox 837 2616 872 2667; x_wconf 87' lang='lat' dir='ltr'>ej</span> <span class='ocrx_word' id='word_1_234' title='bbox 881 2616 960 2656; x_wconf 77' lang='lat' dir='ltr'>us?</span> <span class='ocrx_word' id='word_1_235' title='bbox 979 2630 997 2653; x_wconf 87' lang='lat'>»</span> 
     </span>
    </p>

    <p class='ocr_par' dir='ltr' id='par_1_3' title="bbox 219 2685 1252 3095">
     <span class='ocr_line' id='line_1_36' title="bbox 274 2685 1252 2738; baseline 0.003 -13"><span class='ocrx_word' id='word_1_236' title='bbox 274 2687 341 2726; x_wconf 71' lang='lat'>45.</span> <span class='ocrx_word' id='word_1_237' title='bbox 367 2685 489 2737; x_wconf 73' lang='lat' dir='ltr'>Quod</span> <span class='ocrx_word' id='word_1_238' title='bbox 508 2687 549 2728; x_wconf 83' lang='lat' dir='ltr'>si</span> <span class='ocrx_word' id='word_1_239' title='bbox 567 2686 731 2729; x_wconf 67' lang='lat' dir='ltr'>dixerit</span> <span class='ocrx_word' id='word_1_240' title='bbox 749 2697 894 2728; x_wconf 78' lang='lat' dir='ltr'>servus</span> <span class='ocrx_word' id='word_1_241' title='bbox 920 2687 1009 2738; x_wconf 76' lang='lat' dir='ltr'>ille,</span> <span class='ocrx_word' id='word_1_242' title='bbox 1032 2690 1110 2729; x_wconf 84' lang='lat' dir='ltr'>etc.</span> <span class='ocrx_word' id='word_1_243' title='bbox 1134 2687 1252 2728; x_wconf 84' lang='lat' dir='ltr'>Post-</span> 
     </span>
     <span class='ocr_line' id='line_1_37' title="bbox 220 2757 1248 2811; baseline 0.004 -16"><span class='ocrx_word' id='word_1_244' title='bbox 220 2767 350 2808; x_wconf 83' lang='lat' dir='ltr'>quam</span> <span class='ocrx_word' id='word_1_245' title='bbox 389 2757 700 2799; x_wconf 89' lang='lat' dir='ltr'>commendavit</span> <span class='ocrx_word' id='word_1_246' title='bbox 744 2758 1020 2810; x_wconf 81' lang='lat' dir='ltr'>praelatorum</span> <span class='ocrx_word' id='word_1_247' title='bbox 1061 2759 1248 2811; x_wconf 81' lang='lat' dir='ltr'>vigilan-</span> 
     </span>
     <span class='ocr_line' id='line_1_38' title="bbox 219 2825 1251 2882; baseline 0.007 -17"><span class='ocrx_word' id='word_1_248' title='bbox 219 2825 322 2866; x_wconf 84' lang='lat' dir='ltr'>tiam</span> <span class='ocrx_word' id='word_1_249' title='bbox 342 2830 382 2868; x_wconf 89' lang='lat' dir='ltr'>et</span> <span class='ocrx_word' id='word_1_250' title='bbox 402 2828 737 2880; x_wconf 77' lang='lat' dir='ltr'>providentiam,</span> <span class='ocrx_word' id='word_1_251' title='bbox 762 2841 837 2870; x_wconf 91' lang='lat' dir='ltr'>seu</span> <span class='ocrx_word' id='word_1_252' title='bbox 858 2842 1005 2870; x_wconf 88' lang='lat' dir='ltr'>curam</span> <span class='ocrx_word' id='word_1_253' title='bbox 1020 2862 1030 2882; x_wconf 86' lang='lat'>‚</span> <span class='ocrx_word' id='word_1_254' title='bbox 1053 2830 1120 2871; x_wconf 87' lang='lat' dir='ltr'>hic</span> <span class='ocrx_word' id='word_1_255' title='bbox 1142 2831 1251 2873; x_wconf 87' lang='lat' dir='ltr'>vitu-</span> 
     </span>
     <span class='ocr_line' id='line_1_39' title="bbox 220 2898 1247 2953; baseline 0.005 -16"><span class='ocrx_word' id='word_1_256' title='bbox 220 2900 340 2949; x_wconf 86' lang='lat' dir='ltr'>perat</span> <span class='ocrx_word' id='word_1_257' title='bbox 371 2898 642 2939; x_wconf 73' lang='lat' dir='ltr'>insolentiam</span> <span class='ocrx_word' id='word_1_258' title='bbox 666 2911 675 2940; x_wconf 91' lang='lat'><strong>:</strong></span> <span class='ocrx_word' id='word_1_259' title='bbox 712 2901 825 2953; x_wconf 88' lang='lat' dir='ltr'>quod</span> <span class='ocrx_word' id='word_1_260' title='bbox 849 2900 1023 2953; x_wconf 87' lang='lat' dir='ltr'>quidem</span> <span class='ocrx_word' id='word_1_261' title='bbox 1052 2902 1147 2942; x_wconf 83' lang='lat' dir='ltr'>facit</span> <span class='ocrx_word' id='word_1_262' title='bbox 1180 2915 1247 2942; x_wconf 91' lang='lat' dir='ltr'>ar-</span> 
     </span>
     <span class='ocr_line' id='line_1_40' title="bbox 223 2968 1246 3024; baseline 0.005 -16"><span class='ocrx_word' id='word_1_263' title='bbox 223 2968 393 3019; x_wconf 80' lang='lat' dir='ltr'>guendo</span> <span class='ocrx_word' id='word_1_264' title='bbox 429 2971 722 3012; x_wconf 84' lang='lat' dir='ltr'>enormitatem</span> <span class='ocrx_word' id='word_1_265' title='bbox 760 2972 939 3024; x_wconf 77' lang='lat' dir='ltr'>peccati,</span> <span class='ocrx_word' id='word_1_266' title='bbox 988 2975 1028 3013; x_wconf 89' lang='lat' dir='ltr'>et</span> <span class='ocrx_word' id='word_1_267' title='bbox 1070 2973 1246 3015; x_wconf 89' lang='lat' dir='ltr'>commi-</span> 
     </span>
     <span class='ocr_line' id='line_1_41' title="bbox 221 3039 822 3095; baseline 0.01 -17"><span class='ocrx_word' id='word_1_268' title='bbox 221 3039 361 3080; x_wconf 87' lang='lat' dir='ltr'>nando</span> <span class='ocrx_word' id='word_1_269' title='bbox 379 3042 643 3083; x_wconf 85' lang='lat' dir='ltr'>severitatem</span> <span class='ocrx_word' id='word_1_270' title='bbox 659 3043 822 3095; x_wconf 73' lang='lat' dir='ltr'>JudicIi.</span> 
     </span>
    </p>

    <p class='ocr_par' dir='ltr' id='par_1_4' title="bbox 220 3110 1250 3309">
     <span class='ocr_line' id='line_1_42' title="bbox 275 3110 1248 3168; baseline 0.006 -17"><span class='ocrx_word' id='word_1_271' title='bbox 275 3110 418 3152; x_wconf 89' lang='lat' dir='ltr'>Primo</span> <span class='ocrx_word' id='word_1_272' title='bbox 446 3125 575 3165; x_wconf 78' lang='lat' dir='ltr'>ergo,</span> <span class='ocrx_word' id='word_1_273' title='bbox 609 3117 815 3167; x_wconf 86' lang='lat' dir='ltr'>quantum</span> <span class='ocrx_word' id='word_1_274' title='bbox 836 3116 888 3156; x_wconf 86' lang='lat' dir='ltr'>ad</span> <span class='ocrx_word' id='word_1_275' title='bbox 919 3115 1248 3168; x_wconf 87' lang='lat' dir='ltr'>increpationem</span> 
     </span>
     <span class='ocr_line' id='line_1_43' title="bbox 221 3182 1250 3238; baseline 0.009 -17"><span class='ocrx_word' id='word_1_276' title='bbox 221 3182 481 3223; x_wconf 85' lang='lat' dir='ltr'>enormitatis</span> <span class='ocrx_word' id='word_1_277' title='bbox 511 3186 688 3237; x_wconf 83' lang='lat' dir='ltr'>peccati,</span> <span class='ocrx_word' id='word_1_278' title='bbox 719 3186 775 3226; x_wconf 88' lang='lat' dir='ltr'>ait</span> <span class='ocrx_word' id='word_1_279' title='bbox 807 3201 814 3225; x_wconf 93' lang='lat'>:</span> <span class='ocrx_word' id='word_1_280' title='bbox 860 3186 983 3238; x_wconf 76' lang='lat' dir='ltr'>Quod</span> <span class='ocrx_word' id='word_1_281' title='bbox 1014 3187 1055 3228; x_wconf 79' lang='lat' dir='ltr'>si</span> <span class='ocrx_word' id='word_1_282' title='bbox 1085 3186 1250 3230; x_wconf 64' lang='lat' dir='ltr'>discent</span> 
     </span>
     <span class='ocr_line' id='line_1_44' title="bbox 220 3253 1248 3309; baseline 0.006 -14"><span class='ocrx_word' id='word_1_283' title='bbox 220 3263 366 3296; x_wconf 80' lang='lat' dir='ltr'>servus</span> <span class='ocrx_word' id='word_1_284' title='bbox 383 3253 452 3296; x_wconf 82' lang='lat' dir='ltr'>ille</span> <span class='ocrx_word' id='word_1_285' title='bbox 472 3255 521 3296; x_wconf 81' lang='lat' dir='ltr'>in</span> <span class='ocrx_word' id='word_1_286' title='bbox 540 3255 661 3298; x_wconf 79' lang='lat' dir='ltr'>corde</span> <span class='ocrx_word' id='word_1_287' title='bbox 678 3266 753 3299; x_wconf 82' lang='lat' dir='ltr'>suo</span> <span class='ocrx_word' id='word_1_288' title='bbox 769 3269 783 3297; x_wconf 89' lang='lat'><em>:</em></span> <span class='ocrx_word' id='word_1_289' title='bbox 801 3256 964 3299; x_wconf 81' lang='lat' dir='ltr'>Moram</span> <span class='ocrx_word' id='word_1_290' title='bbox 982 3257 1087 3309; x_wconf 75' lang='lat' dir='ltr'>facit</span> <span class='ocrx_word' id='word_1_291' title='bbox 1100 3259 1248 3301; x_wconf 85' lang='lat' dir='ltr'>Domi-</span> 
     </span>
    </p>
   </div>
   <div class='ocr_carea' id='block_1_3' title="bbox 220 3383 1246 3524">
    <p class='ocr_par' dir='ltr' id='par_1_5' title="bbox 220 3383 1246 3524">
     <span class='ocr_line' id='line_1_45' title="bbox 220 3383 1246 3430; baseline 0.008 -17"><span class='ocrx_word' id='word_1_292' title='bbox 220 3390 226 3391; x_wconf 57' lang='grc'><em>’</em></span> <span class='ocrx_word' id='word_1_293' title='bbox 265 3384 272 3401; x_wconf 87' lang='lat'>¹</span> <span class='ocrx_word' id='word_1_294' title='bbox 294 3383 425 3422; x_wconf 62' lang='lat' dir='ltr'>Malta„</span> <span class='ocrx_word' id='word_1_295' title='bbox 449 3391 528 3424; x_wconf 80' lang='lat' dir='ltr'>xxv,</span> <span class='ocrx_word' id='word_1_296' title='bbox 550 3387 600 3425; x_wconf 77' lang='lat'>21,</span> <span class='ocrx_word' id='word_1_297' title='bbox 618 3388 669 3417; x_wconf 78' lang='lat'>23.</span> <span class='ocrx_word' id='word_1_298' title='bbox 689 3404 724 3409; x_wconf 85' lang='lat'><em>-</em></span> <span class='ocrx_word' id='word_1_299' title='bbox 743 3388 756 3409; x_wconf 80' lang='lat'><em>2</em></span> <span class='ocrx_word' id='word_1_300' title='bbox 778 3389 786 3419; x_wconf 91' lang='grc' dir='ltr'>Ι</span> <span class='ocrx_word' id='word_1_301' title='bbox 810 3388 911 3429; x_wconf 64' lang='lat' dir='ltr'>Peion,</span> <span class='ocrx_word' id='word_1_302' title='bbox 932 3396 979 3429; x_wconf 86' lang='lat' dir='ltr'>1v,</span> <span class='ocrx_word' id='word_1_303' title='bbox 1001 3391 1050 3420; x_wconf 87' lang='lat'>10.</span> <span class='ocrx_word' id='word_1_304' title='bbox 1069 3406 1108 3411; x_wconf 95' lang='lat'><strong>—</strong></span> <span class='ocrx_word' id='word_1_305' title='bbox 1124 3388 1246 3430; x_wconf 78' lang='lat' dir='ltr'>3lbid.,</span> 
     </span>
     <span class='ocr_line' id='line_1_46' title="bbox 220 3431 1246 3477; baseline 0.008 -17"><span class='ocrx_word' id='word_1_306' title='bbox 220 3437 254 3469; x_wconf 81' lang='lat' dir='ltr'>V,</span> <span class='ocrx_word' id='word_1_307' title='bbox 285 3432 322 3469; x_wconf 84' lang='lat'>2,</span> <span class='ocrx_word' id='word_1_308' title='bbox 347 3431 378 3461; x_wconf 83' lang='lat'>4.</span> <span class='ocrx_word' id='word_1_309' title='bbox 398 3447 439 3454; x_wconf 95' lang='lat'>—</span> <span class='ocrx_word' id='word_1_310' title='bbox 470 3431 483 3453; x_wconf 64' lang='lat'>¹*</span> <span class='ocrx_word' id='word_1_311' title='bbox 503 3433 574 3463; x_wconf 90' lang='lat' dir='ltr'>Imo</span> <span class='ocrx_word' id='word_1_312' title='bbox 599 3434 714 3465; x_wconf 85' lang='lat' dir='ltr'>auctor</span> <span class='ocrx_word' id='word_1_313' title='bbox 745 3436 845 3476; x_wconf 85' lang='lat' dir='ltr'>Oper.</span> <span class='ocrx_word' id='word_1_314' title='bbox 880 3435 1012 3477; x_wconf 81' lang='lat' dir='ltr'>imperf.</span> <span class='ocrx_word' id='word_1_315' title='bbox 1049 3437 1083 3467; x_wconf 80' lang='lat' dir='ltr'>in</span> <span class='ocrx_word' id='word_1_316' title='bbox 1113 3437 1246 3476; x_wconf 66' lang='lat' dir='ltr'>Mami„</span> 
     </span>
     <span class='ocr_line' id='line_1_47' title="bbox 221 3476 1245 3524; baseline 0.008 -16"><span class='ocrx_word' id='word_1_317' title='bbox 221 3486 251 3508; x_wconf 83' lang='lat' dir='ltr'>c.</span> <span class='ocrx_word' id='word_1_318' title='bbox 272 3484 344 3517; x_wconf 81' lang='lat' dir='ltr'>xiv,</span> <span class='ocrx_word' id='word_1_319' title='bbox 361 3476 453 3510; x_wconf 86' lang='lat' dir='ltr'>hom.</span> <span class='ocrx_word' id='word_1_320' title='bbox 474 3487 521 3511; x_wconf 84' lang='lat' dir='ltr'>LI.</span> <span class='ocrx_word' id='word_1_321' title='bbox 541 3497 581 3503; x_wconf 91' lang='lat'>—</span> <span class='ocrx_word' id='word_1_322' title='bbox 603 3480 615 3498; x_wconf 79' lang='lat'>⁵</span> <span class='ocrx_word' id='word_1_323' title='bbox 636 3482 642 3511; x_wconf 74' lang='lat' dir='ltr'>l</span> <span class='ocrx_word' id='word_1_324' title='bbox 668 3480 786 3523; x_wconf 61' lang='lat' dir='ltr'>Thess„</span> <span class='ocrx_word' id='word_1_325' title='bbox 807 3490 845 3523; x_wconf 90' lang='lat'>11,</span> <span class='ocrx_word' id='word_1_326' title='bbox 869 3484 919 3515; x_wconf 81' lang='lat'>19.</span> <span class='ocrx_word' id='word_1_327' title='bbox 936 3500 976 3507; x_wconf 94' lang='lat'>—</span> <span class='ocrx_word' id='word_1_328' title='bbox 998 3485 1009 3503; x_wconf 79' lang='lat'><strong>⁶</strong></span> <span class='ocrx_word' id='word_1_329' title='bbox 1031 3483 1161 3522; x_wconf 66' lang='lat' dir='ltr'>Ezech„</span> <span class='ocrx_word' id='word_1_330' title='bbox 1182 3491 1245 3524; x_wconf 76' lang='lat' dir='ltr'>xii,</span> 
     </span>
    </p>
   </div>
   <div class='ocr_carea' id='block_1_4' title="bbox 1324 274 2359 3237">
    <p class='ocr_par' dir='ltr' id='par_1_6' title="bbox 1324 274 2359 3237">
     <span class='ocr_line' id='line_1_48' title="bbox 1325 274 2349 327; baseline 0.004 -13"><span class='ocrx_word' id='word_1_331' title='bbox 1325 283 1406 315; x_wconf 82' lang='lat' dir='ltr'>nas</span> <span class='ocrx_word' id='word_1_332' title='bbox 1424 282 1541 315; x_wconf 80' lang='lat' dir='ltr'>meus</span> <span class='ocrx_word' id='word_1_333' title='bbox 1559 274 1704 316; x_wconf 78' lang='lat' dir='ltr'>venire</span> <span class='ocrx_word' id='word_1_334' title='bbox 1724 287 1738 313; x_wconf 90' lang='lat'><em>:</em></span> <span class='ocrx_word' id='word_1_335' title='bbox 1759 274 1926 316; x_wconf 86' lang='lat' dir='ltr'>Glossa:</span> <span class='ocrx_word' id='word_1_336' title='bbox 1966 289 1985 314; x_wconf 83' lang='lat'>«</span> <span class='ocrx_word' id='word_1_337' title='bbox 2007 275 2052 316; x_wconf 85' lang='lat' dir='ltr'>Id</span> <span class='ocrx_word' id='word_1_338' title='bbox 2071 278 2150 327; x_wconf 86' lang='lat' dir='ltr'>est,</span> <span class='ocrx_word' id='word_1_339' title='bbox 2174 277 2208 317; x_wconf 88' lang='lat' dir='ltr'>si</span> <span class='ocrx_word' id='word_1_340' title='bbox 2228 277 2349 319; x_wconf 87' lang='lat' dir='ltr'>dissi-</span> 
     </span>
     <span class='ocr_line' id='line_1_49' title="bbox 1325 344 2348 401; baseline 0.005 -17"><span class='ocrx_word' id='word_1_341' title='bbox 1325 344 1550 386; x_wconf 87' lang='lat' dir='ltr'>mulaverit</span> <span class='ocrx_word' id='word_1_342' title='bbox 1567 345 1778 397; x_wconf 86' lang='lat' dir='ltr'>judicium</span> <span class='ocrx_word' id='word_1_343' title='bbox 1805 345 1851 386; x_wconf 89' lang='lat' dir='ltr'>in</span> <span class='ocrx_word' id='word_1_344' title='bbox 1874 346 2069 398; x_wconf 81' lang='lat' dir='ltr'>proximo</span> <span class='ocrx_word' id='word_1_345' title='bbox 2098 349 2348 401; x_wconf 79' lang='lat' dir='ltr'>venturum,</span> 
     </span>
     <span class='ocr_line' id='line_1_50' title="bbox 1326 415 2352 469; baseline 0.006 -14"><span class='ocrx_word' id='word_1_346' title='bbox 1326 415 1591 456; x_wconf 81' lang='lat' dir='ltr'>securitatem</span> <span class='ocrx_word' id='word_1_347' title='bbox 1604 416 1682 455; x_wconf 90' lang='lat' dir='ltr'>sibi</span> <span class='ocrx_word' id='word_1_348' title='bbox 1697 417 1961 469; x_wconf 78' lang='lat' dir='ltr'>promittens,</span> <span class='ocrx_word' id='word_1_349' title='bbox 1972 431 1990 454; x_wconf 66' lang='lat' dir='ltr'><strong>n</strong></span> <span class='ocrx_word' id='word_1_350' title='bbox 2008 418 2238 458; x_wconf 86' lang='lat' dir='ltr'>secundum</span> <span class='ocrx_word' id='word_1_351' title='bbox 2250 420 2352 461; x_wconf 91' lang='lat' dir='ltr'>illud</span> 
     </span>
     <span class='ocr_line' id='line_1_51' title="bbox 1327 485 2352 540; baseline 0.003 -13"><span class='ocrx_word' id='word_1_352' title='bbox 1327 485 1564 528; x_wconf 73' lang='lat' dir='ltr'>Ezechielis</span> <span class='ocrx_word' id='word_1_353' title='bbox 1584 491 1597 512; x_wconf 76' lang='lat'><strong>⁶</strong></span> <span class='ocrx_word' id='word_1_354' title='bbox 1620 499 1630 526; x_wconf 90' lang='lat'>:</span> <span class='ocrx_word' id='word_1_355' title='bbox 1658 487 1814 536; x_wconf 82' lang='lat' dir='ltr'>«Quod</span> <span class='ocrx_word' id='word_1_356' title='bbox 1845 490 1907 528; x_wconf 91' lang='lat' dir='ltr'>est</span> <span class='ocrx_word' id='word_1_357' title='bbox 1938 488 2213 540; x_wconf 89' lang='lat' dir='ltr'>proverbium</span> <span class='ocrx_word' id='word_1_358' title='bbox 2243 489 2352 530; x_wconf 86' lang='lat' dir='ltr'>istud</span> 
     </span>
     <span class='ocr_line' id='line_1_52' title="bbox 1326 557 2352 610; baseline 0.001 -12"><span class='ocrx_word' id='word_1_359' title='bbox 1326 557 1446 598; x_wconf 88' lang='lat' dir='ltr'>vobis</span> <span class='ocrx_word' id='word_1_360' title='bbox 1471 557 1515 597; x_wconf 90' lang='lat' dir='ltr'>in</span> <span class='ocrx_word' id='word_1_361' title='bbox 1533 560 1644 598; x_wconf 88' lang='lat' dir='ltr'>terra</span> <span class='ocrx_word' id='word_1_362' title='bbox 1665 558 1790 599; x_wconf 89' lang='lat' dir='ltr'>[srael</span> <span class='ocrx_word' id='word_1_363' title='bbox 1814 559 2044 599; x_wconf 89' lang='lat' dir='ltr'>dicentium</span> <span class='ocrx_word' id='word_1_364' title='bbox 2065 573 2073 599; x_wconf 76' lang='grc' dir='ltr'>ε</span> <span class='ocrx_word' id='word_1_365' title='bbox 2105 558 2151 598; x_wconf 84' lang='lat' dir='ltr'>In</span> <span class='ocrx_word' id='word_1_366' title='bbox 2170 559 2352 610; x_wconf 82' lang='lat' dir='ltr'>longum</span> 
     </span>
     <span class='ocr_line' id='line_1_53' title="bbox 1327 623 2354 679; baseline 0.005 -16"><span class='ocrx_word' id='word_1_367' title='bbox 1327 623 1575 665; x_wconf 83' lang='lat' dir='ltr'>differentur</span> <span class='ocrx_word' id='word_1_368' title='bbox 1594 625 1695 676; x_wconf 87' lang='lat' dir='ltr'>dies,</span> <span class='ocrx_word' id='word_1_369' title='bbox 1718 628 1758 666; x_wconf 89' lang='lat' dir='ltr'>et</span> <span class='ocrx_word' id='word_1_370' title='bbox 1777 627 1930 679; x_wconf 87' lang='lat' dir='ltr'>peribit</span> <span class='ocrx_word' id='word_1_371' title='bbox 1948 627 2085 667; x_wconf 90' lang='lat' dir='ltr'>omnis</span> <span class='ocrx_word' id='word_1_372' title='bbox 2103 626 2238 668; x_wconf 79' lang='lat' dir='ltr'>visio?</span> <span class='ocrx_word' id='word_1_373' title='bbox 2258 642 2277 664; x_wconf 76' lang='lat' dir='ltr'>n</span> <span class='ocrx_word' id='word_1_374' title='bbox 2304 626 2354 667; x_wconf 87' lang='lat' dir='ltr'>Et</span> 
     </span>
     <span class='ocr_line' id='line_1_54' title="bbox 1326 694 2354 740; baseline 0.004 -6"><span class='ocrx_word' id='word_1_375' title='bbox 1326 694 1475 735; x_wconf 87' lang='lat' dir='ltr'>Petrus</span> <span class='ocrx_word' id='word_1_376' title='bbox 1494 695 1508 717; x_wconf 83' lang='lat'>⁷</span> <span class='ocrx_word' id='word_1_377' title='bbox 1531 710 1540 735; x_wconf 89' lang='lat'>:</span> <span class='ocrx_word' id='word_1_378' title='bbox 1570 710 1588 734; x_wconf 89' lang='lat'>«</span> <span class='ocrx_word' id='word_1_379' title='bbox 1609 695 1787 737; x_wconf 87' lang='lat' dir='ltr'>Venient</span> <span class='ocrx_word' id='word_1_380' title='bbox 1805 697 1849 737; x_wconf 88' lang='lat' dir='ltr'>in</span> <span class='ocrx_word' id='word_1_381' title='bbox 1879 697 2122 740; x_wconf 88' lang='lat' dir='ltr'>novissimis</span> <span class='ocrx_word' id='word_1_382' title='bbox 2143 697 2290 738; x_wconf 90' lang='lat' dir='ltr'>diebus</span> <span class='ocrx_word' id='word_1_383' title='bbox 2309 698 2354 738; x_wconf 90' lang='lat' dir='ltr'>in</span> 
     </span>
     <span class='ocr_line' id='line_1_55' title="bbox 1327 765 2352 821; baseline 0.004 -16"><span class='ocrx_word' id='word_1_384' title='bbox 1327 765 1570 818; x_wconf 81' lang='lat' dir='ltr'>deceptione</span> <span class='ocrx_word' id='word_1_385' title='bbox 1593 766 1809 817; x_wconf 79' lang='lat' dir='ltr'>illusores,</span> <span class='ocrx_word' id='word_1_386' title='bbox 1828 769 1953 820; x_wconf 79' lang='lat' dir='ltr'>juxta</span> <span class='ocrx_word' id='word_1_387' title='bbox 1978 768 2170 821; x_wconf 87' lang='lat' dir='ltr'>proprias</span> <span class='ocrx_word' id='word_1_388' title='bbox 2197 781 2352 809; x_wconf 88' lang='lat' dir='ltr'>concu-</span> 
     </span>
     <span class='ocr_line' id='line_1_56' title="bbox 1327 837 2354 890; baseline 0.005 -14"><span class='ocrx_word' id='word_1_389' title='bbox 1327 837 1550 889; x_wconf 85' lang='lat' dir='ltr'>piscentias</span> <span class='ocrx_word' id='word_1_390' title='bbox 1585 839 1874 890; x_wconf 84' lang='lat' dir='ltr'>ambulantes,</span> <span class='ocrx_word' id='word_1_391' title='bbox 1905 840 2088 880; x_wconf 89' lang='lat' dir='ltr'>dicentes</span> <span class='ocrx_word' id='word_1_392' title='bbox 2125 854 2134 880; x_wconf 92' lang='lat'>:</span> <span class='ocrx_word' id='word_1_393' title='bbox 2177 839 2255 880; x_wconf 88' lang='lat' dir='ltr'>Ubi</span> <span class='ocrx_word' id='word_1_394' title='bbox 2293 842 2354 881; x_wconf 89' lang='lat' dir='ltr'>est</span> 
     </span>
     <span class='ocr_line' id='line_1_57' title="bbox 1326 908 2354 964; baseline 0.004 -17"><span class='ocrx_word' id='word_1_395' title='bbox 1326 908 1548 961; x_wconf 85' lang='lat' dir='ltr'>promissio</span> <span class='ocrx_word' id='word_1_396' title='bbox 1567 912 1640 950; x_wconf 88' lang='lat' dir='ltr'>aut</span> <span class='ocrx_word' id='word_1_397' title='bbox 1665 909 1871 952; x_wconf 88' lang='lat' dir='ltr'>adventus</span> <span class='ocrx_word' id='word_1_398' title='bbox 1890 911 1982 962; x_wconf 72' lang='lat' dir='ltr'>eJus</span> <span class='ocrx_word' id='word_1_399' title='bbox 1995 911 2015 950; x_wconf 70' lang='lat'>‘2</span> <span class='ocrx_word' id='word_1_400' title='bbox 2033 910 2096 951; x_wconf 82' lang='lat' dir='ltr'>Ex</span> <span class='ocrx_word' id='word_1_401' title='bbox 2112 923 2196 964; x_wconf 81' lang='lat' dir='ltr'>quo</span> <span class='ocrx_word' id='word_1_402' title='bbox 2215 913 2354 964; x_wconf 88' lang='lat' dir='ltr'>patres</span> 
     </span>
     <span class='ocr_line' id='line_1_58' title="bbox 1327 979 2352 1034; baseline 0.005 -16"><span class='ocrx_word' id='word_1_403' title='bbox 1327 979 1610 1031; x_wconf 88' lang='lat' dir='ltr'>dormierunt,</span> <span class='ocrx_word' id='word_1_404' title='bbox 1627 981 1770 1021; x_wconf 88' lang='lat' dir='ltr'>omnia</span> <span class='ocrx_word' id='word_1_405' title='bbox 1790 982 1849 1021; x_wconf 90' lang='lat' dir='ltr'>sic</span> <span class='ocrx_word' id='word_1_406' title='bbox 1868 984 2139 1034; x_wconf 82' lang='lat' dir='ltr'>perseverant</span> <span class='ocrx_word' id='word_1_407' title='bbox 2159 981 2212 1022; x_wconf 84' lang='lat' dir='ltr'>ab</span> <span class='ocrx_word' id='word_1_408' title='bbox 2231 981 2352 1023; x_wconf 89' lang='lat' dir='ltr'>initio</span> 
     </span>
     <span class='ocr_line' id='line_1_59' title="bbox 1328 1051 2355 1106; baseline 0.006 -18"><span class='ocrx_word' id='word_1_409' title='bbox 1328 1052 1546 1090; x_wconf 85' lang='lat' dir='ltr'>creaturae.</span> <span class='ocrx_word' id='word_1_410' title='bbox 1569 1065 1588 1088; x_wconf 85' lang='grc'>))</span> <span class='ocrx_word' id='word_1_411' title='bbox 1614 1051 1665 1092; x_wconf 88' lang='lat' dir='ltr'>Et</span> <span class='ocrx_word' id='word_1_412' title='bbox 1684 1053 1886 1104; x_wconf 86' lang='lat' dir='ltr'>quoniam</span> <span class='ocrx_word' id='word_1_413' title='bbox 1911 1051 2004 1092; x_wconf 86' lang='lat' dir='ltr'>talis</span> <span class='ocrx_word' id='word_1_414' title='bbox 2023 1052 2223 1104; x_wconf 78' lang='lat' dir='ltr'>cogitatio</span> <span class='ocrx_word' id='word_1_415' title='bbox 2244 1053 2355 1106; x_wconf 88' lang='lat' dir='ltr'>parit</span> 
     </span>
     <span class='ocr_line' id='line_1_60' title="bbox 1327 1121 2354 1176; baseline 0.005 -16"><span class='ocrx_word' id='word_1_416' title='bbox 1327 1121 1614 1173; x_wconf 87' lang='lat' dir='ltr'>securitatem,</span> <span class='ocrx_word' id='word_1_417' title='bbox 1646 1124 1686 1162; x_wconf 86' lang='lat' dir='ltr'>et</span> <span class='ocrx_word' id='word_1_418' title='bbox 1718 1123 1920 1164; x_wconf 87' lang='lat' dir='ltr'>securitas</span> <span class='ocrx_word' id='word_1_419' title='bbox 1955 1126 2245 1176; x_wconf 90' lang='lat' dir='ltr'>contemptum</span> <span class='ocrx_word' id='word_1_420' title='bbox 2268 1156 2280 1174; x_wconf 86' lang='lat'><strong><em>,</em></strong></span> <span class='ocrx_word' id='word_1_421' title='bbox 2314 1126 2354 1165; x_wconf 88' lang='lat' dir='ltr'>et</span> 
     </span>
     <span class='ocr_line' id='line_1_61' title="bbox 1327 1193 2355 1246; baseline 0.005 -15"><span class='ocrx_word' id='word_1_422' title='bbox 1327 1194 1591 1245; x_wconf 83' lang='lat' dir='ltr'>contemptus</span> <span class='ocrx_word' id='word_1_423' title='bbox 1628 1193 1925 1246; x_wconf 85' lang='lat' dir='ltr'>iniquitatem;</span> <span class='ocrx_word' id='word_1_424' title='bbox 1961 1194 2054 1235; x_wconf 90' lang='lat' dir='ltr'>ideo</span> <span class='ocrx_word' id='word_1_425' title='bbox 2090 1195 2265 1235; x_wconf 89' lang='lat' dir='ltr'>subdit:</span> <span class='ocrx_word' id='word_1_426' title='bbox 2301 1196 2355 1237; x_wconf 79' lang='lat' dir='ltr'>Et</span> 
     </span>
     <span class='ocr_line' id='line_1_62' title="bbox 1327 1264 2354 1317; baseline 0.003 -13"><span class='ocrx_word' id='word_1_427' title='bbox 1327 1264 1492 1315; x_wconf 78' lang='lat' dir='ltr'>coeperit</span> <span class='ocrx_word' id='word_1_428' title='bbox 1511 1268 1724 1316; x_wconf 74' lang='lat' dir='ltr'>percutere</span> <span class='ocrx_word' id='word_1_429' title='bbox 1751 1275 1892 1308; x_wconf 78' lang='lat' dir='ltr'>servos</span> <span class='ocrx_word' id='word_1_430' title='bbox 1915 1268 1951 1308; x_wconf 78' lang='lat' dir='ltr'>ci</span> <span class='ocrx_word' id='word_1_431' title='bbox 1978 1266 2178 1317; x_wconf 76' lang='lat' dir='ltr'>ancillas,</span> <span class='ocrx_word' id='word_1_432' title='bbox 2199 1266 2354 1307; x_wconf 87' lang='lat' dir='ltr'>scilicet</span> 
     </span>
     <span class='ocr_line' id='line_1_63' title="bbox 1326 1336 2355 1388; baseline 0.005 -14"><span class='ocrx_word' id='word_1_433' title='bbox 1326 1336 1525 1388; x_wconf 83' lang='lat' dir='ltr'>parvulos</span> <span class='ocrx_word' id='word_1_434' title='bbox 1544 1337 1884 1388; x_wconf 77' lang='lat' dir='ltr'>scandalizando,</span> <span class='ocrx_word' id='word_1_435' title='bbox 1907 1350 2004 1379; x_wconf 89' lang='lat' dir='ltr'>cum</span> <span class='ocrx_word' id='word_1_436' title='bbox 2024 1339 2167 1378; x_wconf 90' lang='lat' dir='ltr'>tamen</span> <span class='ocrx_word' id='word_1_437' title='bbox 2186 1338 2355 1379; x_wconf 87' lang='lat' dir='ltr'>deberet</span> 
     </span>
     <span class='ocr_line' id='line_1_64' title="bbox 1326 1407 2353 1463; baseline 0.004 -17"><span class='ocrx_word' id='word_1_438' title='bbox 1326 1407 1468 1447; x_wconf 82' lang='lat' dir='ltr'>fovere</span> <span class='ocrx_word' id='word_1_439' title='bbox 1514 1408 1643 1448; x_wconf 89' lang='lat' dir='ltr'>verbo</span> <span class='ocrx_word' id='word_1_440' title='bbox 1692 1410 1733 1448; x_wconf 90' lang='lat' dir='ltr'>et</span> <span class='ocrx_word' id='word_1_441' title='bbox 1771 1409 1979 1462; x_wconf 80' lang='lat' dir='ltr'>exemplo.</span> <span class='ocrx_word' id='word_1_442' title='bbox 2030 1409 2206 1462; x_wconf 87' lang='lat' dir='ltr'>Propter</span> <span class='ocrx_word' id='word_1_443' title='bbox 2242 1410 2353 1463; x_wconf 90' lang='lat' dir='ltr'>quod</span> 
     </span>
     <span class='ocr_line' id='line_1_65' title="bbox 1327 1478 2352 1533; baseline 0.003 -15"><span class='ocrx_word' id='word_1_444' title='bbox 1327 1478 1467 1519; x_wconf 80' lang='lat' dir='ltr'>Isaias</span> <span class='ocrx_word' id='word_1_445' title='bbox 1485 1478 1525 1518; x_wconf 74' lang='lat'>⁸:</span> <span class='ocrx_word' id='word_1_446' title='bbox 1556 1478 1730 1527; x_wconf 81' lang='lat' dir='ltr'>«Quare</span> <span class='ocrx_word' id='word_1_447' title='bbox 1750 1480 1925 1520; x_wconf 84' lang='lat' dir='ltr'>atteritis</span> <span class='ocrx_word' id='word_1_448' title='bbox 1950 1480 2157 1533; x_wconf 87' lang='lat' dir='ltr'>populum</span> <span class='ocrx_word' id='word_1_449' title='bbox 2183 1493 2352 1528; x_wconf 75' lang='lat' dir='ltr'>meum,</span> 
     </span>
     <span class='ocr_line' id='line_1_66' title="bbox 1327 1548 2358 1602; baseline 0.004 -14"><span class='ocrx_word' id='word_1_450' title='bbox 1327 1550 1367 1588; x_wconf 89' lang='lat' dir='ltr'>et</span> <span class='ocrx_word' id='word_1_451' title='bbox 1383 1548 1507 1589; x_wconf 83' lang='lat' dir='ltr'>facies</span> <span class='ocrx_word' id='word_1_452' title='bbox 1526 1561 1764 1602; x_wconf 83' lang='lat' dir='ltr'>pauperum</span> <span class='ocrx_word' id='word_1_453' title='bbox 1785 1551 2035 1591; x_wconf 84' lang='lat' dir='ltr'>commolitis</span> <span class='ocrx_word' id='word_1_454' title='bbox 2049 1553 2068 1591; x_wconf 70' lang='grc' dir='ltr'>ἶ)</span> <span class='ocrx_word' id='word_1_455' title='bbox 2088 1566 2107 1589; x_wconf 71' lang='lat' dir='ltr'>n</span> <span class='ocrx_word' id='word_1_456' title='bbox 2129 1551 2180 1592; x_wconf 86' lang='lat' dir='ltr'>Et</span> <span class='ocrx_word' id='word_1_457' title='bbox 2198 1551 2277 1592; x_wconf 91' lang='lat' dir='ltr'>hoc</span> <span class='ocrx_word' id='word_1_458' title='bbox 2297 1553 2358 1592; x_wconf 89' lang='lat' dir='ltr'>est</span> 
     </span>
     <span class='ocr_line' id='line_1_67' title="bbox 1329 1622 2354 1673; baseline 0.003 -14"><span class='ocrx_word' id='word_1_459' title='bbox 1329 1631 1461 1670; x_wconf 82' lang='lat' dir='ltr'>grave</span> <span class='ocrx_word' id='word_1_460' title='bbox 1492 1622 1711 1672; x_wconf 87' lang='lat' dir='ltr'>peccatum</span> <span class='ocrx_word' id='word_1_461' title='bbox 1732 1624 1745 1645; x_wconf 87' lang='lat'><strong>⁹</strong></span> <span class='ocrx_word' id='word_1_462' title='bbox 1769 1635 1777 1662; x_wconf 89' lang='lat'>:</span> <span class='ocrx_word' id='word_1_463' title='bbox 1806 1636 1825 1659; x_wconf 88' lang='lat'>«</span> <span class='ocrx_word' id='word_1_464' title='bbox 1853 1624 2072 1662; x_wconf 90' lang='lat' dir='ltr'>Peccantes</span> <span class='ocrx_word' id='word_1_465' title='bbox 2104 1622 2148 1662; x_wconf 90' lang='lat' dir='ltr'>iu</span> <span class='ocrx_word' id='word_1_466' title='bbox 2179 1622 2354 1673; x_wconf 83' lang='lat' dir='ltr'>fratres,</span> 
     </span>
     <span class='ocr_line' id='line_1_68' title="bbox 1327 1692 2355 1743; baseline 0.003 -12"><span class='ocrx_word' id='word_1_467' title='bbox 1327 1694 1367 1732; x_wconf 91' lang='lat' dir='ltr'>et</span> <span class='ocrx_word' id='word_1_468' title='bbox 1401 1692 1680 1743; x_wconf 87' lang='lat' dir='ltr'>percutientes</span> <span class='ocrx_word' id='word_1_469' title='bbox 1707 1692 2006 1733; x_wconf 85' lang='lat' dir='ltr'>conscientiam</span> <span class='ocrx_word' id='word_1_470' title='bbox 2045 1705 2196 1734; x_wconf 90' lang='lat' dir='ltr'>eorum</span> <span class='ocrx_word' id='word_1_471' title='bbox 2234 1694 2355 1734; x_wconf 85' lang='lat' dir='ltr'>infir-</span> 
     </span>
     <span class='ocr_line' id='line_1_69' title="bbox 1327 1762 2357 1816; baseline 0.004 -15"><span class='ocrx_word' id='word_1_472' title='bbox 1327 1774 1464 1813; x_wconf 77' lang='lat' dir='ltr'>mam,</span> <span class='ocrx_word' id='word_1_473' title='bbox 1487 1762 1532 1802; x_wconf 91' lang='lat' dir='ltr'>in</span> <span class='ocrx_word' id='word_1_474' title='bbox 1564 1762 1776 1803; x_wconf 88' lang='lat' dir='ltr'>Christum</span> <span class='ocrx_word' id='word_1_475' title='bbox 1807 1764 1999 1816; x_wconf 86' lang='lat' dir='ltr'>peccatis.</span> <span class='ocrx_word' id='word_1_476' title='bbox 2035 1778 2054 1801; x_wconf 71' lang='lat' dir='ltr'>n</span> <span class='ocrx_word' id='word_1_477' title='bbox 2091 1764 2141 1804; x_wconf 80' lang='lat' dir='ltr'>Et</span> <span class='ocrx_word' id='word_1_478' title='bbox 2172 1765 2357 1805; x_wconf 76' lang='lat' dir='ltr'>maxime</span> 
     </span>
     <span class='ocr_line' id='line_1_70' title="bbox 1326 1833 2357 1887; baseline 0.003 -14"><span class='ocrx_word' id='word_1_479' title='bbox 1326 1833 1496 1885; x_wconf 79' lang='lat' dir='ltr'>quando</span> <span class='ocrx_word' id='word_1_480' title='bbox 1516 1833 1560 1872; x_wconf 91' lang='lat' dir='ltr'>in</span> <span class='ocrx_word' id='word_1_481' title='bbox 1581 1835 1783 1886; x_wconf 83' lang='lat' dir='ltr'>parvulos</span> <span class='ocrx_word' id='word_1_482' title='bbox 1809 1837 1981 1887; x_wconf 88' lang='lat' dir='ltr'>peccant</span> <span class='ocrx_word' id='word_1_483' title='bbox 1998 1834 2025 1857; x_wconf 86' lang='lat'>¹⁰</span> <span class='ocrx_word' id='word_1_484' title='bbox 2048 1847 2057 1875; x_wconf 90' lang='lat'>:</span> <span class='ocrx_word' id='word_1_485' title='bbox 2086 1850 2104 1873; x_wconf 87' lang='lat'>«</span> <span class='ocrx_word' id='word_1_486' title='bbox 2125 1834 2204 1884; x_wconf 83' lang='lat' dir='ltr'>Qui</span> <span class='ocrx_word' id='word_1_487' title='bbox 2234 1847 2357 1876; x_wconf 90' lang='lat' dir='ltr'>scan-</span> 
     </span>
     <span class='ocr_line' id='line_1_71' title="bbox 1325 1904 2359 1959; baseline 0.003 -15"><span class='ocrx_word' id='word_1_488' title='bbox 1325 1904 1567 1945; x_wconf 85' lang='lat' dir='ltr'>dalizaverit</span> <span class='ocrx_word' id='word_1_489' title='bbox 1586 1916 1725 1944; x_wconf 87' lang='lat' dir='ltr'>unum</span> <span class='ocrx_word' id='word_1_490' title='bbox 1755 1905 1806 1945; x_wconf 88' lang='lat' dir='ltr'>de</span> <span class='ocrx_word' id='word_1_491' title='bbox 1835 1905 1996 1958; x_wconf 90' lang='lat' dir='ltr'>pusillis</span> <span class='ocrx_word' id='word_1_492' title='bbox 2021 1906 2111 1946; x_wconf 86' lang='lat' dir='ltr'>istis</span> <span class='ocrx_word' id='word_1_493' title='bbox 2131 1907 2204 1959; x_wconf 81' lang='lat' dir='ltr'>qui</span> <span class='ocrx_word' id='word_1_494' title='bbox 2225 1907 2266 1946; x_wconf 91' lang='lat' dir='ltr'>in</span> <span class='ocrx_word' id='word_1_495' title='bbox 2290 1919 2359 1948; x_wconf 89' lang='lat' dir='ltr'>me</span> 
     </span>
     <span class='ocr_line' id='line_1_72' title="bbox 1326 1976 2358 2031; baseline 0.004 -15"><span class='ocrx_word' id='word_1_496' title='bbox 1326 1976 1520 2026; x_wconf 82' lang='lat' dir='ltr'>credunt,</span> <span class='ocrx_word' id='word_1_497' title='bbox 1544 1976 1710 2028; x_wconf 76' lang='lat' dir='ltr'>expedit</span> <span class='ocrx_word' id='word_1_498' title='bbox 1737 1977 1795 2027; x_wconf 80' lang='lat' dir='ltr'>ei,</span> <span class='ocrx_word' id='word_1_499' title='bbox 1818 1991 1838 2014; x_wconf 82' lang='lat'>›)</span> <span class='ocrx_word' id='word_1_500' title='bbox 1870 1980 1947 2018; x_wconf 91' lang='lat' dir='ltr'>etc.</span> <span class='ocrx_word' id='word_1_501' title='bbox 1968 1977 2019 2018; x_wconf 85' lang='lat' dir='ltr'>Et</span> <span class='ocrx_word' id='word_1_502' title='bbox 2046 1978 2145 2031; x_wconf 82' lang='lat' dir='ltr'>quia</span> <span class='ocrx_word' id='word_1_503' title='bbox 2169 1979 2358 2031; x_wconf 87' lang='lat' dir='ltr'>perfidiae</span> 
     </span>
     <span class='ocr_line' id='line_1_73' title="bbox 1327 2048 2358 2100; baseline 0.006 -14"><span class='ocrx_word' id='word_1_504' title='bbox 1327 2050 1462 2087; x_wconf 84' lang='lat' dir='ltr'>mater</span> <span class='ocrx_word' id='word_1_505' title='bbox 1492 2049 1553 2087; x_wconf 89' lang='lat' dir='ltr'>est</span> <span class='ocrx_word' id='word_1_506' title='bbox 1589 2048 1928 2100; x_wconf 87' lang='lat' dir='ltr'>concupiscentia</span> <span class='ocrx_word' id='word_1_507' title='bbox 1950 2080 1962 2099; x_wconf 84' lang='lat'>‚</span> <span class='ocrx_word' id='word_1_508' title='bbox 1995 2049 2088 2089; x_wconf 89' lang='lat' dir='ltr'>ideo</span> <span class='ocrx_word' id='word_1_509' title='bbox 2119 2049 2231 2090; x_wconf 87' lang='lat' dir='ltr'>addit</span> <span class='ocrx_word' id='word_1_510' title='bbox 2261 2063 2271 2090; x_wconf 77' lang='grc' dir='ltr'>ε</span> <span class='ocrx_word' id='word_1_511' title='bbox 2303 2050 2358 2093; x_wconf 78' lang='lat' dir='ltr'>Ec</span> 
     </span>
     <span class='ocr_line' id='line_1_74' title="bbox 1328 2119 2358 2175; baseline 0.003 -15"><span class='ocrx_word' id='word_1_512' title='bbox 1328 2119 1471 2170; x_wconf 75' lang='lat' dir='ltr'>cdere,</span> <span class='ocrx_word' id='word_1_513' title='bbox 1494 2123 1532 2161; x_wconf 77' lang='lat' dir='ltr'>et</span> <span class='ocrx_word' id='word_1_514' title='bbox 1554 2119 1704 2170; x_wconf 74' lang='lat' dir='ltr'>bibere,</span> <span class='ocrx_word' id='word_1_515' title='bbox 1727 2122 1765 2161; x_wconf 79' lang='lat' dir='ltr'>et</span> <span class='ocrx_word' id='word_1_516' title='bbox 1784 2120 2013 2171; x_wconf 77' lang='lat' dir='ltr'>inebriari,</span> <span class='ocrx_word' id='word_1_517' title='bbox 2042 2120 2195 2162; x_wconf 87' lang='lat' dir='ltr'>scilicet</span> <span class='ocrx_word' id='word_1_518' title='bbox 2224 2134 2358 2175; x_wconf 83' lang='lat' dir='ltr'>coepe-</span> 
     </span>
     <span class='ocr_line' id='line_1_75' title="bbox 1327 2190 2354 2245; baseline 0.003 -15"><span class='ocrx_word' id='word_1_519' title='bbox 1327 2191 1380 2231; x_wconf 86' lang='lat' dir='ltr'>rit</span> <span class='ocrx_word' id='word_1_520' title='bbox 1406 2223 1416 2241; x_wconf 79' lang='lat'>,</span> <span class='ocrx_word' id='word_1_521' title='bbox 1455 2190 1643 2231; x_wconf 86' lang='lat' dir='ltr'>faciendo</span> <span class='ocrx_word' id='word_1_522' title='bbox 1680 2191 1944 2232; x_wconf 85' lang='lat' dir='ltr'>voluntatem</span> <span class='ocrx_word' id='word_1_523' title='bbox 1988 2191 2144 2232; x_wconf 88' lang='lat' dir='ltr'>scilicet</span> <span class='ocrx_word' id='word_1_524' title='bbox 2183 2194 2321 2233; x_wconf 90' lang='lat' dir='ltr'>carnis</span> <span class='ocrx_word' id='word_1_525' title='bbox 2341 2226 2354 2245; x_wconf 88' lang='lat'><em>,</em></span> 
     </span>
     <span class='ocr_line' id='line_1_76' title="bbox 1328 2262 2353 2317; baseline 0.003 -15"><span class='ocrx_word' id='word_1_526' title='bbox 1328 2262 1563 2303; x_wconf 89' lang='lat' dir='ltr'>secundum</span> <span class='ocrx_word' id='word_1_527' title='bbox 1586 2262 1686 2302; x_wconf 88' lang='lat' dir='ltr'>illud</span> <span class='ocrx_word' id='word_1_528' title='bbox 1709 2263 1838 2304; x_wconf 77' lang='lat' dir='ltr'>Isaice</span> <span class='ocrx_word' id='word_1_529' title='bbox 1859 2264 1885 2285; x_wconf 75' lang='lat'>¹¹</span> <span class='ocrx_word' id='word_1_530' title='bbox 1907 2277 1916 2303; x_wconf 74' lang='grc' dir='ltr'>ε</span> <span class='ocrx_word' id='word_1_531' title='bbox 1944 2263 2177 2304; x_wconf 84' lang='lat' dir='ltr'>«Sacerdos</span> <span class='ocrx_word' id='word_1_532' title='bbox 2197 2266 2237 2304; x_wconf 90' lang='lat' dir='ltr'>et</span> <span class='ocrx_word' id='word_1_533' title='bbox 2256 2277 2353 2317; x_wconf 91' lang='lat' dir='ltr'>pro-</span> 
     </span>
     <span class='ocr_line' id='line_1_77' title="bbox 1326 2332 2355 2386; baseline 0.003 -14"><span class='ocrx_word' id='word_1_534' title='bbox 1326 2333 1455 2386; x_wconf 86' lang='lat' dir='ltr'>pheta</span> <span class='ocrx_word' id='word_1_535' title='bbox 1491 2332 1730 2373; x_wconf 89' lang='lat' dir='ltr'>nescierunt</span> <span class='ocrx_word' id='word_1_536' title='bbox 1769 2345 1857 2386; x_wconf 82' lang='lat' dir='ltr'>pree</span> <span class='ocrx_word' id='word_1_537' title='bbox 1895 2334 2110 2374; x_wconf 86' lang='lat' dir='ltr'>ebrietate.</span> <span class='ocrx_word' id='word_1_538' title='bbox 2144 2349 2163 2372; x_wconf 81' lang='lat'>›&gt;</span> <span class='ocrx_word' id='word_1_539' title='bbox 2196 2337 2243 2375; x_wconf 90' lang='lat' dir='ltr'>Et</span> <span class='ocrx_word' id='word_1_540' title='bbox 2275 2335 2355 2376; x_wconf 88' lang='lat' dir='ltr'>hoc</span> 
     </span>
     <span class='ocr_line' id='line_1_78' title="bbox 1326 2403 2352 2458; baseline 0.003 -15"><span class='ocrx_word' id='word_1_541' title='bbox 1326 2404 1512 2444; x_wconf 81' lang='lat' dir='ltr'>maxime</span> <span class='ocrx_word' id='word_1_542' title='bbox 1531 2403 1728 2443; x_wconf 85' lang='lat' dir='ltr'>indecens</span> <span class='ocrx_word' id='word_1_543' title='bbox 1752 2407 1814 2444; x_wconf 90' lang='lat' dir='ltr'>est</span> <span class='ocrx_word' id='word_1_544' title='bbox 1834 2405 2072 2456; x_wconf 88' lang='lat' dir='ltr'>pastoribus</span> <span class='ocrx_word' id='word_1_545' title='bbox 2089 2407 2130 2445; x_wconf 91' lang='lat' dir='ltr'>et</span> <span class='ocrx_word' id='word_1_546' title='bbox 2154 2405 2352 2458; x_wconf 79' lang='lat' dir='ltr'>praelatis,</span> 
     </span>
     <span class='ocr_line' id='line_1_79' title="bbox 1326 2474 2354 2528; baseline 0.003 -15"><span class='ocrx_word' id='word_1_547' title='bbox 1326 2474 1370 2514; x_wconf 88' lang='lat' dir='ltr'>in</span> <span class='ocrx_word' id='word_1_548' title='bbox 1398 2474 1553 2526; x_wconf 85' lang='lat' dir='ltr'>quibus</span> <span class='ocrx_word' id='word_1_549' title='bbox 1580 2486 1761 2526; x_wconf 82' lang='lat' dir='ltr'>regnare</span> <span class='ocrx_word' id='word_1_550' title='bbox 1781 2475 1903 2515; x_wconf 91' lang='lat' dir='ltr'>debet</span> <span class='ocrx_word' id='word_1_551' title='bbox 1933 2475 2104 2528; x_wconf 86' lang='lat' dir='ltr'>spiritus</span> <span class='ocrx_word' id='word_1_552' title='bbox 2135 2476 2354 2528; x_wconf 80' lang='lat' dir='ltr'>sapientiae</span> 
     </span>
     <span class='ocr_line' id='line_1_80' title="bbox 1326 2544 2355 2587; baseline 0.003 -3"><span class='ocrx_word' id='word_1_553' title='bbox 1326 2547 1367 2585; x_wconf 88' lang='lat' dir='ltr'>et</span> <span class='ocrx_word' id='word_1_554' title='bbox 1397 2544 1633 2585; x_wconf 80' lang='lat' dir='ltr'>intellectus</span> <span class='ocrx_word' id='word_1_555' title='bbox 1662 2546 1691 2570; x_wconf 80' lang='lat'>¹²</span> <span class='ocrx_word' id='word_1_556' title='bbox 1722 2560 1730 2585; x_wconf 89' lang='lat'>:</span> <span class='ocrx_word' id='word_1_557' title='bbox 1765 2560 1784 2583; x_wconf 82' lang='lat'>&lt;‹</span> <span class='ocrx_word' id='word_1_558' title='bbox 1803 2545 1931 2586; x_wconf 90' lang='lat' dir='ltr'>Labia</span> <span class='ocrx_word' id='word_1_559' title='bbox 1959 2546 2184 2587; x_wconf 89' lang='lat' dir='ltr'>sacerdotis</span> <span class='ocrx_word' id='word_1_560' title='bbox 2213 2550 2355 2587; x_wconf 92' lang='lat' dir='ltr'>custo-</span> 
     </span>
     <span class='ocr_line' id='line_1_81' title="bbox 1326 2615 2355 2670; baseline 0.003 -15"><span class='ocrx_word' id='word_1_561' title='bbox 1326 2615 1439 2655; x_wconf 89' lang='lat' dir='ltr'>dient</span> <span class='ocrx_word' id='word_1_562' title='bbox 1464 2615 1699 2667; x_wconf 80' lang='lat' dir='ltr'>scientiam,</span> <span class='ocrx_word' id='word_1_563' title='bbox 1724 2620 1764 2656; x_wconf 91' lang='lat' dir='ltr'>et</span> <span class='ocrx_word' id='word_1_564' title='bbox 1792 2616 1935 2668; x_wconf 81' lang='lat' dir='ltr'>legem</span> <span class='ocrx_word' id='word_1_565' title='bbox 1965 2618 2183 2670; x_wconf 82' lang='lat' dir='ltr'>requirent</span> <span class='ocrx_word' id='word_1_566' title='bbox 2202 2629 2255 2658; x_wconf 83' lang='lat' dir='ltr'>ex</span> <span class='ocrx_word' id='word_1_567' title='bbox 2282 2629 2355 2658; x_wconf 90' lang='lat' dir='ltr'>ore</span> 
     </span>
     <span class='ocr_line' id='line_1_82' title="bbox 1327 2686 2355 2740; baseline 0.002 -14"><span class='ocrx_word' id='word_1_568' title='bbox 1327 2688 1433 2739; x_wconf 77' lang='lat' dir='ltr'>eJus.</span> <span class='ocrx_word' id='word_1_569' title='bbox 1456 2701 1475 2724; x_wconf 86' lang='grc'>»</span> <span class='ocrx_word' id='word_1_570' title='bbox 1498 2686 1578 2727; x_wconf 87' lang='lat' dir='ltr'>Sed</span> <span class='ocrx_word' id='word_1_571' title='bbox 1597 2699 1618 2727; x_wconf 91' lang='grc' dir='ltr'>θ</span> <span class='ocrx_word' id='word_1_572' title='bbox 1638 2687 1805 2729; x_wconf 91' lang='lat' dir='ltr'>diverso</span> <span class='ocrx_word' id='word_1_573' title='bbox 1827 2688 1856 2710; x_wconf 79' lang='lat'>¹³</span> <span class='ocrx_word' id='word_1_574' title='bbox 1877 2700 1887 2728; x_wconf 92' lang='lat'><strong>:</strong></span> <span class='ocrx_word' id='word_1_575' title='bbox 1915 2703 1933 2726; x_wconf 78' lang='lat'>(‹</span> <span class='ocrx_word' id='word_1_576' title='bbox 1955 2687 2246 2740; x_wconf 81' lang='lat' dir='ltr'>Speculatores</span> <span class='ocrx_word' id='word_1_577' title='bbox 2264 2689 2355 2740; x_wconf 90' lang='lat' dir='ltr'>ejus</span> 
     </span>
     <span class='ocr_line' id='line_1_83' title="bbox 1325 2758 2355 2809; baseline 0.002 -11"><span class='ocrx_word' id='word_1_578' title='bbox 1325 2758 1424 2798; x_wconf 82' lang='lat' dir='ltr'>caeci</span> <span class='ocrx_word' id='word_1_579' title='bbox 1466 2770 1612 2799; x_wconf 86' lang='lat' dir='ltr'>omnes</span> <span class='ocrx_word' id='word_1_580' title='bbox 1634 2790 1645 2808; x_wconf 85' lang='grc'>,</span> <span class='ocrx_word' id='word_1_581' title='bbox 1685 2760 1928 2801; x_wconf 88' lang='lat' dir='ltr'>nescierunt</span> <span class='ocrx_word' id='word_1_582' title='bbox 1967 2760 2158 2801; x_wconf 87' lang='lat' dir='ltr'>universi</span> <span class='ocrx_word' id='word_1_583' title='bbox 2186 2791 2196 2809; x_wconf 87' lang='lat'>‚</span> <span class='ocrx_word' id='word_1_584' title='bbox 2232 2771 2355 2809; x_wconf 83' lang='lat' dir='ltr'>canes</span> 
     </span>
     <span class='ocr_line' id='line_1_84' title="bbox 1325 2828 2353 2882; baseline 0.002 -13"><span class='ocrx_word' id='word_1_585' title='bbox 1325 2828 1428 2869; x_wconf 88' lang='lat' dir='ltr'>muti</span> <span class='ocrx_word' id='word_1_586' title='bbox 1463 2841 1548 2869; x_wconf 89' lang='lat' dir='ltr'>non</span> <span class='ocrx_word' id='word_1_587' title='bbox 1582 2830 1768 2872; x_wconf 87' lang='lat' dir='ltr'>valentes</span> <span class='ocrx_word' id='word_1_588' title='bbox 1804 2831 1978 2881; x_wconf 80' lang='lat' dir='ltr'>latrare,</span> <span class='ocrx_word' id='word_1_589' title='bbox 2001 2831 2191 2872; x_wconf 87' lang='lat' dir='ltr'>videntes</span> <span class='ocrx_word' id='word_1_590' title='bbox 2221 2843 2353 2882; x_wconf 88' lang='lat' dir='ltr'>vana,</span> 
     </span>
     <span class='ocr_line' id='line_1_85' title="bbox 1324 2901 2355 2949; baseline 0 -7"><span class='ocrx_word' id='word_1_591' title='bbox 1324 2901 1579 2942; x_wconf 88' lang='lat' dir='ltr'>dormientes</span> <span class='ocrx_word' id='word_1_592' title='bbox 1600 2933 1609 2949; x_wconf 86' lang='lat'><strong><em>,</em></strong></span> <span class='ocrx_word' id='word_1_593' title='bbox 1642 2903 1683 2941; x_wconf 90' lang='lat' dir='ltr'>et</span> <span class='ocrx_word' id='word_1_594' title='bbox 1714 2904 1902 2942; x_wconf 84' lang='lat' dir='ltr'>amantes</span> <span class='ocrx_word' id='word_1_595' title='bbox 1939 2901 2118 2942; x_wconf 85' lang='lat' dir='ltr'>somnia.</span> <span class='ocrx_word' id='word_1_596' title='bbox 2151 2901 2202 2942; x_wconf 89' lang='lat' dir='ltr'>Et</span> <span class='ocrx_word' id='word_1_597' title='bbox 2232 2913 2355 2942; x_wconf 88' lang='lat' dir='ltr'>canes</span> 
     </span>
     <span class='ocr_line' id='line_1_86' title="bbox 1324 2971 2228 3025; baseline -0.001 -14"><span class='ocrx_word' id='word_1_598' title='bbox 1324 2972 1676 3025; x_wconf 87' lang='lat' dir='ltr'>impudentissimi</span> <span class='ocrx_word' id='word_1_599' title='bbox 1693 2971 1886 3012; x_wconf 76' lang='lat' dir='ltr'>nesciunt</span> <span class='ocrx_word' id='word_1_600' title='bbox 1906 2971 2185 3013; x_wconf 85' lang='lat' dir='ltr'>saturitatem.</span> <span class='ocrx_word' id='word_1_601' title='bbox 2209 2986 2228 3010; x_wconf 77' lang='lat'>»</span> 
     </span>
     <span class='ocr_line' id='line_1_87' title="bbox 1379 3042 2353 3095; baseline 0 -12"><span class='ocrx_word' id='word_1_602' title='bbox 1379 3042 1605 3093; x_wconf 78' lang='lat' dir='ltr'>Secundo,</span> <span class='ocrx_word' id='word_1_603' title='bbox 1640 3045 1852 3095; x_wconf 80' lang='lat' dir='ltr'>quantum</span> <span class='ocrx_word' id='word_1_604' title='bbox 1889 3042 1942 3083; x_wconf 87' lang='lat' dir='ltr'>ad</span> <span class='ocrx_word' id='word_1_605' title='bbox 1981 3043 2353 3084; x_wconf 88' lang='lat' dir='ltr'>comminationem</span> 
     </span>
     <span class='ocr_line' id='line_1_88' title="bbox 1324 3113 2355 3166; baseline 0.002 -12"><span class='ocrx_word' id='word_1_606' title='bbox 1324 3113 1557 3154; x_wconf 88' lang='lat' dir='ltr'>severitatis</span> <span class='ocrx_word' id='word_1_607' title='bbox 1573 3113 1741 3166; x_wconf 77' lang='lat' dir='ltr'>Judicii‚</span> <span class='ocrx_word' id='word_1_608' title='bbox 1764 3113 1962 3166; x_wconf 74' lang='lat' dir='ltr'>adiungit</span> <span class='ocrx_word' id='word_1_609' title='bbox 1985 3114 2055 3166; x_wconf 82' lang='lat' dir='ltr'>(v.</span> <span class='ocrx_word' id='word_1_610' title='bbox 2075 3117 2126 3154; x_wconf 76' lang='lat'>46</span> <span class='ocrx_word' id='word_1_611' title='bbox 2147 3116 2156 3166; x_wconf 95' lang='lat'>)</span> <span class='ocrx_word' id='word_1_612' title='bbox 2180 3127 2188 3154; x_wconf 77' lang='lat' dir='ltr'>z</span> <span class='ocrx_word' id='word_1_613' title='bbox 2206 3113 2355 3156; x_wconf 71' lang='lat' dir='ltr'>Veniet</span> 
     </span>
     <span class='ocr_line' id='line_1_89' title="bbox 1325 3183 2348 3237; baseline 0.001 -11"><span class='ocrx_word' id='word_1_614' title='bbox 1325 3185 1531 3226; x_wconf 77' lang='lat' dir='ltr'>Dominus</span> <span class='ocrx_word' id='word_1_615' title='bbox 1550 3185 1661 3226; x_wconf 79' lang='lat' dir='ltr'>servi</span> <span class='ocrx_word' id='word_1_616' title='bbox 1675 3183 1796 3226; x_wconf 78' lang='lat' dir='ltr'>illias</span> <span class='ocrx_word' id='word_1_617' title='bbox 1816 3185 1865 3226; x_wconf 85' lang='lat' dir='ltr'>in</span> <span class='ocrx_word' id='word_1_618' title='bbox 1884 3183 1954 3227; x_wconf 81' lang='lat' dir='ltr'>dic</span> <span class='ocrx_word' id='word_1_619' title='bbox 1975 3195 2060 3237; x_wconf 78' lang='lat' dir='ltr'>qua</span> <span class='ocrx_word' id='word_1_620' title='bbox 2081 3194 2166 3226; x_wconf 87' lang='lat' dir='ltr'>non</span> <span class='ocrx_word' id='word_1_621' title='bbox 2184 3187 2326 3236; x_wconf 77' lang='lat' dir='ltr'>sperat</span> <span class='ocrx_word' id='word_1_622' title='bbox 2338 3216 2348 3236; x_wconf 87' lang='lat'>‚</span> 
     </span>
    </p>
   </div>
   <div class='ocr_carea' id='block_1_5' title="bbox 1323 3314 2352 3450">
    <p class='ocr_par' dir='ltr' id='par_1_7' title="bbox 1323 3314 2352 3450">
     <span class='ocr_line' id='line_1_90' title="bbox 1325 3314 2351 3356; baseline -0.001 -9"><span class='ocrx_word' id='word_1_623' title='bbox 1325 3317 1377 3347; x_wconf 82' lang='lat'>22.</span> <span class='ocrx_word' id='word_1_624' title='bbox 1393 3333 1428 3338; x_wconf 93' lang='lat'>—</span> <span class='ocrx_word' id='word_1_625' title='bbox 1449 3315 1462 3336; x_wconf 87' lang='lat'><strong>7</strong></span> <span class='ocrx_word' id='word_1_626' title='bbox 1482 3315 1509 3346; x_wconf 81' lang='lat'>11</span> <span class='ocrx_word' id='word_1_627' title='bbox 1531 3315 1634 3353; x_wconf 74' lang='lat' dir='ltr'>Petr.‚</span> <span class='ocrx_word' id='word_1_628' title='bbox 1655 3322 1707 3355; x_wconf 82' lang='lat'><em>111,</em></span> <span class='ocrx_word' id='word_1_629' title='bbox 1727 3315 1797 3346; x_wconf 78' lang='lat'>3-4.</span> <span class='ocrx_word' id='word_1_630' title='bbox 1814 3331 1854 3337; x_wconf 91' lang='lat'>—</span> <span class='ocrx_word' id='word_1_631' title='bbox 1876 3315 1887 3333; x_wconf 81' lang='lat'>⁸</span> <span class='ocrx_word' id='word_1_632' title='bbox 1907 3315 1987 3352; x_wconf 65' lang='lat' dir='ltr'>lca„</span> <span class='ocrx_word' id='word_1_633' title='bbox 2007 3321 2059 3353; x_wconf 89' lang='lat'><em>111,</em></span> <span class='ocrx_word' id='word_1_634' title='bbox 2078 3315 2185 3346; x_wconf 75' lang='lat'><strong>15.—</strong></span> <span class='ocrx_word' id='word_1_635' title='bbox 2203 3315 2216 3336; x_wconf 73' lang='lat'>⁹</span> <span class='ocrx_word' id='word_1_636' title='bbox 2233 3315 2245 3346; x_wconf 89' lang='grc' dir='ltr'>Ι</span> <span class='ocrx_word' id='word_1_637' title='bbox 2263 3314 2351 3356; x_wconf 70' lang='lat' dir='ltr'>Cor„</span> 
     </span>
     <span class='ocr_line' id='line_1_91' title="bbox 1323 3361 2352 3404; baseline 0.001 -10"><span class='ocrx_word' id='word_1_638' title='bbox 1323 3371 1399 3404; x_wconf 79' lang='lat' dir='ltr'>vm,</span> <span class='ocrx_word' id='word_1_639' title='bbox 1425 3365 1475 3394; x_wconf 82' lang='lat'>12.</span> <span class='ocrx_word' id='word_1_640' title='bbox 1495 3379 1533 3386; x_wconf 90' lang='lat'>—</span> <span class='ocrx_word' id='word_1_641' title='bbox 1553 3363 1579 3384; x_wconf 90' lang='lat'>¹0</span> <span class='ocrx_word' id='word_1_642' title='bbox 1595 3361 1729 3400; x_wconf 69' lang='lat' dir='ltr'>Matth„</span> <span class='ocrx_word' id='word_1_643' title='bbox 1750 3370 1849 3402; x_wconf 77' lang='lat' dir='ltr'>va,</span> <span class='ocrx_word' id='word_1_644' title='bbox 1871 3364 1901 3394; x_wconf 86' lang='grc'>6.</span> <span class='ocrx_word' id='word_1_645' title='bbox 1917 3379 1958 3385; x_wconf 93' lang='lat'>—-</span> <span class='ocrx_word' id='word_1_646' title='bbox 1976 3363 2000 3383; x_wconf 72' lang='lat'>¹1</span> <span class='ocrx_word' id='word_1_647' title='bbox 2020 3362 2097 3401; x_wconf 64' lang='lat' dir='ltr'>Jsa„</span> <span class='ocrx_word' id='word_1_648' title='bbox 2118 3370 2239 3403; x_wconf 79' lang='lat' dir='ltr'>xxvffl,</span> <span class='ocrx_word' id='word_1_649' title='bbox 2261 3364 2290 3395; x_wconf 85' lang='lat'>7.</span> <span class='ocrx_word' id='word_1_650' title='bbox 2311 3380 2352 3386; x_wconf 88' lang='lat'>—</span> 
     </span>
     <span class='ocr_line' id='line_1_92' title="bbox 1324 3409 2076 3450; baseline 0 -9"><span class='ocrx_word' id='word_1_651' title='bbox 1324 3410 1348 3431; x_wconf 79' lang='lat'>1³</span> <span class='ocrx_word' id='word_1_652' title='bbox 1369 3410 1504 3450; x_wconf 65' lang='lat' dir='ltr'>Malae„</span> <span class='ocrx_word' id='word_1_653' title='bbox 1532 3417 1577 3450; x_wconf 81' lang='grc' dir='ltr'>ΙΙ,</span> <span class='ocrx_word' id='word_1_654' title='bbox 1605 3411 1635 3441; x_wconf 83' lang='lat'>7.</span> <span class='ocrx_word' id='word_1_655' title='bbox 1662 3427 1701 3432; x_wconf 86' lang='lat'>—-</span> <span class='ocrx_word' id='word_1_656' title='bbox 1721 3409 1748 3431; x_wconf 73' lang='lat'>13</span> <span class='ocrx_word' id='word_1_657' title='bbox 1767 3409 1848 3449; x_wconf 60' lang='lat' dir='ltr'>lsa„</span> <span class='ocrx_word' id='word_1_658' title='bbox 1866 3417 1939 3450; x_wconf 79' lang='lat' dir='ltr'>LVI,</span> <span class='ocrx_word' id='word_1_659' title='bbox 1963 3411 2076 3441; x_wconf 85' lang='lat'><strong>10-11.</strong></span> 
     </span>
    </p>
   </div>
   <div class='ocr_carea' id='block_1_6' title="bbox 1364 3480 1940 3523">
    <p class='ocr_par' dir='ltr' id='par_1_8' title="bbox 1364 3480 1940 3523">
     <span class='ocr_line' id='line_1_93' title="bbox 1364 3480 1940 3523; baseline -0.003 -10"><span class='ocrx_word' id='word_1_660' title='bbox 1364 3480 1410 3523; x_wconf 87' lang='grc' dir='ltr'>(α)</span> <span class='ocrx_word' id='word_1_661' title='bbox 1439 3480 1535 3522; x_wconf 75' lang='lat' dir='ltr'><em>Vulq.</em></span> <span class='ocrx_word' id='word_1_662' title='bbox 1555 3490 1669 3522; x_wconf 86' lang='lat' dir='ltr'>super.</span> <span class='ocrx_word' id='word_1_663' title='bbox 1689 3498 1729 3505; x_wconf 95' lang='lat'>—</span> <span class='ocrx_word' id='word_1_664' title='bbox 1749 3481 1795 3523; x_wconf 84' lang='lat' dir='ltr'>(b)</span> <span class='ocrx_word' id='word_1_665' title='bbox 1818 3481 1940 3522; x_wconf 80' lang='lat' dir='ltr'>Supra.</span> 
     </span>
    </p>
   </div>
  </div>
 </body>
</html>
