2634 3853
1014 138 1285 180 EXPOSITIO
1315 138 1366 179 IN
1397 137 1509 178 CAP.
1541 135 1590 177 X.

241 236 439 277 nuntiare
463 233 532 274 his
557 233 633 284 qui
653 232 770 274 domi
789 233 909 280 sunm
938 240 991 270 ex
1018 239 1102 280 quo
1132 239 1260 280 appa-

240 307 303 345 ret
329 303 440 356 quod
464 302 602 342 adhuc
621 302 882 342 afficiebatur
909 311 1014 350 erga
1031 309 1146 346 suOS,
1169 308 1264 336 con-

239 376 302 413 tra
319 373 362 413 id
381 372 492 424 quod
512 372 663 412 dicitur
679 373 690 394 ¹
716 387 724 413 :
749 387 767 410 (ι
790 370 1042 412 Obliviscere
1055 366 1262 420 populum

237 447 360 484 tuum
387 445 430 484 et
459 443 632 484 domum
661 443 791 496 patris
819 442 897 483 tui.
923 455 942 479 n
974 440 1067 481 Non
1086 441 1176 479 erat
1195 439 1262 478 hic

237 514 382 555 similis
415 513 559 564 Paulo,
583 515 656 566 qui
680 514 842 555 dicebat
874 516 888 536 ²
914 525 923 552 :
950 526 968 549 (ι
999 509 1263 562 Cumplacuit

237 584 290 635 ei,
312 583 387 636 qui
409 596 478 624 me
497 585 743 636 segregavit
759 595 812 623 ex
830 584 951 622 utero
971 580 1117 620 matris
1138 591 1259 629 meae,

236 657 277 695 et
305 654 473 695 vocavit
498 666 574 706 per
599 654 781 706 gratiam
807 664 928 692 suam
943 666 952 701 ;
983 666 1001 687 »
1036 651 1227 703 sequitur
1251 664 1259 690 :

237 739 259 764 c
281 724 488 765 Continuo
508 736 594 764 non
609 724 803 776 acquievi
819 722 934 763 carni
954 724 994 762 et
1007 720 1220 772 sanguini.
1237 734 1256 757 ))

237 795 333 836 Ideo
356 795 421 835 hic
448 797 510 836 est
528 794 772 847 parentibus
792 791 1139 839 renuntiandum,
1162 790 1263 842 quia

237 866 426 907 carnales
453 866 578 906 amici
597 865 886 918 spiritualibus
906 863 1090 904 consiliis
1114 862 1264 903 adver-

237 938 384 977 santur
410 950 419 977 :
455 939 496 977 et
522 936 614 977 ideo
645 947 742 976 caro
773 937 815 976 et
837 934 1029 986 sanguis,
1059 936 1263 985 tanquam

236 1007 480 1057 adversarii,
503 1019 591 1047 non
609 1009 709 1047 sunt
732 1005 993 1047 admittendi.
1017 1004 1067 1045 Et
1090 1004 1180 1045 ideo
1197 1003 1260 1044 di-

238 1078 346 1118 citur
365 1078 379 1100 3
402 1091 411 1118 :
438 1092 457 1116 <1
479 1077 572 1118 Non
591 1078 689 1119 veni
708 1089 855 1130 pacem
875 1077 1056 1125 mittere,
1079 1076 1148 1115 sed
1169 1075 1260 1126 gla-

237 1148 371 1190 dium.
392 1148 495 1190 Veni
525 1149 638 1189 enim
661 1159 855 1201 separare
875 1147 1093 1188 hominem
1112 1146 1261 1187 adver-

236 1231 308 1260 sus
331 1221 494 1271 patrem
514 1230 656 1260 suum.
678 1233 696 1256 n
724 1218 924 1271 Sequitur
946 1232 955 1257 :
992 1231 1010 1254 «
1030 1216 1079 1256 Et
1104 1216 1263 1256 inimici

236 1288 434 1337 hominis,
458 1282 675 1329 domestici
701 1289 808 1341 ejus.
831 1301 850 1325 ›)
889 1287 939 1327 Et
961 1287 1053 1328 ideo
1076 1287 1135 1327 eis
1161 1287 1263 1327 dici-

235 1359 306 1398 tur
337 1358 380 1398 in
409 1370 591 1410 persona
621 1359 720 1398 boni
751 1358 941 1409 religiosi
969 1358 982 1379 ⁴
1013 1372 1021 1398 :
1052 1372 1070 1394 a
1099 1357 1264 1409 Reliqui

232 1429 406 1470 domum
429 1441 584 1478 meam,
604 1429 747 1470 dimisi
766 1429 1058 1469 haereditatem
1079 1440 1257 1469 meam.»

232 1498 324 1540 Non
348 1499 441 1539 talis
467 1499 560 1548 iste,
581 1499 681 1552 quia
709 1499 880 1539 oculum
902 1498 1084 1538 habebat
1114 1498 1163 1537 ad
1186 1498 1262 1539 do-

234 1570 441 1610 mesticos.
467 1569 574 1610 Huic
590 1570 746 1610 similes
767 1572 868 1610 sunt
884 1568 1086 1621 religiosi,
1110 1569 1267 1610 curiosi

234 1639 285 1680 de
330 1639 447 1680 sactis
491 1640 921 1692 consanguineorum,
963 1642 1108 1679 contra
1152 1640 1264 1691 quod

235 1709 346 1752 Beda
365 1713 379 1735 ¹⁵
398 1711 443 1750 in
464 1710 606 1751 Glossa
629 1724 638 1750 ε
667 1725 686 1748 <‹
706 1710 748 1750 Si
777 1709 1010 1761 discipulus
1036 1709 1264 1751 Dominum

234 1783 457 1822 secuturus
477 1781 690 1833 arguitur,
713 1780 782 1821 vel
810 1780 921 1832 quod
950 1780 1000 1831 (a)
1030 1780 1173 1821 domui
1197 1793 1266 1821 re-

235 1851 434 1893 nuntiare
455 1852 570 1903 velit,
595 1851 695 1904 quid
713 1852 784 1891 fiet
810 1851 904 1899 illis,
927 1851 1001 1903 qui
1020 1851 1137 1891 nulla
1155 1852 1266 1892 utili-

235 1924 322 1963 tate
332 1933 443 1975 saepe
456 1923 625 1963 visitant
639 1922 800 1972 doniOS,
815 1934 920 1974 quas
935 1922 1226 1974 reliquerant?
1241 1937 1259 1959 n

236 1991 356 2033 Tales
378 2005 464 2033 non
490 1993 710 2033 attendunt
731 1993 843 2045 quod
863 1993 1020 2033 dictum
1047 1996 1108 2034 est
1135 1994 1265 2034 Abra-

235 2062 304 2103 hae
323 2062 336 2084 ⁶
359 2077 368 2102 :
397 2077 416 2101 (‹
435 2062 649 2115 Egredere
667 2064 717 2104 de
736 2066 850 2103 terra
870 2066 957 2113 tua,
979 2065 1018 2103 et
1037 2063 1088 2103 de
1105 2075 1266 2115 cogna-

234 2133 348 2173 tione
371 2136 458 2185 tua,
479 2136 519 2174 et
544 2134 594 2174 de
619 2134 744 2174 domo
769 2134 901 2186 patris
928 2133 1005 2184 tui,
1032 2137 1072 2174 et
1096 2134 1194 2174 veni
1221 2135 1266 2174 in

233 2204 391 2244 terram
410 2216 540 2256 quam
561 2207 852 2257 monstravero
872 2204 962 2244 tibi.
987 2218 1005 2241 »

288 2273 480 2315 Secundo
512 2286 634 2323 vero,
668 2277 878 2327 quantum
909 2274 962 2315 ad
993 2274 1267 2326 redargutio-

235 2355 337 2385 nem
367 2344 624 2393 mobilitatis,
653 2344 852 2395 adengit
883 2344 937 2395 (v.
966 2345 1030 2396 62)
1063 2358 1071 2384 ε
1105 2345 1181 2387 Ait
1210 2346 1267 2388 ad

237 2413 357 2455 illum
376 2414 496 2455 ,lesus
513 2414 666 2456 :Nemo
686 2415 857 2456 mittens
876 2425 1050 2455 manum
1068 2425 1190 2457 suam
1211 2414 1268 2458 acl

239 2487 449 2535 aratrum,
482 2484 526 2525 id
552 2487 627 2533 est,
663 2484 715 2524 ad
747 2484 903 2525 divinae
931 2486 1196 2537 perfectionis
1228 2490 1268 2528 et

237 2554 547 2608 praedicationis
591 2554 864 2604 exercitium,
904 2556 1016 2607 quod
1046 2560 1157 2597 recte
1193 2570 1267 2610 per

237 2627 430 2666 aratrum
473 2624 719 2676 designatur
762 2628 934 2677 propter
971 2626 1180 2667 culturam
1227 2631 1268 2669 et

237 2695 437 2745 fructum,
465 2696 592 2748 Juxta
619 2694 723 2735 illud
748 2699 761 2720 ⁷
790 2706 800 2734 :
837 2709 856 2732 α
885 2695 1033 2736 Arabit
1062 2696 1205 2747 Judas‚
1228 2701 1269 2739 et

237 2765 475 2817 confringet
501 2765 579 2805 sibi
607 2765 744 2806 sulcos
774 2765 901 2806 Jacob
934 2778 944 2807 ε
975 2781 994 2804 ))
1031 2777 1173 2818 nemo,
1201 2769 1266 2809 in-

236 2847 382 2888 quam,
408 2836 500 2876 talis
528 2836 726 2886 existens,
749 2839 787 2878 ec
813 2837 1044 2888 respiciens
1069 2842 1196 2889 retro,
1227 2840 1268 2881 id

237 2908 312 2956 est,
333 2906 385 2946 ad
405 2906 633 2956 mundum,
650 2910 778 2958 aptus
796 2910 857 2949 esc
873 2917 1000 2959 reqno
1021 2908 1113 2958 Dei,
1129 2909 1169 2949 id
1189 2912 1265 2966 est,

240 2976 292 3016 ad
319 2988 506 3029 regnum
534 2977 605 3018 Dei
632 2978 954 3030 possidendum3
979 2980 1093 3031 quia,
1115 2992 1268 3022 secun-

239 3046 341 3086 dum
360 3047 465 3088 illud
481 3048 495 3071 ⁸
515 3062 523 3088 z
558 3063 577 3087 «
601 3048 733 3089 Nemo
753 3049 940 3090 militans
961 3050 1059 3101 Deo,
1082 3052 1269 3104 implicat

240 3126 284 3155 se
305 3117 489 3167 negotiis
505 3118 795 3169 saecularibus,
817 3122 866 3159 ut
893 3119 931 3159 ei
950 3120 1110 3172 placeat
1137 3122 1205 3162 eui
1225 3135 1268 3164 se

239 3187 450 3238 probavit.
470 3202 490 3226 υ
527 3189 656 3242 Cujus
697 3192 758 3231 rei
792 3191 936 3242 figura
970 3193 1183 3244 praecessit
1223 3194 1268 3234 in

285 3269 293 3286 ¹
314 3268 408 3300 Psal.
429 3277 522 3309 XLIV,
548 3274 598 3303 11.
616 3289 658 3295 —
681 3271 695 3291 2
721 3272 811 3312 Gal.,
833 3281 861 3311 1,
888 3275 938 3313 15,
968 3275 1017 3305 16.
1038 3291 1079 3296 -—
1102 3275 1116 3296 3
1135 3275 1268 3316 ΜαίίΙι.,

242 3323 277 3353 x,
298 3316 406 3347 34-30.
427 3334 462 3338 —
481 3317 492 3335 ⁴
506 3318 639 3358 Jerem„
660 3327 728 3360 ΧΠ,
744 3321 775 3350 7.
790 3337 832 3342 -
854 3320 866 3341 ⁵
881 3320 976 3359 Bed.‚
997 3320 1055 3351 lib.
1074 3322 1129 3361 111,
1151 3331 1180 3353 0.
1197 3330 1266 3361 XLI,

245 3362 280 3391 in
300 3362 389 3400 Luc„
418 3371 448 3394 c.
479 3371 525 3396 lx.
544 3365 613 3387 —⁶
639 3366 732 3405 Gen.,
761 3374 828 3407 XII,
854 3370 931 3399 1.-
960 3369 969 3387 ⁷
991 3368 1075 3405 Ose„
1101 3377 1141 3409 x,
1172 3373 1266 3401 11.—

245 3408 256 3425 ⁸
273 3408 299 3439 11
324 3408 418 3446 Tim..
442 3418 486 3450 11,
509 3412 540 3441 4.
566 3428 606 3434 -—
630 3412 644 3433 ⁹
673 3413 767 3452 Gen„
794 3421 872 3454 xiii,
896 3416 946 3447 26.
968 3433 1008 3437 -
1030 3416 1055 3436 Ν
1079 3416 1154 3455 inf„
1182 3424 1266 3457 xvii,

2285 140 2362 178 487

1338 238 1471 266 uxore
1490 225 1611 273 Loth,
1628 236 1725 277 quae
1741 224 1754 246 ⁹
1775 238 1794 263 (‹
1811 224 2035 276 respiciens
2054 229 2146 277 post
2166 239 2225 276 se⁷
2241 238 2364 268 versa

1337 296 1460 336 estin
1481 298 1665 336 statuam
1684 294 1780 335 salis
1794 309 1803 344 ;
1830 308 1849 332 >³
1880 294 1979 347 quia
1998 294 2092 334 talis
2116 296 2245 337 homo
2270 297 2361 337 effi-

1337 367 1444 407 citur
1469 367 1629 407 inutilis
1661 368 1701 406 et
1728 365 1892 406 sterilis.
1916 364 1966 404 Et
1992 364 2084 406 ideo
2112 366 2264 406 dicitur
2292 367 2364 406 in-

1336 437 1399 477 fra
1419 438 1447 460 ¹⁰
1471 449 1511 475 :«
1531 436 1609 485 Qui
1629 435 1756 477 fuerit
1773 435 1818 475 in
1837 446 1957 486 agro,
1974 446 2061 474 non
2075 435 2217 475 redeat
2235 438 2361 475 retro.

1337 507 1543 548 Memores
1570 511 1699 548 estote
1728 507 1874 548 uxoris
1902 506 2022 547 Loth.
2045 521 2064 544 »
2099 506 2209 546 Talis
2237 506 2364 547 homo

1336 590 1422 618 non
1442 581 1504 618 est
1523 582 1647 630 aptus
1667 578 1718 618 ad
1739 589 1940 630 regnum,
1964 578 2036 618 sed
2056 577 2197 629 potius
2216 577 2268 617 ad
2288 589 2364 630 op-

1336 650 1572 702 probrium.
1597 649 1713 689 Unde
1741 650 1767 671 ¹¹
1792 661 1802 689 :
1828 664 1847 687 <‹
1868 648 2016 688 Melius
2036 649 2149 689 enim
2175 651 2264 688 erat
2283 648 2366 688 illis

1336 732 1423 760 non
1444 731 1746 770 recognoscere
1771 719 1886 760 viam
1907 718 2096 770 justitiae,
2119 730 2249 770 quam
2275 721 2368 770 post

1337 791 1598 843 agnitionem
1624 792 1858 830 retrorsum
1885 790 2074 830 converti
2094 790 2146 830 ab
2169 802 2233 840 eo,
2254 789 2368 842 quod

1336 861 1418 901 illis
1438 861 1644 901 traditum
1660 862 1735 910 est,
1754 862 1897 900 sancto
1916 860 2127 900 mandato.
2153 859 2368 911 Contingit

1337 932 1451 972 enim
1478 932 1537 972 eis
1569 931 1673 971 illud
1693 930 1783 972 veri
1807 930 2021 982 proverbii
2052 931 2080 952 ¹²
2104 944 2112 970 :
2148 930 2267 970 Canis
2300 942 2366 970 re-

1337 1014 1487 1043 versus
1505 1002 1557 1042 ad
1578 1014 1705 1042 suum
1727 1001 1953 1051 vomitum,
1972 1015 1991 1038 >³
2017 1002 2096 1041 etc.
2121 1000 2237 1049 Quod
2258 1004 2369 1041 recte

1338 1072 1520 1124 intelligi
1533 1074 1664 1124 potest
1675 1071 1726 1111 de
1736 1070 2066 1111 recidivantibus
2079 1074 2119 1111 et
2129 1073 2366 1124 apostatan-

1338 1144 1472 1183 tibus.
1496 1142 1547 1183 Et
1566 1142 1658 1183 ideo
1679 1153 1701 1182 e
1719 1142 1886 1182 diverso
1907 1141 2053 1181 suadet
2070 1142 2097 1163 ¹³
2120 1155 2159 1182 t«
2177 1141 2274 1182 Esto
2294 1143 2366 1182 fir-

1338 1226 1432 1254 mus
1460 1214 1504 1253 in
1535 1214 1605 1254 via
1634 1212 1856 1253 Domini.»
1889 1211 2000 1252 Talis
2019 1214 2109 1252 erat
2127 1212 2367 1265 Apostolus,

1338 1285 1444 1324 sicut
1470 1284 1570 1324 dicit
1592 1284 1637 1335 (b)
1663 1284 1693 1307 ¹⁶
1717 1297 1724 1322 :
1760 1298 1779 1321 <‹
1800 1282 1902 1331 Quae
1930 1285 2041 1322 retro
2075 1284 2174 1322 sunt
2203 1282 2371 1324 oblivis-

1338 1367 1450 1405 cens,
1474 1355 1525 1394 ad
1545 1366 1593 1395 ea
1612 1366 1729 1402 vero,
1743 1365 1840 1405 quae
1858 1356 1955 1393 sunt
1970 1353 2126 1406 priora,-
2140 1354 2370 1394 extendens

1340 1425 1564 1477 meipsum,
1584 1425 1636 1465 ad
1656 1424 1911 1464 destinatum
1931 1436 2176 1476 persequor,
2200 1425 2253 1464 ad
2272 1425 2371 1465 bra-

1337 1496 1460 1538 vium
1496 1507 1690 1548 supernae
1726 1494 1970 1535 vocationis.
2006 1508 2023 1531 n
2064 1494 2114 1534 Et
2151 1495 2244 1535 ideo
2283 1496 2371 1548 ipse

1339 1567 1537 1608 monebat
1556 1568 1584 1591 ¹⁵
1608 1581 1616 1608 :
1646 1582 1665 1605 (‹
1696 1566 1743 1606 In
1770 1566 1971 1606 charitate
1998 1565 2173 1606 radicati
2205 1569 2246 1606 et
2272 1567 2370 1607 fun-

1338 1639 1437 1690 dati,
1461 1642 1507 1679 ut
1526 1638 1692 1691 possitis
1713 1636 2083 1689 comprehendere,
2107 1651 2126 1674 »
2153 1640 2232 1678 etc.
2256 1636 2368 1679 Scie-

1338 1709 1409 1749 bat
1427 1708 1543 1748 enim
1558 1720 1582 1748 a
1601 1708 1778 1748 Domino
1799 1707 1958 1748 dictum
1972 1719 2062 1748 esse
2083 1708 2110 1730 ¹⁶
2128 1722 2168 1748 t«
2184 1708 2263 1757 Qui
2282 1721 2373 1761 per-

1338 1779 1548 1819 severavit
1569 1790 1704 1830 usque
1735 1779 1778 1817 in
1808 1778 1950 1825 finem,
1974 1777 2042 1817 hic
2067 1778 2209 1819 salvus
2228 1779 2323 1819 erit.
2346 1793 2365 1816 n

1339 1849 1401 1889 Ad
1419 1849 1499 1889 hoc
1518 1849 1735 1901 potissime
1746 1848 1961 1900 Scriptura
1974 1860 2051 1888 nos
2068 1848 2231 1889 invitat.
2253 1848 2370 1889 Unde

1339 1932 1413 1972 per
1433 1922 1565 1959 totam
1587 1919 1744 1970 Legem
1771 1921 1812 1958 et
1839 1918 2068 1970 Prophetas
2094 1919 2288 1971 prohibet
2316 1922 2371 1959 fi-

1338 1990 1404 2029 liis
1436 1989 1575 2040 lsrael,
1598 2000 1651 2028 ne
1679 1990 1946 2029 revertantur
1973 1988 2018 2028 in
2050 1988 2300 2042 AEgyptum,
2330 1991 2372 2032 id

1339 2064 1414 2110 est,
1437 2072 1490 2099 ne
1515 2059 1565 2099 de
1591 2059 1734 2099 divino
1755 2058 1926 2099 servitio
1952 2063 2223 2101 convertatur
2242 2061 2371 2102 1101110

1339 2130 1392 2170 ad
1423 2130 1647 2170 mundum.
1683 2128 1799 2169 Unde
1828 2132 1869 2169 et
1899 2132 2070 2182 propter
2109 2131 2211 2171 illud
2242 2131 2372 2172 delic-

1339 2204 1432 2242 tum
1466 2201 1553 2241 fere
1584 2212 1732 2241 omnes
1745 2200 1833 2252 ,filii
1865 2199 1993 2241 Israel
2013 2201 2040 2223 ¹⁷
2066 2214 2090 2241 a
2121 2201 2298 2243 Domino
2329 2204 2372 2243 in

1339 2273 1501 2314 deserto
1519 2273 1727 2313 interfecti
1748 2273 1933 2313 fuerunt.

1691 2431 1914 2476 CAPUT
1961 2432 2017 2475 X.

1394 2560 1432 2597 1.
1472 2558 1574 2600 Post
1621 2557 1708 2598 haec
1753 2561 1895 2599 autem
1936 2557 2182 2610 desiqnavit
2221 2559 2365 2602 Domi-

1342 2638 1446 2677 nus,
1464 2630 1542 2668 etc.
1566 2627 1770 2679 Expedita
1788 2630 1905 2679 parte
1926 2628 1976 2668 de
1994 2628 2191 2669 missione
2210 2633 2370 2682 aposto-

1339 2699 1502 2749 lorum,
1524 2699 1593 2739 hic
1618 2698 1813 2739 subditur
1838 2711 1936 2750 pars
1957 2699 2006 2739 de
2028 2700 2224 2741 missione
2253 2701 2370 2742 disci-

1342 2770 1538 2822 pulorum
1559 2770 1611 2810 ad
1631 2770 1806 2810 modum
1833 2770 2051 2811 minorum
2076 2772 2363 2824 praelatorum.

1340 2840 1475 2881 Habet
1495 2842 1638 2881 autem
1658 2840 1749 2880 haec
1768 2852 1865 2892 pars
1884 2842 1991 2891 tres,
2015 2841 2059 2881 in
2075 2854 2261 2895 quarum
2280 2846 2367 2898 pri·
2404 2855 2526 2882 Divisio.

1340 2922 1410 2950 ma
1439 2910 1531 2962 agit
1553 2910 1604 2951 de
1634 2910 1769 2950 forma
1800 2911 2081 2963 praedicandi3
2111 2913 2154 2953 ln
2185 2916 2367 2957 secunda

1339 2992 1442 3021 vero
1467 2981 1518 3021 de
1537 2981 1672 3021 forma
1692 2980 1863 3022 vivendi
1884 2982 1948 3034 (v.
1971 2982 2045 3034 25)
2071 2998 2079 3024 :
2105 2984 2159 3026 Et
2172 2995 2258 3027 ecce
2278 2988 2370 3039 qui-

1339 3051 1440 3093 dam
1457 3082 1467 3102 ,
1497 3054 1593 3101 etc.;
1618 3051 1662 3091 in
1682 3052 1828 3102 tertia,
1859 3052 1910 3093 de
1938 3053 2073 3095 forma
2101 3050 2275 3107 orandi,
2304 3058 2367 3098 in-

1339 3122 1403 3162 fra
1425 3122 1521 3174 (m,
1544 3123 1588 3174 1)
1619 3136 1628 3162 t
1661 3122 1715 3164 Et
1743 3123 1906 3173 factum
1939 3127 2021 3175 est,
2056 3136 2151 3166 cum
2184 3131 2288 3169 esset
2322 3129 2371 3169 in

1342 3192 1525 3245 quodam.
1545 3192 1653 3242 loco,
1683 3195 1760 3233 etc.
1797 3191 1940 3234 Prima
1971 3206 2069 3246 pars
2101 3195 2229 3236 habet
2255 3200 2367 3248 tres,

1341 3275 1392 3313 31,
1411 3275 1460 3306 32.
1479 3293 1513 3297 —
1535 3275 1559 3297 ¹¹
1578 3276 1605 3306 ll
1629 3276 1732 3315 Petra,
1755 3282 1796 3314 11,
1816 3276 1869 3314 21,
1895 3277 1948 3306 22.
1969 3292 2004 3297 —
2027 3276 2053 3296 ¹²
2071 3276 2180 3314 Ρνου.)
2203 3283 2367 3317 xxvi,11.

1343 3339 1377 3343 -
1401 3322 1427 3342 ¹³
1448 3322 1564 3358 Eccli.,
1583 3329 1615 3361 v,
1637 3324 1736 3353 12.—
1757 3322 1778 3340 ¹⁴
1795 3321 1933 3361 Philip„
1952 3330 1989 3360 ΙΙ,
2008 3324 2057 3361 13,
2076 3324 2219 3353 tlh—1⁵
2234 3326 2368 3366 Ep'oes„

1341 3375 1395 3407 111,
1417 3370 1465 3400 17.
1483 3385 1523 3392 —
1543 3370 1569 3391 1⁶
1588 3369 1723 3409 Matth„
1745 3377 1777 3409 x,
1799 3371 1850 3400 22.
1872 3386 1911 3392 —
1931 3369 1957 3390 ¹⁷
1979 3370 2092 3409 Num,
2113 3378 2184 3410 XIV,
2206 3373 2257 3404 33.

1387 3419 1432 3458 (a)
1455 3418 1536 3450 Bed.
1558 3420 1635 3459 quia
1654 3418 1708 3450 vel
1726 3418 1855 3451 hoc.-
1872 3418 1916 3459 (b)
1938 3418 2016 3450 Coet.
2039 3418 2120 3451 edit.
2141 3419 2272 3454 dicitur.
