2634 3853
1174 155 1343 197 CAPUT
1373 156 1441 197 IV.

250 259 330 290 nus
349 262 359 290 ς
386 261 406 285 α
425 245 573 286 Μο11115
591 245 672 285 fuit
692 244 911 296 apostolis,
933 245 973 284 et
992 243 1272 296 praedicatori-

249 321 327 360 bus
373 315 597 368 Evangelii
643 314 763 355 brevi
799 325 926 366 poena
971 314 1156 366 corporis
1194 327 1270 366 pro

248 386 399 429 Christi
412 386 584 426 nomine
601 385 654 425 ad
666 387 832 436 tempus
844 384 982 436 plecti,
997 396 1128 436 quam
1139 384 1272 436 longa

245 457 384 498 inedia
418 456 538 497 verbi
574 455 647 496 Dei
685 455 889 495 tabefieri.
907 469 924 491 ))
970 454 1087 494 Unde
1126 455 1225 495 dicit
1259 470 1266 495 :

247 529 380 575 Quam
399 528 634 578 interfectis
662 527 770 578 fame
804 538 813 565 :
845 525 948 565 dum
973 525 1089 565 enim
1121 537 1272 577 corpus

244 598 402 640 deliciis
418 599 600 648 fovetur,
623 597 780 649 absque
818 595 945 636 dubio
967 596 1141 647 spiritus
1159 598 1269 636 same

245 669 457 710 cruciatur
480 683 488 709 ε
512 668 625 721 quod
646 667 793 708 multis
814 666 980 707 induxit
1000 667 1268 718 prosperitas.

246 738 362 780 Unde
381 739 573 791 sequitur
592 751 602 779 :
628 739 834 785 Quoniam
864 738 968 787 isti,
989 737 1098 778 fame
1118 737 1273 778 scilicet

245 811 417 861 mortui,
441 810 742 858 eoetabuerunt,
770 808 814 849 id
832 810 907 858 est,
931 807 980 848 ad
1010 808 1273 860 spiritualem

246 882 424 923 maciem
441 883 741 935 pervenerunt,
755 880 994 932 consumpti
1007 891 1034 921 a
1049 879 1273 922 sterilitate

246 957 379 1003 terroe,
401 952 444 994 id
459 955 546 1002 est,
579 953 632 991 ab
670 963 814 992 amore
848 953 1142 999 terrenorum,
1178 962 1275 1003 quae

246 1024 346 1078 quia
359 1023 516 1064 sterilia
535 1026 648 1073 sunt,
667 1021 906 1075 spirituales
928 1024 969 1062 et
988 1021 1152 1061 steriles
1169 1022 1276 1061 fiunt

247 1107 395 1136 eorum
415 1097 637 1135 amatores.
655 1098 666 1119 ¹
685 1109 703 1132 α
716 1094 964 1134 Conteratur
975 1094 1095 1146 quasi
1107 1093 1276 1144 lignum

248 1166 579 1215 infructuosum3
604 1165 721 1218 pavit
737 1165 851 1205 enim
869 1164 1069 1213 sterilem,
1103 1167 1144 1205 et
1178 1177 1277 1217 quae

249 1248 334 1277 non
353 1236 480 1289 parit,
504 1239 544 1276 et
566 1236 709 1283 viduae
732 1236 838 1276 bene
869 1247 956 1275 non
975 1236 1082 1276 fecit.
1100 1250 1118 1273 1)
1145 1235 1278 1276 Aliter

249 1307 474 1359 exponitur
492 1306 598 1346 illud
619 1306 663 1345 in
694 1306 840 1346 Glossa
862 1319 870 1345 ε
890 1306 1043 1347 Melius
1063 1306 1150 1357 fuit
1168 1305 1277 1347 occi-

247 1377 311 1419 sis
328 1375 494 1429 qladio,
516 1378 595 1416 etc.
623 1390 632 1415 :
657 1375 838 1416 «Melius
867 1379 929 1416 est
958 1376 1088 1416 verbo
1110 1376 1196 1425 Dei,
1226 1375 1278 1415 ad

247 1446 538 1500 poenitentiam
557 1446 747 1496 mactari,
772 1458 901 1498 quam
922 1446 1033 1486 fame
1064 1446 1185 1487 verbi
1206 1445 1278 1486 Dei

248 1518 300 1559 ad
320 1516 609 1558 carnalitatem
631 1516 858 1557 declinare.
881 1531 899 1553 1)

303 1592 368 1630 10.
391 1588 483 1630 loct.
504 1589 659 1630 Manus
672 1587 913 1638 mulierum,
929 1590 1007 1628 etc.
1029 1601 1036 1628 :
1054 1590 1278 1640 postquam

250 1659 482 1713 deploravit
519 1659 839 1699 subversionem
885 1658 1081 1698 Ecclesiae
1125 1670 1280 1711 prove-

251 1732 439 1773 nientem
458 1742 510 1771 ex
530 1729 774 1770 carnalitate
795 1732 835 1769 et
852 1729 1041 1780 ignavia,
1067 1729 1134 1769 hic
1157 1730 1277 1782 plan-

254 1802 319 1854 git
336 1800 532 1842 Ecclesiae
549 1800 869 1840 subversionem
887 1800 1207 1852 provenientem
1225 1812 1279 1840 ex

252 1873 417 1925 ingenti
447 1872 669 1913 severitate
701 1874 740 1912 et
769 1871 902 1911 nimia
926 1871 1091 1923 Justitia
1123 1886 1131 1911 :
1167 1871 1280 1912 unde

251 1944 350 1985 dicit
371 1957 381 1984 t
405 1943 580 1993 Manus,
609 1943 652 1983 id
680 1945 762 1992 est,
789 1955 916 1995 opera
934 1943 1113 1995 justitiae
1131 1943 1278 1983 nimiae

251 2014 486 2056 secundum
521 2013 724 2055 Glossam.
758 2013 989 2055 Mulierum
1017 2025 1031 2053 .·
1063 2024 1150 2053 non
1181 2013 1281 2053 dicit

251 2088 455 2134 matrum,
477 2085 578 2136 quia
601 2087 757 2125 matres
780 2096 867 2124 non
887 2087 1006 2133 sunt,
1034 2096 1132 2137 quae
1152 2084 1278 2124 affec-

249 2158 343 2197 tum
367 2156 419 2197 ad
438 2155 546 2196 filios
573 2154 862 2207 perdiderunt.
886 2160 900 2180 2
927 2169 945 2193 (1
970 2154 1117 2196 Brevis
1143 2156 1282 2196 omnis

250 2227 413 2268 malitia
440 2238 568 2280 super
599 2226 805 2266 malitiam
834 2226 1080 2266 mulierum.
1102 2240 1121 2264 1)
1147 2226 1277 2269 Mise-

250 2298 509 2347 ricordiam,
531 2298 575 2337 iu
594 2297 791 2350 opinione
813 2299 866 2348 (a)
889 2310 985 2348 sua,
1008 2298 1111 2350 quia
1137 2298 1281 2339 dicunt

252 2382 295 2411 se
323 2370 459 2410 facere
486 2368 731 2421 tyrannides
759 2380 857 2407 suas
888 2380 942 2408 ex
976 2368 1278 2409 misericordia.

252 2438 372 2479 Tales
392 2450 495 2489 ergo
512 2442 720 2479 coxerunt
740 2438 853 2488 filios
873 2448 990 2487 suos;
1011 2437 1153 2478 Glossa
1172 2453 1180 2478 :
1196 2454 1214 2477 α
1236 2439 1280 2479 Id

253 2511 328 2559 est,
345 2508 566 2561 tyrannica
584 2511 786 2561 potestate
806 2511 1103 2561 oppresserunt
1126 2524 1134 2549 :
1160 2521 1282 2549 coxe-

255 2581 356 2620 runt
375 2579 475 2630 igne
495 2579 597 2620 mali
621 2579 819 2632 exempli,
837 2582 877 2620 et
896 2582 1012 2620 actus
1036 2579 1143 2632 (b).⁵‹<
1164 2580 1281 2632 Ignis

253 2651 327 2692 Dei
349 2651 561 2692 descendit
587 2651 637 2691 de
662 2651 791 2701 coelo,
815 2664 833 2688 1)
864 2651 907 2691 1(1
932 2653 994 2691 051
1022 2651 1073 2692 de
1106 2652 1279 2704 majori-

252 2722 354 2772 bus,
384 2724 464 2762 «et
495 2724 624 2762 tactas
655 2733 756 2763 oves
776 2732 1018 2774 puerosque
1048 2734 1280 2775 consump-

255 2793 320 2833 sit.
342 2807 360 2830 1)
380 2793 501 2834 Facti
517 2796 619 2835 sunt
636 2793 753 2835 cibus
775 2803 935 2842 earum,
957 2792 1142 2834 dicentes
1160 2793 1279 2843 illud,
1308 2801 1315 2808 ⁴

254 2863 484 2904 secundum
505 2863 618 2916 quod
638 2864 839 2904 dixerunt
857 2863 933 2903 filii
955 2863 1047 2904 Heli
1065 2863 1078 2884 ⁵
1096 2878 1104 2903 ε
1132 2863 1282 2904 «Nunc

254 2934 392 2982 dabis,
425 2934 614 2987 a'ioquin
648 2934 794 2975 tollam
832 2935 891 2975 vi.
913 2949 931 2971 ›)
958 2935 970 2956 5
997 2933 1116 2974 «Lac
1141 2946 1280 2975 00010-

256 3005 436 3056 debatis,
477 3008 518 3045 et
555 3005 663 3045 lanis
700 3005 1007 3057 operiebamini
1041 3017 1051 3045 ε
1093 3007 1133 3045 01
1170 3006 1282 3058 quod

258 3085 444 3116 crassum
475 3079 586 3125 erat,
621 3076 892 3125 occidebatis;
930 3087 1109 3128 gregem
1141 3079 1282 3117 autern

259 3156 402 3188 meum
430 3159 518 3188 non
545 3148 792 3200 pascebatis.
819 3162 839 3185 1)
863 3147 913 3188 Et
939 3147 1050 3187 infra
1072 3147 1085 3168 ⁶
1113 3162 1122 3188 z
1159 3161 1178 3185 α
1203 3147 1284 3188 Sed

260 3227 356 3256 cum
374 3218 617 3259 austeritate
637 3218 899 3271 imperabitis
920 3219 1000 3269 015,
1023 3221 1062 3258 01
1084 3231 1183 3259 01101
1208 3231 1283 3271 po-

304 3345 314 3367 1
337 3345 407 3385 Job‚
428 3355 521 3388 1111111,
540 3350 590 3381 20.
609 3365 648 3372 —
668 3349 679 3368 ²
699 3349 815 3388 Eccli.,
830 3358 912 3389 XXV,
934 3351 984 3382 26.
1003 3368 1042 3374 -
1062 3351 1073 3369 ³
1092 3351 1164 3389 Job,
1186 3358 1211 3390 1,
1235 3353 1282 3383 16.

262 3407 300 3414 —
320 3392 334 3412 ¹·
359 3393 368 3423 1
394 3393 483 3433 Req„
503 3401 542 3432 11,
562 3397 613 3427 16.
635 3413 670 3418 -
695 3397 706 3415 ⁵
725 3396 858 3437 Ezech„
877 3405 971 3437 xxw,
993 3399 1023 3429 3.
1044 3415 1084 3421 -
1103 3399 1114 3416 ⁶
1134 3397 1232 3437 lbid.,
1254 3399 1284 3429 4.

262 3455 302 3463 =-
323 3440 333 3458 ⁷
352 3439 425 3477 Job,
449 3447 504 3479 111,
524 3443 574 3472 13.
593 3458 633 3467 —-
650 3444 663 3463 ⁸
683 3443 781 3476 Psal.
799 3451 949 3484 xxxvm,
972 3446 1021 3476 13.

2292 160 2372 200 203

1346 244 1498 294 tentia3
1529 245 1570 284 et
1597 243 1796 296 dispersae
1830 245 1952 293 sunt,
1979 256 1998 280 1)
2029 245 2106 284 010.
2140 244 2192 284 In
2222 247 2377 288 contri-

1349 316 1458 357 tione
1484 315 1590 366 silice
1611 314 1763 367 populi
1783 315 1886 365 mei,
1909 314 1978 355 vel
2008 314 2060 354 ad
2086 315 2376 357 contritionem

1347 386 1447 426 filiae
1474 385 1723 438 supradictae
1756 400 1764 425 :
1795 387 1965 437 propter
1995 385 2076 425 hoc
2105 385 2219 425 enim
2248 398 2374 439 super

1348 457 1492 498 multis
1513 457 1557 509 (0)
1579 468 1728 497 eorum
1748 456 1896 496 cecidit
1915 456 1979 495 ira
1997 455 2084 496 Dei.

1403 530 1467 567 11.
1493 527 1618 579 Coph.
1643 527 1869 579 complevit
1888 527 2109 575 Dominus,
2131 530 2210 567 etc.
2232 526 2308 567 Hic
2326 539 2380 568 ex

1349 597 1562 649 praedictis
1597 597 1724 638 infert
1754 597 1998 650 aequitatem
2029 608 2189 649 poenae,
2222 596 2325 649 ipsis
2356 610 2381 638 a

1350 667 1527 708 Domino
1546 679 1622 720 pro
1643 668 1851 720 praedictis
1870 667 2013 719 illatae,
2034 667 2104 708 vel
2126 667 2378 719 inferendae3

1349 738 1462 778 unde
1488 738 1587 777 dicit
1615 752 1623 777 :
1656 738 1907 790 Complevit‚
1942 738 1984 778 id
2016 740 2102 788 051,
2134 737 2378 790 complebit;

1349 810 1535 859 furorem
1561 819 1706 858 suum,
1734 808 1776 848 id
1803 811 1884 858 est,
1916 809 1966 849 de
1995 808 2123 848 tantis
2155 808 2383 849 sceleribus

1350 882 1520 932 expetet
1536 879 1768 920 vindictam
1784 893 1792 918 :
1810 879 1854 918 in
1870 890 1954 931 quo
1974 879 2230 930 magnitudo
2244 891 2382 931 poenae

1351 950 1556 990 intensive
1567 949 1620 1001 (d)
1632 949 1902 1000 intelligitur.
1914 950 1950 990 E
1952 949 2100 1002 ffuctit,
2112 949 2155 989 id
2163 952 2238 999 est,
2252 949 2384 990 effun-

1352 1023 1442 1072 det,
1465 1022 1508 1061 in
1527 1033 1612 1073 quo
1640 1032 1777 1073 poenae
1805 1019 2074 1072 significatur
2101 1019 2380 1070 generalitas;

1353 1094 1465 1135 iram
1493 1091 1814 1144 indiqnationis
1843 1101 1955 1141 suoe,
1993 1093 2031 1131 et
2063 1089 2307 1140 succendit,
2343 1090 2385 1130 id

1353 1167 1435 1213 est,
1465 1163 1714 1213 succendet,
1745 1164 1886 1215 iqnem
1916 1163 1966 1203 in
1993 1162 2119 1210 Sion,
2153 1161 2196 1201 id
2224 1163 2305 1211 est,
2339 1161 2385 1201 in

1354 1234 1533 1285 clericis,
1554 1234 1703 1285 ignem
1723 1233 1814 1273 dico
1835 1239 2063 1281 aeternum,
2086 1235 2124 1273 et
2146 1231 2383 1281 devoravit,

1354 1306 1395 1346 id
1417 1308 1499 1353 est,
1525 1305 1762 1354 devorabit,
1789 1302 2072 1355 fundamenta
2091 1302 2195 1353 ejus,
2221 1303 2381 1354 primo·

1354 1387 1421 1416 res
1444 1375 1649 1416 acerbius.
1678 1374 1752 1415 Vel
1777 1375 1821 1413 in
1851 1373 2134 1414 fundamentis
2160 1384 2287 1424 poena
2314 1373 2384 1413 in-

1354 1445 1561 1498 telligitur
1587 1445 1895 1497 cogitationum
1915 1455 2231 1497 perversarum,
2254 1455 2385 1496 quam

1355 1516 1550 1569 exquiret
1569 1528 1593 1556 a
1612 1515 1734 1556 malis
1757 1529 1766 1555 z
1790 1515 1834 1555 10
1857 1527 1942 1568 quo
1964 1517 2004 1556 et
2026 1525 2163 1567 poenae
2193 1514 2386 1555 atrocitas

1355 1586 1620 1638 intelligitur.
1643 1586 1717 1627 Vel
1743 1586 1788 1626 in
1809 1586 1872 1626 ira
1901 1586 1960 1625 sic
1988 1585 2122 1625 effusa
2150 1588 2290 1637 posset
2317 1585 2383 1625 in-

1355 1658 1488 1710 telligi
1528 1658 1739 1710 generalis
1770 1658 1891 1710 quasi
1929 1656 2124 1697 Ecclesiae
2163 1656 2384 1698 subversio

1356 1742 1431 1783 per
1450 1730 1738 1771 carnalitatem
1757 1732 1798 1770 et
1817 1729 2103 1781 cupiditatem.

1410 1804 1475 1842 12.
1512 1800 1684 1843 Lamed.
1718 1800 1813 1842 Non
1847 1799 2122 1842 crediderunt
2151 1810 2264 1852 reyes
2301 1803 2386 1842 ter-

1355 1884 1433 1917 roe.
1466 1875 1543 1913 etc.
1579 1871 1677 1912 Post
1704 1871 1957 1923 descriptam
1986 1870 2182 1911 Ecclesiae
2211 1870 2386 1911 subver-

1356 1945 1515 1985 sionem
1542 1943 1585 1983 in
1613 1942 1854 1991 communi,
1883 1941 1953 1981 hic
1981 1941 2122 1981 subdit
2148 1941 2388 1982 evidentius

1357 2015 1479 2056 dictae
1499 2013 1790 2055 subversionis
1810 2012 2019 2053 rationem
2038 2011 2385 2063 quadruplicem:

1355 2087 1539 2140 primam
1571 2084 1709 2138 exigit
1735 2084 1781 2125 in
1807 2083 1987 2137 peccatis
2017 2082 2324 2136 prophetarum
2350 2084 2390 2123 et

1356 2157 1642 2206 sacerdotum3
1667 2155 1897 2196 secundam
1912 2155 1957 2194 in
1972 2153 2154 2206 peccatis
2175 2153 2386 2203 omnium,

1355 2232 1527 2282 propter
1558 2228 1878 2278 confidentiam,
1902 2226 2056 2267 scilicet
2084 2225 2280 2278 praesidio
2309 2225 2387 2266 110-

1357 2301 1526 2341 minum
1544 2299 1863 2340 mundanorum
1882 2313 1891 2338 :
1915 2298 2019 2339 Cum
2035 2297 2175 2339 adhuc
2196 2297 2392 2339 subsiste-

1356 2382 1511 2422 remus,
1536 2374 1631 2420 etc.;
1648 2370 1821 2411 tertiam
1838 2369 1979 2420 tangit
1994 2369 2206 2409 efficacem
2219 2380 2392 2420 promp-

1356 2442 1579 2483 titudinem
1594 2441 1937 2482 adversariorum
1954 2453 1965 2480 :
1981 2439 2206 2481 Velociores
2219 2439 2392 2489 fuerunt

1351 2516 1648 2565 persecutores,
1668 2514 1763 2561 etc.;
1784 2513 1978 2563 quartam
2000 2521 2102 2551 vero
2128 2509 2320 2550 omnium
2346 2509 2391 2549 in

1356 2576 1837 2625 communi‘Judaeorum
1856 2580 2135 2631 atrocitatem,
2152 2580 2308 2620 scilicet
2327 2592 2391 2620 eo-

1356 2668 1454 2697 rum
1476 2658 1620 2697 contra
1640 2654 1855 2695 Christum
1878 2666 1886 2693 ε
1913 2652 2103 2707 Spiritus
2123 2653 2210 2693 oris
2237 2653 2388 2702 nostri,

1357 2733 1434 2770 etc.
1454 2729 1500 2769 ln
1511 2729 1651 2782 prima.
1660 2729 1777 2780 parte
1786 2726 1926 2778 tangit
1938 2725 2075 2779 primo
2083 2725 2195 2766 hanc
2203 2737 2387 2776 causam,

1357 2802 1405 2840 ut
1422 2799 1707 2852 inopinatam3
1730 2796 1914 2838 secundo
1933 2797 2159 2849 pertractat
2179 2807 2287 2846 eam,
2302 2796 2360 2836 ibi
2378 2810 2386 2836 :

1357 2870 1530 2922 Propter
1548 2872 1743 2922 peccata,
1766 2870 1844 2908 etc.
1869 2866 1974 2906 Dicit
1996 2877 2101 2917 ergo
2121 2877 2197 2918 pro
2217 2866 2355 2918 primo
2379 2881 2386 2906 :

1356 2942 1452 2985 Non
1465 2940 1739 2983 crediderunt
1758 2948 1875 2991 reyes
1891 2941 2028 2988 terrie,
2043 2937 2083 2978 id
2099 2940 2175 2987 est,
2191 2937 2272 2978 viri
2285 2937 2389 2990 justi

1357 3015 1398 3054 et
1410 3012 1544 3053 sancti
1554 3010 1853 3064 temporalium
1865 3008 2198 3061 (100100111101057
2210 3021 2218 3047 :
2234 3022 2253 3046 (1
2268 3006 2302 3047 N
2307 3018 2389 3047 unc

1358 3086 1499 3124 autem
1519 3082 1754 3132 dormiens,
1777 3095 1796 3119 ›)
1820 3083 1896 3121 010.
1920 3082 1981 3123 Et
2007 3080 2200 3121 universi
2219 3078 2386 3120 habita-

1359 3158 1466 3197 tores
1485 3154 1613 3204 orbis,
1634 3153 1703 3194 vel
1723 3153 1872 3194 urbis:
1893 3151 1997 3192 illud
2018 3150 2162 3191 Glossa
2181 3149 2233 3189 ad
2257 3148 2389 3188 malos

1358 3226 1506 3277 refert,
1531 3225 1606 3278 qui
1626 3224 1819 3264 nesciunt
1836 3223 1973 3263 dicere
1990 3223 2004 3244 ⁸
2030 3233 2041 3262 :
2067 3235 2087 3259 <1
2109 3220 2284 3261 Advena
2304 3229 2386 3270 ego

1362 3309 1457 3339 sum
1478 3296 1592 3350 apud
1610 3298 1666 3345 10,
1688 3297 1729 3336 01
1746 3293 2016 3348 peregrinus.
2039 3306 2059 3330 1)
2089 3290 2297 3340 Quoniam
2317 3289 2387 3330 in-

1403 3395 1445 3435 (a)
1471 3395 1550 3426 Caet.
1574 3393 1655 3424 edit.
1676 3392 1826 3433 optione.
1846 3408 1887 3415 —-
1909 3391 1951 3431 (b)
1974 3392 2054 3423 Item
2074 3389 2236 3419 1001115.-
2251 3385 2293 3427 (0)
2311 3387 2385 3427 Leq,

1360 3443 1497 3475 multos.
1517 3458 1557 3466 —
1581 3441 1627 3482 (d)
1645 3441 1722 3481 Leq.
1742 3439 1923 3472 intensiva.
