2634 3853
267 59 345 98 240

267 147 379 188 licto.
401 160 419 185 υ
445 146 543 187 Fuit
560 146 687 188 etiam
708 146 867 186 beatior
888 148 1061 197 propter
1074 144 1297 186 consilium

266 217 554 269 virginitatis¹
583 231 591 258 :
617 232 637 254 «
669 216 833 257 Beatior
863 218 1006 255 autem
1037 215 1137 266 erit,
1177 215 1212 255 si
1241 215 1299 255 sic

268 288 550 342 permanserit
584 287 815 328 secundum
851 297 996 326 meum
1019 285 1295 326 consilium.»

270 358 367 400 Fuit
386 362 426 400 et
445 359 688 400 beatissima
719 358 889 410 propter
916 356 1197 408 privilegium
1222 357 1298 397 foe-

271 430 511 480 cunditatis,
529 430 582 470 ob
602 428 715 482 quod
740 430 904 468 caeterae
925 427 1126 468 mulieres
1145 427 1298 468 beatis-

271 501 422 541 simam
460 512 553 541 eam
583 498 812 551 praedicant
846 499 859 519 ²
894 511 903 539 ε
933 498 1175 540 «Viderunt
1206 511 1299 540 eam

276 571 375 612 filiae
389 603 402 622 ,
426 574 466 611 et
485 569 769 610 beatissimam
789 569 1146 622 praedicaverunt.
1168 585 1188 608 »

325 644 515 684 Secunda
548 644 654 684 ratio
691 643 914 694 laudandi,
955 647 1017 684 est
1047 644 1301 686 miraculum

269 714 482 768 potentiae,
508 715 620 767 quod
641 715 720 755 fuit
741 727 950 767 magnum
979 718 1019 755 et
1047 716 1181 768 pium.
1203 715 1302 756 Fuit

271 799 510 840 magnum3
533 791 754 841 propterea
781 788 881 828 dicit
911 788 965 840 (v.
989 788 1052 841 49)
1079 802 1088 829 :
1115 789 1224 835 Quia
1245 788 1302 839 se-

270 861 332 903 cit
351 860 460 902 mihi
474 871 630 913 maqna
647 861 751 913 quia
767 864 914 913 potens
929 863 1001 902 cst.
1021 859 1109 900 Hoc
1123 859 1302 900 refertur

272 931 324 972 ad
343 931 642 971 incarnationis
663 931 930 983 mysterium,
954 927 1062 971 sicut
1076 930 1174 970 dicit
1192 930 1304 971 Beda

271 1001 316 1042 in
345 1001 502 1042 Glossa.
535 1001 585 1042 Et
610 1002 660 1041 de
690 1001 771 1042 hoc
803 1001 957 1042 dicitur
985 1001 998 1022 ³
1023 1015 1031 1042 :
1060 1000 1179 1051 «Qui
1206 1001 1304 1042 facit

272 1084 431 1124 magna
452 1075 493 1113 et
512 1072 819 1122 inscrutabilia,
845 1075 885 1112 et
914 1072 1124 1112 mirabilia
1143 1073 1304 1125 absque

271 1155 468 1184 numero.
493 1157 512 1181 n
538 1143 844 1184 Incarnationis
864 1143 1117 1196 mysterium
1137 1146 1199 1184 est
1219 1156 1305 1185 ma-

273 1226 411 1267 gnum
429 1217 470 1255 et
482 1214 861 1267 imperscrutabile,
884 1214 1025 1255 etideo
1040 1215 1300 1267 admirabile,

273 1289 314 1327 et
342 1287 421 1327 hoc
446 1285 541 1326 fecit
565 1287 640 1338 qui
662 1290 809 1338 poiens
839 1288 920 1335 esi3
963 1287 1064 1338 quia
1095 1287 1139 1327 in
1176 1287 1306 1328 rebus

273 1356 562 1407 mirabilibus,
602 1359 650 1396 ut
687 1356 784 1397 dicit
817 1356 1083 1408 Augustinus
1116 1361 1144 1407 t,
1183 1373 1202 1395 (ι
1222 1360 1307 1399 tota

273 1428 379 1469 ratio
399 1428 495 1468 facti
515 1431 576 1468 est
595 1428 782 1481 potentia
801 1428 1005 1470 facientis.
1028 1444 1048 1466 »
1073 1429 1086 1450 ⁵
1108 1444 1127 1468 α
1155 1429 1303 1480 Omne,

274 1500 386 1552 quod
407 1499 604 1549 voluerit,
639 1499 773 1550 faciet,
796 1502 836 1539 et
855 1512 993 1540 sermo
1024 1500 1136 1541 illius
1166 1503 1305 1553 potes-

273 1573 358 1610 tate
378 1570 528 1622 plenus
545 1572 631 1621 est;
654 1581 732 1610 nec
760 1570 898 1610 dicere
918 1570 956 1610 ei
982 1571 1209 1623 quisquam
1229 1583 1303 1624 po·

273 1643 354 1682 test
377 1655 384 1680 ;
410 1640 547 1690 Quare
566 1641 624 1681 ita
649 1640 781 1681 facis?
802 1655 822 1678 ›>

331 1711 425 1752 Fuit
449 1712 573 1752 etiam
607 1712 747 1764 pium,
776 1714 817 1752 et
843 1715 1066 1765 propterea
1091 1712 1189 1753 dicit
1219 1727 1227 1753 :
1257 1713 1310 1755 Et

275 1787 471 1826 sanctum
490 1794 642 1826 nomen
663 1783 769 1835 ejus.
791 1781 909 1825 Unde
938 1786 1082 1824 sancta
1101 1787 1142 1825 et
1159 1785 1227 1837 pia
1244 1785 1308 1825 fa-

275 1853 344 1904 cit,
369 1856 417 1894 ut
439 1855 710 1895 sanctificatio
736 1855 925 1895 nominis
957 1855 1089 1908 ipsius
1109 1856 1309 1896 ostenda-

276 1927 346 1966 tur
363 1925 376 1947 θ
400 1939 408 1965 2
432 1925 737 1967 «Benedictum
748 1938 907 1966 nomen
924 1925 1074 1978 gloriae
1086 1929 1172 1967 tuae
1187 1939 1308 1967 sanc-

278 1998 424 2037 tum.»
452 1996 501 2036 Et
523 1996 718 2039 Psalmus
739 1997 779 2038 7;
808 2012 828 2036 «
847 1997 1048 2038 Sanctum
1071 2000 1112 2038 et
1126 1997 1311 2038 terribile

277 2079 434 2108 nomen
449 2069 557 2120 ejus.
580 2082 598 2105 ))
634 2068 683 2108 Et
708 2069 816 2109 ratio
845 2070 972 2121 hujus
992 2069 1257 2123 praeponitur
1297 2083 1306 2109 :

286 2154 304 2177 (ι
324 2138 670 2192 Redemptionem
693 2140 809 2180 misit
829 2141 986 2194 populo
1001 2153 1125 2182 suo.»
1143 2141 1193 2182 Et
1212 2140 1314 2193 quia

278 2221 434 2250 nomen
455 2211 548 2262 ejus
567 2210 684 2251 decet
701 2212 952 2263 sanctitudo,
973 2212 1066 2253 ideo
1086 2224 1260 2253 oramus
1275 2212 1308 2251 ⁸:

287 2295 305 2318 «
326 2280 621 2322 Sanctificetur
640 2295 797 2323 nomen
816 2285 958 2324 tuum.
981 2297 1000 2321 >³
1025 2283 1077 2324 Et
1096 2295 1247 2325 rursus
1264 2286 1278 2308 ⁹
1303 2298 1311 2323 :

287 2352 508 2401 «Domum
543 2356 658 2394 tuam
690 2354 806 2395 decet
843 2354 1094 2406 sanctitudo,
1115 2354 1307 2404 Domine,

281 2425 326 2465 in
345 2424 661 2477 longitudinem
685 2425 737 2479 (a)
763 2426 944 2467 dierum.
967 2441 986 2465 »
1021 2426 1077 2467 De
1111 2427 1178 2467 his
1206 2427 1315 2468 duo-

282 2497 378 2545 bus,
395 2496 549 2536 scilicet
568 2496 862 2549 magnitudine
881 2500 920 2537 et
938 2497 1110 2550 pietate,
1127 2497 1156 2522 ¹⁰
1185 2513 1204 2536 «
1224 2510 1313 2539 ma-

283 2567 432 2608 nifeste
454 2579 664 2618 magnum
688 2570 750 2607 est
782 2568 947 2620 pietatis
984 2572 1312 2620 sacramentum,

285 2637 399 2690 quod
415 2637 730 2678 manifestatum
759 2641 822 2679 est
855 2639 900 2678 in
934 2651 1080 2690 carne,
1105 2640 1312 2692 justifica-

284 2711 378 2749 tum
399 2712 460 2749 est
479 2709 522 2748 in
537 2709 710 2761 spiritu,
733 2709 929 2762 apparuit
957 2710 1123 2762 angelis
1137 2743 1146 2761 ,
1169 2711 1318 2764 praedi-

287 2782 430 2820 catum
450 2782 511 2820 est
530 2780 743 2831 gentibus,
766 2782 972 2822 creditum
993 2784 1055 2822 est
1073 2782 1117 2822 in
1140 2783 1315 2833 mundo,

287 2853 555 2902 assumptum
577 2854 639 2891 est
659 2851 703 2892 in
717 2852 869 2904 gloria.
890 2867 909 2891 n
927 2853 1133 2905 Magnum
1145 2854 1316 2908 quippe,

288 2921 450 2961 ratione
487 2921 742 2972 divinitatis3
783 2926 997 2975 sanctum,
1037 2925 1200 2966 ratione
1250 2938 1317 2966 as-

289 2994 470 3043 sumptae
499 2991 798 3045 humanitatis,
823 3006 965 3047 supra,
989 2995 1135 3036 eodem
1157 2997 1318 3049 capite:

292 3062 411 3110 Quod
442 3068 639 3106 nascetur
677 3075 732 3106 επ
776 3069 815 3107 te
846 3070 1066 3116 sanctum,
1102 3068 1323 3110 vocabitur

289 3134 408 3195 silius
438 3135 529 3177 Dei.
553 3134 604 3175 Et
623 3134 716 3176 ideo
736 3134 868 3188 Virgo
896 3137 940 3177 in
960 3138 1231 3190 conceptione
1244 3140 1323 3180 fuit.

333 3219 342 3240 ¹
368 3218 378 3249 1
404 3217 493 3257 Corn,
522 3225 592 3258 vn,
615 3218 667 3250 40.
693 3235 732 3241 —
751 3217 762 3236 ²
783 3217 895 3255 Cant„
920 3227 972 3260 v1,
999 3221 1028 3252 8.
1051 3237 1091 3243 -
1111 3220 1124 3242 ³
1143 3220 1215 3259 Job,
1238 3230 1269 3260 v,
1291 3224 1321 3253 9.

290 3282 330 3288 -
357 3264 370 3287 ¹·
395 3266 496 3306 Aug„
526 3264 571 3296 ad
602 3264 727 3303 Voluca,
759 3265 856 3305 epist.
887 3274 938 3306 ιιι,
962 3266 993 3298 al
1032 3275 1192 3308 cxxxvn,
1223 3277 1252 3300 c.
1285 3276 1321 3310 11,

291 3319 327 3343 n,
347 3314 376 3343 8.
393 3331 429 3336 —
448 3313 462 3335 5
482 3313 604 3352 Eccle„
629 3320 703 3350 vin,
725 3313 755 3344 4.
778 3330 813 3335 ——
834 3313 847 3335 ⁰
870 3314 971 3354 Dan„
993 3322 1047 3354 111,
1065 3316 1118 3346 52.
1135 3333 1177 3339 —
1198 3315 1209 3336 ⁷
1233 3316 1321 3348 Psal.

292 3363 353 3401 ex,
383 3361 413 3393 9.
443 3378 484 3385 -
517 3362 528 3379 ⁸
560 3359 693 3400 Matttz„
723 3367 777 3401 vi,
803 3362 835 3392 9.
863 3378 902 3385 -
934 3362 948 3383 ⁹
975 3361 1067 3395 Psal.
1102 3371 1195 3403 xc11,
1226 3365 1258 3395 8.
1283 3380 1323 3387 -

992 55 1275 98 EVANGELII
1307 54 1489 98 SANCTI
1519 57 1667 99 LUCAE

1369 146 1642 198 magnificata
1662 149 1702 187 et
1725 147 1982 188 sanctificata
2001 149 2031 174 ¹¹
2054 162 2093 189 :a
2115 147 2401 191 sanctificavit

1369 217 1692 258 tabernaculum
1729 229 1853 258 suum
1891 218 2148 261 Altissimus.
2185 236 2204 258 n
2237 220 2289 262 Et
2310 221 2400 262 haec

1370 287 1454 328 duo
1495 289 1749 341 respondent
1787 288 1955 329 duobus
1995 291 2224 342 praemissis
2259 307 2269 333 ι
2301 292 2403 346 quia

1372 359 1642 410 magnificata
1656 362 1696 400 et
1709 360 1982 411 sanctificata,
2004 360 2098 401 ideo
2113 363 2403 412 magnificavit

1372 431 1415 469 et
1431 429 1638 471 exultavit
1667 445 1676 471 ε
1699 431 1791 471 ideo
1825 431 1982 483 optime
2008 431 2217 472 rationem
2252 418 2400 474 reddit.

1427 503 1493 541 50.
1527 501 1584 544 Ec
1614 500 1910 544 misericordia
1937 502 2044 554 effus,
2067 504 2145 544 etc.
2175 501 2405 556 Postquam

1373 571 1582 624 descripta
1607 575 1671 613 est
1699 573 1909 613 laudantis
1942 573 2108 614 affectio
2137 575 2179 614 et
2208 574 2407 616 laudandi

1374 640 1494 691 ratio,
1517 643 1712 684 subditur
1730 644 1797 684 hic
1819 644 1942 685 tertio
1963 644 2118 686 divinae
2150 645 2288 686 laudis
2315 659 2405 687 am-

1374 712 1541 765 pliati03
1565 717 1605 754 et
1628 715 1709 755 hoc
1742 715 1931 755 consistit
1967 715 2011 755 in
2043 716 2407 758 commendatione

1374 783 1531 825 divinae
1551 785 1874 838 misericordiae,
1898 788 2110 839 quantum
2132 788 2183 828 ad
2211 800 2316 841 opus
2348 800 2410 829 re-

1375 855 1628 908 demptionis
1648 857 1851 898 humanae
1871 859 1959 910 jam
1973 857 2017 898 in
2037 859 2308 911 conceptione
2321 859 2412 901 Vir·

1375 926 1488 977 ginis
1520 927 1746 968 inchoatae.
1781 927 1895 980 Opus
1927 931 2071 969 autem
2112 929 2411 982 redemptionis

1376 999 1530 1038 nostrae
1554 1000 1614 1039 est
1633 998 1939 1040 declarativum
1963 1000 2263 1041 misericordiae
2283 1002 2324 1041 et
2343 1013 2411 1054 po-

1375 1069 1534 1121 tentiae,
1552 1070 1652 1122 quia
1671 1073 1733 1111 est
1761 1072 2122 1114 manifestativum
2142 1072 2356 1125 largitatis
2372 1075 2412 1113 et

1377 1141 1565 1182 veritatis
1587 1156 1595 1181 :
1619 1142 1939 1194 misericordiae,
1971 1143 2014 1183 in
2036 1144 2300 1196 reparatione
2331 1144 2410 1185 ho—

1377 1212 1637 1266 minislapsi;
1654 1213 1922 1266 potentiae‚in
1934 1215 2212 1267 prostratione
2230 1215 2408 1266 diaholi;

1378 1284 1612 1336 largitatis,
1634 1284 1680 1324 in
1712 1285 1912 1326 missione
1945 1285 2128 1338 Spiritus
2157 1287 2314 1337 sancti;
2340 1299 2412 1329 ve-

1379 1354 1532 1406 ritatis,
1552 1354 1594 1394 in
1615 1355 1915 1408 adimpletione
1943 1356 2154 1408 promissi.

1435 1425 1576 1466 Primo
1600 1426 1733 1478 igitur
1761 1426 1907 1467 laudat
1939 1426 2170 1467 Dominum
2206 1438 2334 1468 suum
2369 1427 2414 1469 in

1381 1508 1507 1550 opere
1525 1496 1844 1548 redemptionis,
1861 1496 2097 1537 secundum
2112 1496 2226 1549 quod
2242 1500 2304 1538 est
2325 1509 2416 1538 ma-

1380 1567 1672 1609 nifestativum
1705 1567 2019 1608 misericordiae.
2055 1567 2173 1608 Unde
2204 1567 2338 1609 dicit:
2365 1567 2417 1609 Et

1381 1637 1678 1680 misericordia
1708 1638 1797 1691 ejus
1832 1650 1858 1680 α
1893 1640 2092 1692 proqenie
2123 1640 2171 1682 in
2193 1641 2417 1693 proyenies

1383 1710 1632 1752 timentibus
1654 1721 1762 1752 eum.
1778 1711 1807 1734 ¹²
1835 1724 1853 1749 α
1874 1710 1983 1751 Deus
2003 1713 2170 1761 autem,
2195 1711 2270 1764 qui
2301 1711 2418 1752 dives

1383 1783 1504 1823 estin
1525 1782 1834 1833 misericordia,
1869 1785 2040 1835 propter
2070 1783 2248 1824 nimiam
2278 1782 2415 1823 chari-

1382 1857 1513 1894 tatem
1528 1866 1650 1895 snam
1673 1867 1758 1907 qua
1775 1853 1923 1895 dilexit
1942 1866 2035 1905 nos,
2053 1857 2092 1895 et
2113 1867 2211 1897 cum
2230 1867 2419 1897 essemus

1385 1925 1543 1966 mortui
1562 1925 1755 1978 peccatis,
1778 1925 2091 1968 convivificavit
2113 1938 2189 1967 nos
2221 1927 2268 1979 (b)
2300 1925 2421 1967 Chri-

1385 2000 1463 2035 sto.
1480 2009 1498 2033 »
1526 1995 1576 2035 Et
1594 1995 1638 2035 in
1656 1995 1822 2036 Psalmo
1838 1996 1868 2020 ²³
1893 2011 1900 2036 :
1932 2011 1950 2034 c(
1972 1995 2259 2038 Misericordia
2277 1999 2420 2038 autem

1385 2065 1552 2106 Domini
1569 2066 1622 2106 ab
1642 2069 1818 2117 aeterno,
1836 2069 1876 2106 et
1897 2079 2030 2119 nsque
2050 2068 2094 2108 in
2104 2070 2328 2120 aeternum,
2344 2081 2420 2110 su-

1388 2150 1463 2191 per
1482 2138 1681 2179 timentes
1697 2150 1814 2178 eum.
1839 2152 1857 2175 ›>
1883 2138 1971 2179 Hoc
1996 2138 2112 2179 enim
2127 2140 2174 2179 fit
2192 2152 2320 2192 super
2333 2152 2422 2180 om-

1387 2221 1461 2250 nes
1481 2212 1692 2262 quantum
1714 2209 1765 2250 ad
1789 2210 2048 2250 beneficium
2070 2211 2419 2262 conservationis,

1388 2281 1623 2322 secundum
1644 2281 1748 2321 illud
1770 2281 1796 2303 ¹⁸
1821 2295 1829 2321 :
1853 2296 1871 2320 c<
1889 2281 2097 2322 Miseratio
2109 2282 2296 2322 hominis
2313 2282 2424 2322 circa

1388 2353 1636 2407 proximum
1671 2364 1821 2403 suum3
1862 2353 2150 2394 misericordia
2180 2356 2326 2395 autem
2352 2353 2425 2394 Dei

1389 2436 1517 2477 super
1533 2435 1707 2464 omnem
1727 2436 1913 2465 carnem.
1934 2438 1954 2462 »
1978 2423 2261 2466 Misericordia
2278 2426 2424 2466 tamen

1388 2494 1573 2535 liberans
1594 2496 1634 2534 et
1655 2494 1823 2535 salvans
1852 2495 1903 2535 ad
1924 2494 2035 2535 solos
2061 2494 2257 2536 timentes
2283 2506 2327 2536 se
2346 2507 2425 2536 ex-

1391 2566 1538 2617 tendit,
1560 2565 1666 2605 sicut
1688 2565 1892 2618 scriptum
1912 2568 1975 2606 est
1991 2566 2017 2588 ¹5
2039 2580 2047 2606 ε
2068 2580 2087 2604 «
2110 2566 2246 2614 Quam
2266 2578 2425 2617 magna

1393 2637 1623 2678 multitudo
1649 2635 1881 2677 dulcedinis
1914 2638 2022 2686 tuae,
2059 2635 2259 2686 Domine,
2294 2648 2424 2688 quam

1393 2707 1649 2749 abscondisti
1674 2707 1923 2748 timentibus
1954 2708 2017 2747 tel
2042 2720 2061 2745 »
2086 2707 2181 2748 ldeo
2214 2706 2243 2732 ¹⁶
2269 2721 2277 2748 :
2307 2706 2425 2756 «Qui

1394 2779 1552 2820 timetis
1572 2779 1823 2829 Dominum,
1850 2780 2013 2831 sperate
2030 2778 2075 2818 in
2093 2778 2230 2818 illum.
2257 2793 2275 2816 »

1450 2850 1642 2892 Secundo
1661 2849 1806 2890 laudat
1827 2861 1926 2890 eum
1947 2849 1990 2889 in
2008 2849 2090 2889 hoc
2108 2860 2250 2901 opere,
2273 2861 2424 2890 secun-

1396 2922 1499 2963 dum
1512 2921 1625 2974 quod
1636 2923 1699 2961 est
1711 2921 2070 2962 manifestativum
2080 2920 2292 2972 potentiae,
2305 2921 2351 2961 in
2360 2921 2427 2962 de-

1391 2993 1575 3047 Jectione
1595 2992 1840 3033 daemonum
1861 2992 2157 3044 superborum,
2182 2995 2224 3032 et
2245 2992 2427 3033 divitum

1397 3064 1659 3117 iniquorum.
1691 3061 1867 3115 Propter
1885 3063 2074 3115 primum
2107 3062 2207 3104 dicit
2239 3063 2294 3115 (v.
2323 3064 2386 3116 51)
2415 3078 2424 3105 ε

1400 3195 1422 3214 ¹⁰
1442 3196 1453 3226 Ι
1476 3194 1570 3232 Tim„
1594 3199 1651 3232 111,
1674 3193 1723 3223 16.
1740 3209 1781 3216 —
1804 3191 1827 3213 ¹¹
1847 3191 1936 3223 Psal.
1956 3200 2036 3232 XLV,
2062 3193 2094 3226 5.
2112 3210 2153 3217 —
2181 3194 2207 3215 ¹2
2230 3193 2363 3235 Ephes.,
2388 3203 2427 3235 11,

1399 3244 1430 3274 4.
1458 3259 1500 3265 --
1531 3240 1554 3261 '³
1583 3238 1674 3271 Psal.
1708 3246 1774 3277 (211,
1807 3240 1856 3270 17.
1882 3256 1923 3262 -
1958 3239 1983 3261 ¹⁴
2013 3240 2132 3281 Ecclz'.,
2161 3249 2268 3282 XVIII,
2302 3243 2352 3274 12.
2391 3258 2427 3264 -

1400 3290 1422 3308 ¹⁵
1441 3287 1534 3321 Psal.
1556 3294 1646 3326 XXX,
1672 3287 1723 3317 20.
1744 3302 1785 3310 —
1813 3285 1840 3307 ¹⁶
1864 3286 1986 3325 Eccli„
2009 3294 2051 3327 Η,
2076 3288 2106 3319 9.

1442 3360 1485 3402 (α)
1507 3347 1586 3392 Coet'.
1607 3356 1689 3389 edit.
1711 3356 1933 3397 longitudine.
1954 3374 1995 3381 -
2017 3357 2058 3398 (ὁ)
2082 3358 2176 3400 Vulq.
2195 3359 2271 3391 add.
2293 3359 2338 3391 in.
