2634 3853
149 2198 252 2221 Amen.

261 245 338 282 520

258 342 335 371 vos
352 331 506 371 tentari
526 342 655 383 supra
674 330 714 371 id
732 330 845 382 quod
866 329 1051 381 potestis;
1070 329 1142 370 sed
1162 329 1287 370 faciet

258 402 385 442 etiam
406 414 504 443 cum
523 402 752 443 tentatione
769 401 1042 453 proventum,
1058 402 1106 440 ut
1122 401 1289 453 possitis

259 472 482 513 sustinere.
525 487 544 510 >³
580 471 813 512 Petendum
853 473 914 510 est
950 471 1077 511 etiam
1118 473 1290 524 propter

259 543 595 595 cognoscendam
629 543 818 581 nostram
863 539 1155 581 infirmitatem
1176 573 1186 591 ,
1223 553 1287 581 se-

260 614 446 655 cundum
468 612 570 653 illud
591 613 600 633 ¹
626 626 634 651 :
665 626 684 649 «
712 611 761 651 In
779 610 902 651 nobis
922 611 1095 663 quidem
1125 623 1211 652 non
1231 614 1293 652 est

260 688 374 725 tanta
403 683 627 733 fortitudo,
648 685 697 723 ut
722 682 934 735 possimus
963 682 1064 723 huic
1095 682 1289 723 multitu-

261 756 349 795 dini
381 754 602 800 resistere‚
637 764 733 806 quae
766 753 891 793 irruit
920 765 1047 806 super
1080 765 1173 795 005.
1212 754 1293 794 Sed

261 838 357 867 cum
378 827 628 878 ignoremus
647 825 748 878 quid
779 837 908 878 agere
935 826 1189 876 debeamus,
1213 826 1293 866 1100

262 897 399 938 solum
429 897 635 938 habemus
666 896 843 947 residui,
874 899 923 937 ut
953 897 1096 937 oculos
1130 899 1294 937 nostros

261 968 501 1019 dirigamus
535 968 586 1007 ad
617 970 670 1008 te.
693 982 712 1005 ))
754 967 871 1008 Unde
897 967 1224 1020 Chrysostomus
1242 967 1256 989 ²
1282 981 1291 1007 ε

267 1054 287 1077 (1
305 1038 565 1090 Cognoscant
588 1050 631 1079 50
652 1050 741 1078 0550
762 1038 970 1087 infirmos,
984 1040 1024 1077 et
1035 1037 1221 1088 cognitio
1236 1038 1296 1077 in-

262 1109 488 1158 firmitatis,
500 1109 765 1161 gloriationis
776 1120 948 1149 causam
957 1108 1183 1160 extinguat
1194 1109 1245 1161 (a)
1254 1123 1287 1159 ;»

263 1180 362 1232 quia
381 1211 394 1230 ,
432 1180 665 1220 secundum
700 1180 814 1232 quod
846 1179 1029 1220 dicitur³
1051 1194 1060 1219 ε
1088 1178 1220 1219 «Non
1247 1180 1293 1220 in

265 1251 536 1292 multitudine
564 1251 775 1291 exercitus
804 1251 981 1291 victoria
1011 1250 1133 1300 belli,
1154 1251 1225 1291 sed
1245 1251 1296 1291 de

264 1322 368 1363 coelo
388 1322 588 1363 fortitudo
611 1324 688 1362 051.
710 1336 728 1359 n
753 1322 962 1372 Quoniam
983 1334 1087 1374 ergo
1122 1322 1298 1362 tribula-

264 1393 322 1433 tio
341 1393 515 1433 tentatio
538 1395 623 1441 est,
646 1393 880 1434 secundum
906 1392 1010 1433 illud
1028 1397 1042 1417 ⁵
1066 1407 1074 1432 :
1104 1408 1123 1431 (‹
1144 1392 1298 1433 Beatus

265 1464 331 1503 vir
351 1464 424 1516 qui
450 1463 598 1504 suffert
618 1464 914 1514 tentationem,
936 1479 955 1501 ›)
984 1466 1080 1514 etc.;
1104 1464 1197 1504 ideo
1225 1464 1299 1517 qui

266 1534 444 1586 eripitur
471 1534 523 1574 ab
554 1535 672 1574 omni
691 1534 803 1574 malo
833 1534 1097 1584 tentationis,
1120 1535 1299 1587 eripitur

267 1617 341 1657 per
363 1617 623 1658 consequens
640 1617 663 1645 a
684 1605 795 1645 malo
815 1605 1113 1645 tribulationis.
1138 1605 1188 1645 Et
1207 1605 1299 1646 ideo

268 1688 353 1716 uon
374 1677 590 1728 oportebat
618 1676 728 1716 ultra
751 1675 820 1716 1110
839 1676 935 1716 addi
958 1690 966 1716 :
991 1676 1145 1717 Libera
1177 1685 1253 1718 7108
1274 1687 1301 1718 α

268 1747 377 1788 malo
401 1778 413 1796 ,
451 1747 570 1799 quasi
608 1747 753 1799 petitio
795 1746 970 1786 omnino
1005 1747 1196 1796 diversa3
1229 1746 1301 1787 sed

269 1818 493 1870 explicari,
518 1818 638 1870 quasi
667 1817 712 1857 in
744 1817 822 1857 hac
852 1817 1030 1857 inclusa.
1054 1817 1105 1857 Et
1129 1817 1210 1857 1100
1239 1820 1302 1858 051

270 1890 383 1942 quod
403 1889 500 1929 dicit
520 1889 629 1930 Beda
650 1890 692 1929 in
712 1889 854 1930 Glossa
874 1902 883 1929 :
907 1905 925 1928 1(
947 1888 1058 1929 Sciat
1075 1889 1303 1942 unusquis-

271 1973 353 2013 que
372 1961 416 2000 in
437 1973 486 2001 eo
507 1973 549 2002 se
569 1960 740 2001 liberari
760 1974 785 2001 a
805 1960 915 2001 malo
941 1960 1052 2013 quod
1072 1972 1158 2001 non
1180 1960 1304 2001 inser-

271 2035 342 2072 tur
361 2031 404 2071 in
423 2033 712 2075 tentationem.
736 2048 754 2070 »
780 2032 890 2073 Finit
910 2045 1016 2085 ergo
1044 2032 1178 2073 Lucas
1205 2045 1303 2073 ora-

272 2104 430 2144 tionem
450 2104 496 2145 in
515 2105 766 2152 tentatione,
799 2105 843 2145 in
868 2117 952 2158 qua
972 2105 1150 2146 dubium
1171 2108 1234 2146 est
1252 2105 1304 2146 de

274 2177 386 2215 statu
404 2175 471 2216 vel
498 2175 634 2228 lapsu.
659 2175 710 2216 Et
741 2176 835 2216 ideo
863 2188 950 2217 non
969 2175 1086 2216 addit
1107 2189 1115 2215 :
1141 2177 1301 2226 Amen,

274 2247 385 2299 quod
411 2250 473 2287 est
490 2247 693 2287 indicium
719 2247 985 2287 certitudinis
1011 2247 1213 2288 orationis
1235 2259 1306 2287 ex-

274 2318 443 2358 auditae.
466 2317 689 2359 Matthaeus
711 2331 814 2359 vero
835 2318 1071 2358 orationem
1099 2318 1303 2358 terminat

274 2389 318 2428 in
336 2388 583 2430 liberatione
613 2390 666 2429 ab
694 2389 812 2430 omni
842 2389 955 2429 malo
973 2400 1139 2442 poenae,
1162 2401 1210 2429 00
1230 2401 1305 2441 per

275 2460 354 2500 hoc
371 2472 396 2500 a
421 2463 579 2510 morte,
602 2461 653 2501 de
681 2473 766 2514 qua
793 2460 1019 2513 Apostolus
1039 2461 1052 2482 ⁵
1076 2475 1084 2500 :
1115 2476 1133 2499 (ι
1152 2460 1303 2501 Novis-

276 2533 381 2573 sime
400 2535 543 2573 autem
568 2533 743 2572 inimica
768 2532 1006 2573 destruetur
1036 2543 1153 2572 mors
1176 2546 1184 2572 :
1209 2546 1227 2569 n
1266 2533 1307 2572 et

275 2606 419 2655 postea
438 2606 498 2644 051
518 2603 722 2644 certitudo
742 2603 904 2643 salutis,
928 2603 1024 2643 Ideo
1046 2603 1139 2642 finit
1164 2602 1308 2643 dicen-

276 2676 328 2715 do
364 2689 373 2716 :
415 2679 546 2716 Amen
570 2707 581 2725 ,
614 2675 665 2715 ad
696 2675 901 2715 indicium
935 2673 1196 2714 certitudinis
1230 2685 1307 2726 pro

275 2746 346 2786 illo
360 2748 562 2798 tempore.
588 2744 669 2786 Sed
688 2745 806 2798 quia,
827 2744 1034 2797 quamdiu
1052 2744 1121 2784 hic
1141 2756 1304 2794 sumus,

277 2817 326 2857 ad
349 2816 459 2856 hanc
479 2815 775 2856 certitudinem
795 2828 882 2856 non
903 2816 1194 2868 pervenimUS,
1213 2816 1307 2856 ideo

276 2888 397 2928 tacite
424 2887 576 2927 dicitur
605 2890 645 2927 et
668 2887 875 2927 submisse
897 2899 921 2927 a
946 2887 1180 2937 sacerdote,
1209 2890 1305 2938 etc.,

275 2967 373 2996 cum
396 2958 545 2996 caetera
572 2955 616 2994 in
637 2955 762 2995 missa
782 2955 974 2996 dicantur
996 2955 1160 2996 elevata
1187 2967 1304 2997 voce.

275 3026 383 3067 Sunt
402 3029 442 3066 et
460 3026 553 3066 aliae
574 3026 866 3078 congruentiae
886 3027 1070 3068 rationes
1090 3041 1098 3067 :
1123 3027 1196 3067 sed
1214 3027 1306 3068 haec

274 3098 454 3138 sufficiat
473 3109 549 3150 pro
578 3098 788 3150 praesenti.

330 3173 368 3210 5.
411 3171 466 3213 Et
495 3170 559 3212 aii
601 3169 657 3211 ad
684 3170 780 3212 illos
801 3183 814 3210 .·
837 3170 938 3217 Quis
966 3172 1152 3212 vestrum
1172 3201 1186 3220 ,
1226 3172 1304 3210 etc.

276 3241 375 3282 Post
393 3240 638 3293 exemplum
664 3243 704 3281 et
727 3241 1027 3281 documentum
1044 3272 1057 3291 ,
1080 3241 1309 3293 subjungit

276 3313 344 3352 hic
374 3313 495 3353 tertio
521 3311 670 3353 orandi
704 3311 1026 3352 incitamentum
1047 3343 1058 3362 ,
1090 3323 1165 3363 per
1194 3311 1308 3364 quod

275 3383 508 3425 invitamur
537 3382 588 3423 ad
621 3381 829 3422 orandum
857 3382 1100 3434 frequenter
1129 3384 1170 3421 et
1202 3382 1309 3422 fidu-

321 3494 327 3509 ¹
350 3492 374 3522 11
399 3491 528 3528 paral„
547 3499 615 3529 xx,
638 3492 688 3521 12.
713 3505 751 3511 —
773 3489 787 3509 ²
808 3489 878 3520 11110
901 3492 1018 3520 auctor
1044 3489 1144 3528 Oper.
1174 3488 1306 3529 imperf.

277 3539 311 3568 in
332 3539 466 3579 Mami,
484 3539 576 3570 hom.
598 3545 720 3569 xiV.—
740 3538 750 3556 ³
775 3538 782 3567 Ι
806 3535 928 3574 Maeli„
949 3544 1004 3575 111,
1033 3538 1079 3567 19.
1094 3553 1133 3558 -
1155 3537 1162 3554 ³
1184 3537 1268 3576 lacu,
1283 3544 1306 3575 1,

986 240 1270 282 EVANGELII
1302 229 1490 281 SANCTI
1520 238 1668 281 LUCAE

1364 328 1538 369 cialiter.
1561 329 1612 369 Et
1631 329 1758 370 hahet
1783 329 1877 371 haec
1903 343 2001 384 pars
2017 335 2120 375 duas
2150 348 2160 376 :
2191 335 2235 376 in
2256 335 2395 388 prima

1362 400 1614 452 proponitur
1644 400 1969 443 incitamentum
1998 405 2051 445 ad
2082 407 2282 447 orationis
2313 407 2396 447 fre-

1364 470 1580 521 quentiam
1595 484 1605 519 ;
1629 470 1673 510 in
1695 471 1879 512 secunda
1907 484 2009 514 vero
2038 475 2088 514 ad
2117 477 2264 516 orandi
2286 477 2392 517 fidu-

1364 539 1473 579 ciam
1492 571 1503 590 ,
1537 541 1596 580 ibi
1620 540 1633 562 ⁶
1657 555 1665 581 :
1700 541 1801 588 Quis
1836 545 1973 584 autem
2005 554 2060 585 6oe
2090 545 2206 587 vobis
2230 551 2397 598 patrem

1362 611 1496 662 petit,
1516 613 1609 651 etc‘?
1633 611 1714 652 Ista
1735 612 1850 652 enim
1881 613 1965 653 duo
1998 618 2116 665 sunt,
2139 628 2234 668 quae
2255 618 2390 658 maxi-

1365 692 1434 721 me
1464 681 1666 722 orationis
1688 683 1874 723 fructum
1893 689 2124 735 evacuant,
2146 686 2300 728 scilicet
2321 700 2396 729 ne-

1367 751 1590 803 gligentia,
1610 754 1652 792 et
1671 753 1917 794 diffidentia.
1941 754 2056 795 Circa
2075 755 2398 798 incitamentum

1366 821 1616 874 frequentiae
1647 823 1732 864 duo
1763 824 2036 865 insinuantur
2067 840 2075 866 ι
2110 826 2301 878 primum
2339 832 2400 869 est

1368 892 1600 933 similitudo
1623 893 1864 945 incitativa;
1886 896 2120 936 secundum
2141 899 2203 936 est
2219 898 2401 939 eruditio

1367 962 1658 1014 informativa,
1690 964 1746 1004 ibi
1765 964 1778 985 ⁷
1803 979 1812 1005 ε
1837 965 1893 1008 Ei
1913 976 1985 1019 690
2016 967 2112 1009 dico
2141 968 2258 1009 vobis
2279 980 2292 1008 .·
2324 967 2399 1010 Pe-

1369 1034 1474 1084 tite,
1500 1037 1539 1077 et
1559 1034 1735 1076 dabitur
1759 1035 1890 1078 vobis.
1927 1037 2143 1085 Quantum
2175 1043 2319 1079 autem
2350 1040 2403 1079 ad

1370 1103 1691 1145 similitudinem
1721 1105 1982 1148 incitativam
2015 1108 2068 1149 ad
2097 1109 2298 1149 orationis
2318 1109 2404 1149 fre-

1370 1175 1612 1228 quentiam,
1635 1175 1964 1218 introducuntur
1984 1178 2066 1218 tria
2092 1193 2100 1219 :
2133 1179 2323 1231 primum
2343 1182 2405 1220 est

1370 1246 1664 1299 opportunitas
1683 1247 1924 1299 postulans;
1948 1249 2181 1289 secundum
2209 1253 2272 1290 est
2299 1250 2405 1290 diffi-

1371 1317 1503 1358 cultas
1533 1329 1732 1358 recusans
1757 1332 1767 1368 ;
1798 1319 1972 1358 tertium
2000 1321 2063 1359 est
2106 1320 2406 1372 importunitas

1370 1390 1603 1441 impetrans
1621 1421 1630 1438 ‚
1655 1391 1704 1429 ut
1730 1400 1784 1429 ex
1809 1389 1890 1429 hoc
1920 1389 2167 1430 ostendatur
2187 1421 2199 1438 ,
2234 1394 2406 1443 quantae

1372 1459 1570 1500 efficaciae
1593 1459 1646 1499 sit
1675 1459 1809 1500 oratio
1844 1459 2090 1512 importuna
2121 1464 2161 1501 et
2188 1461 2403 1502 continua.

1427 1529 1570 1570 Primo
1584 1530 1737 1581 igitur,
1753 1533 1963 1583 quantum
1977 1530 2029 1571 ad
2043 1531 2406 1583 opportunitatem

1373 1602 1680 1654 postulantem,
1709 1601 1808 1642 dicit
1838 1614 1848 1642 :
1887 1602 1989 1650 Quis
2023 1606 2209 1643 vestrum
2240 1602 2408 1646 habebit

1375 1673 1594 1714 amicum?
1631 1672 1707 1712 Hic
1756 1672 1917 1724 legitur
1965 1673 2300 1724 interrogative;
2337 1674 2408 1714 sed

1375 1742 1520 1782 Glossa
1555 1742 1649 1784 vult
1685 1743 1799 1795 quod
1836 1743 2005 1795 legatur
2034 1743 2257 1784 remissive
2285 1744 2405 1796 Quis,

1374 1814 1455 1854 hoc
1476 1816 1539 1854 est
1559 1813 1734 1867 aliquis,
1760 1815 1857 1856 etsi
1875 1815 1985 1867 quia
2020 1813 2108 1855 Hoc
2136 1817 2277 1854 tamen
2310 1815 2410 1855 dici-

1376 1889 1446 1926 tur
1473 1889 1520 1926 ut
1550 1886 1795 1926 ostendatur
1828 1886 1916 1927 veri
1948 1885 2073 1925 amici
2101 1886 2312 1938 pretium,
2344 1898 2409 1926 se-

1376 1957 1563 1998 cundum
1599 1957 1705 1998 illud
1743 1959 1757 1980 ⁸
1787 1970 1795 1996 :
1827 1956 2008 1996 «Amico
2044 1956 2159 1997 fideli
2194 1956 2314 1997 nulla
2349 1959 2412 1997 est

1377 2028 1651 2081 comparatio,
1667 2030 1708 2068 et
1721 2039 1807 2068 non
1828 2030 1890 2067 est
1904 2027 2035 2079 digna
2050 2027 2296 2079 ponderatio
2316 2028 2410 2068 auri

1378 2102 1419 2140 et
1440 2099 1606 2151 argenti
1639 2101 1784 2139 contra
1820 2098 2052 2138 bonitatem
2089 2098 2186 2139 fidei
2221 2098 2350 2139 illius.
2386 2112 2405 2135 n

1378 2169 1429 2211 Et
1447 2170 1602 2210 iterum
1627 2183 1636 2209 :
1661 2184 1680 2207 (ι
1698 2169 1872 2209 Amicus
1885 2169 2033 2219 fidelis,
2048 2169 2409 2210 medicamentum

1378 2241 1477 2282 vitae
1491 2273 1500 2291 ‚
1524 2243 1564 2281 et
1583 2239 1936 2290 immortalitatis;
1958 2242 1999 2280 et
2024 2240 2097 2292 qui
2118 2242 2318 2281 metuunt
2338 2240 2412 2280 Do-

1380 2311 1566 2361 minum,
1601 2310 1822 2351 invenient
1854 2309 2002 2350 illum:
2014 2324 2033 2347 »
2069 2309 2133 2350 Ad
2154 2309 2284 2350 istum
2305 2322 2410 2362 ergo

1379 2381 1632 2423 fiducialiter
1662 2381 1911 2420 recurritur.
1935 2379 1985 2420 Et
2011 2380 2105 2420 ideo
2124 2380 2295 2420 additur
2318 2395 2327 2421 :
2351 2382 2412 2423 Ec

1381 2452 1461 2494 ibic
1481 2451 1539 2493 ad
1559 2451 1681 2493 illum
1701 2449 1846 2492 media
1864 2454 1984 2493 nocie
2001 2482 2011 2501 ,
2035 2450 2136 2503 quia
2149 2482 2162 2500 ,
2185 2449 2292 2491 sicut
2310 2451 2411 2491 dici-

1381 2526 1483 2564 tur⁹
1508 2537 1517 2563 :
1548 2538 1567 2561 «
1590 2522 1714 2563 Omni
1734 2525 1926 2574 ternpore
1964 2521 2106 2573 diligit
2141 2521 2217 2574 qui
2250 2522 2412 2563 amicus

1382 2597 1464 2644 est,
1499 2596 1540 2634 01
1565 2594 1694 2634 frater
1723 2593 1769 2632 in
1800 2592 2009 2645 angustiis
2042 2593 2406 2645 comprobatum»

1382 2667 1422 2705 et
1467 2664 1541 2704 tali
1590 2663 1841 2704 fiducialiter
1886 2663 2110 2704 necessitas
2158 2663 2410 2716 exponitur3

1382 2738 1555 2789 propter
1577 2735 1691 2788 quod
1710 2734 1877 2775 additur
1900 2748 1909 2775 :
1932 2734 1988 2777 Ec
2003 2734 2113 2777 dicet
2129 2734 2199 2776 illi
2217 2748 2225 2774 :
2249 2735 2410 2786 Amice,

1383 2806 1601 2850 commoda
1620 2806 1728 2847 milii
1747 2809 1828 2848 tres
1844 2816 1993 2858 panes.
2017 2806 2067 2847 Et
2083 2807 2178 2857 hoc,
2205 2806 2300 2858 lege
2321 2807 2412 2859 pie-

1383 2878 1479 2918 tatis
1505 2880 1546 2918 et
1577 2877 1791 2918 charitatis
1807 2876 2068 2926 communis,
2106 2877 2157 2917 de
2189 2889 2274 2929 qua
2311 2877 2412 2917 dici-

1382 2951 1454 2989 tur
1468 2949 1496 2974 ¹0
1513 2962 1520 2989 :
1539 2963 1558 2986 «
1579 2947 1749 2999 Frange
1766 2947 1967 2988 esurienti
1981 2959 2134 3000 panem
2146 2949 2286 2997 tuum,
2305 2961 2324 2984 »
2334 2949 2411 2987 etc.

1382 3019 1434 3060 Et
1443 3019 1721 3061 Ecclesiastes
1740 3020 1767 3041 ¹¹
1781 3033 1789 3060 :
1801 3034 1820 3058 t(
1834 3019 1949 3060 Mitte
1968 3029 2122 3071 panem
2140 3019 2265 3057 tuum
2287 3029 2415 3070 super

1382 3093 1647 3131 transeuntes
1675 3101 1821 3142 aquas.
1843 3104 1863 3128 »
1902 3091 2014 3141 Lege
2056 3088 2184 3128 etiam
2232 3088 2414 3130 fidelita-

1382 3162 1437 3202 tis
1457 3164 1498 3202 et
1517 3160 1713 3202 amicitiae
1734 3160 1939 3213 specialis,
1954 3161 2127 3212 propter
2139 3159 2253 3212 quod
2271 3159 2411 3200 addit:

1387 3234 1601 3286 Quoniam
1627 3232 1790 3274 amicus
1823 3240 1940 3272 meus
1958 3229 2076 3272 venii
2093 3229 2142 3271 de
2162 3230 2236 3271 via
2256 3229 2315 3271 ad
2334 3240 2411 3281 me,

1384 3308 1421 3346 ec
1439 3314 1524 3346 non
1543 3302 1669 3345 habeo
1689 3301 1803 3355 quod
1818 3310 1978 3354 ponam
2011 3303 2108 3343 anie
2128 3300 2266 3343 ilium.
2288 3300 2339 3340 Et
2357 3300 2416 3341 ita

1385 3389 1435 3418 12.
1457 3404 1497 3410 -
1517 3386 1529 3406 ⁵
1551 3386 1562 3416 1
1585 3385 1674 3425 Cor„
1697 3392 1754 3424 κν,
1781 3385 1832 3416 26.
1857 3400 1896 3408 -
1917 3384 1928 3401 ⁰
1954 3383 2030 3423 his„
2058 3385 2107 3415 11.
2129 3400 2165 3405 -
2189 3383 2198 3401 ⁷
2220 3382 2296 3423 inf„
2324 3384 2353 3414 9.
2375 3400 2414 3406 —

1384 3435 1397 3457 8
1414 3434 1529 3472 Eccli„
1549 3442 1594 3473 iv,
1615 3435 1665 3473 15,
1691 3432 1804 3463 &Ge-⁹
1822 3432 1930 3471 Prov„
1951 3440 2035 3472 xvu,
2056 3432 2152 3463 17.-
2170 3431 2198 3453 1⁰
2217 3430 2295 3467 Isa„
2316 3438 2414 3472 Lviii,

1383 3483 1413 3512 7.
1429 3499 1469 3504 —
1491 3481 1514 3502 ¹1
1536 3478 1658 3523 Eccle.,
1679 3486 1728 3518 xx,
1753 3482 1778 3510 t.

1425 3535 1470 3574 (a)
1493 3532 1546 3565 Al.
1571 3531 1756 3572 extinguet.
1774 3550 1810 3554 —
1835 3531 1875 3572 (b)
1902 3532 1984 3564 Caet.
2005 3531 2084 3564 edit.
2107 3529 2369 3563 Ecclesiasticus.
2425 3539 2427 3542 ¹
