2634 3853
139 971 260 1000 Divisio.

138 1826 260 1855 Divisio.

287 233 364 271 526

280 319 375 369 tiae,
399 332 419 356 1)
444 321 521 360 etc.
544 318 595 360 Et
616 321 735 372 post:
763 333 782 357 α
812 316 910 358 Haec
940 312 1083 355 omnia
1110 309 1308 362 operatur

279 401 392 430 unus
412 392 537 442 atque
557 390 668 431 idem
688 388 882 441 spiritus,
905 384 1099 426 dividens
1125 377 1308 430 singulis

279 462 406 512 prout
431 460 539 501 vult.
568 476 585 498 n
619 460 699 500 lste
728 458 899 511 spiritus
920 456 1045 496 datur
1070 450 1308 504 petentibus

281 532 322 570 et
352 531 706 580 desiderantibus,
738 527 971 568 secundum
999 522 1103 564 illud
1129 526 1140 546 ²
1165 535 1173 560 :
1209 537 1227 560 c(
1256 520 1309 561 Os

281 613 426 642 meum
440 601 601 654 aperui,
616 602 656 640 et
668 598 820 639 attraxi
833 596 1045 650 spiritum.
1057 597 1126 631 »³«
1140 592 1308 643 Onager

280 674 471 712 assuetus
498 672 542 711 in
568 670 814 717 solitudine,
844 668 889 707 in
918 664 1124 707 desiderio
1152 662 1308 703 animae

279 754 369 783 suae
394 742 566 782 attraxit
590 745 767 783 ventum
787 738 944 780 amoris
965 736 1044 777 sui.
1068 748 1088 772 1)
1111 734 1175 775 Ad
1195 733 1309 773 hunc

280 814 393 854 enim
429 812 625 866 spiritum
655 811 821 852 Domini
853 808 1036 861 suspirat
1066 808 1307 846 sanctorum

282 884 452 936 spiritus
471 883 509 923 ³:
534 898 553 922 a
573 882 757 935 Spiritus
782 880 990 934 postulat,
1012 893 1031 915 1)
1057 880 1134 918 etc.

334 958 398 996 «14.
420 954 473 997 Et
497 958 588 996 erat
605 954 724 996 Jesus
743 953 917 1005 ejiciens
937 949 1208 997 dcentonz‘um,
1228 949 1305 987 etc.

280 1025 397 1067 Sicut
416 1025 610 1066 habitum
629 1025 708 1065 fuit
737 1024 782 1064 in
813 1021 1020 1076 principio
1040 1018 1137 1059 libri
1156 1018 1183 1068 ⁸,
1203 1017 1310 1057 liber

279 1098 357 1138 iste
375 1097 503 1137 habet
521 1098 704 1149 quatuor
719 1096 872 1148 ρει-105,
885 1102 1070 1146 quarum
1089 1089 1229 1142 prima
1248 1091 1310 1128 est

279 1169 329 1209 de
360 1167 510 1209 Christi
536 1168 716 1216 natura3
744 1164 926 1206 secunda
950 1174 1053 1203 vero
1084 1161 1135 1201 de
1158 1159 1310 1201 Christi

278 1239 466 1280 doctrina
491 1251 500 1276 :
532 1241 573 1279 et
605 1238 698 1279 haec
721 1236 907 1290 incoepit.
932 1233 983 1276 Et
1013 1233 1140 1274 habet
1170 1233 1310 1285 partes

279 1311 404 1360 duas,
426 1309 661 1350 secundum
684 1309 768 1349 duo
793 1318 922 1360 opera
950 1303 1172 1358 sapientis,
1203 1313 1311 1355 quo—

279 1393 376 1422 rum
396 1380 577 1422 alterum
591 1382 653 1421 est
669 1392 756 1421 non
769 1377 960 1426 mentiri;
981 1375 1177 1424 alterum,
1195 1386 1311 1414 men-

281 1454 451 1495 tientem
472 1452 739 1493 manifestare
760 1461 897 1504 posse.
921 1447 1042 1489 Prior
1062 1447 1197 1499 igitur
1214 1457 1312 1499 pars

281 1527 343 1565 est
371 1524 422 1564 de
445 1523 623 1565 veritate
654 1520 903 1563 declaranda
928 1519 980 1560 ad
1002 1517 1311 1570 discipulorum

280 1595 622 1636 informationem
638 1606 648 1643 3
665 1592 884 1646 posterior,
901 1590 952 1631 de
970 1589 1147 1629 falsitate
1164 1588 1309 1629 confu-

281 1666 407 1707 tanda
437 1678 512 1719 per
537 1665 786 1705 Judaeorum
813 1661 1132 1703 adversantium
1162 1659 1310 1699 confu-

282 1737 497 1777 tationem.
519 1735 654 1776 Priori
674 1736 792 1786 parte
817 1733 1058 1781 terminata,
1080 1730 1149 1770 hic
1166 1729 1313 1781 incipit

280 1807 423 1848 altera.
457 1806 667 1847 Dividitur
697 1807 842 1845 autem
872 1803 965 1843 haec
997 1813 1094 1854 pars
1126 1801 1172 1840 in
1207 1812 1311 1853 qua-

282 1880 393 1928 tuor,
417 1878 461 1917 in
488 1889 670 1930 quarum
702 1875 841 1929 prima
859 1873 1048 1914 confutat
1067 1872 1312 1913 Judaeorum

284 1948 571 1999 dolositatem3
610 1947 656 1987 in
703 1945 909 1995 secunda,
959 1943 1219 1996 impietatem
1248 1941 1261 1963 ¹⁵
1299 1952 1309 1981 ε

281 2020 417 2061 Erant
454 2022 596 2062 uectem
639 2018 1031 2070 appropinquantes
1054 2047 1064 2065 ,
1112 2016 1215 2063 ete.;
1267 2012 1312 2053 in

280 2090 401 2130 tertia
422 2089 712 2130 curiositatem
735 2088 748 2110 ⁶
782 2102 790 2128 ε
815 2088 1103 2139 Interroautus
1123 2089 1262 2127 autem
1287 2095 1313 2125 α

282 2162 535 2211 Pharisoez's,
564 2163 660 2210 etc.;
683 2159 727 2199 in
751 2161 924 2212 quarta,
956 2156 1310 2204 incredulitatem,

280 2232 389 2272 infra
420 2233 434 2254 ⁷
465 2247 474 2272 :
514 2232 568 2274 Et
606 2232 771 2282 factum
808 2234 891 2279 est,
936 2239 1031 2270 cum
1084 2227 1316 2280 appropin-

280 2307 447 2356 quassu
457 2335 470 2354 ,
499 2306 578 2344 ete.
612 2303 659 2343 In
693 2300 946 2343 confutando
975 2301 1119 2340 autem
1155 2297 1314 2339 dolosi-

278 2378 408 2415 tatem
438 2374 703 2425 Judaeorum,
725 2373 865 2426 primo
897 2371 1087 2412 confutat
1118 2368 1316 2410 dolosita-

278 2449 363 2487 tem
386 2445 739 2487 calumniantium
765 2442 977 2484 mirabilia
1004 2454 1058 2483 ex
1086 2443 1203 2494 parte
1222 2440 1313 2481 effi-

278 2518 445 2567 cientis;
486 2517 531 2557 in
570 2516 753 2557 secunda
787 2526 916 2565 vero,
953 2526 1006 2554 ex
1043 2515 1163 2566 parte
1202 2514 1311 2552 tem-

278 2589 393 2642 poris
420 2592 433 2614 8
466 2600 475 2628 :
510 2588 616 2630 Erat
647 2591 790 2630 autem
827 2586 979 2628 docens
1014 2585 1064 2626 in
1093 2593 1315 2637 synaqoqa

280 2672 421 2704 eorum
453 2660 656 2703 sabbatis.
700 2659 844 2700 Prima
871 2658 914 2698 in
954 2657 1059 2697 duas
1093 2655 1312 2706 dividitur,

278 2732 323 2773 in
342 2744 525 2786 quarum
538 2731 677 2784 prima
692 2730 880 2771 confutat
896 2728 916 2770 J
922 2728 1145 2769 udaeorum
1159 2726 1313 2767 dolosi-

281 2807 409 2844 tatem
429 2807 470 2844 et
489 2802 719 2851 fallaciam,
741 2801 786 2840 in
812 2799 994 2840 secunda
1013 2798 1212 2839 informat
1230 2797 1315 2838 dis-

281 2876 441 2930 cipulos
469 2888 568 2918 suos
592 2875 645 2916 ad
678 2874 794 2914 illam
822 2873 1039 2915 vitandam
1058 2872 1071 2893 ⁵³
1094 2885 1103 2912 :
1138 2870 1316 2912 «Multis

282 2950 425 2989 autem
445 2947 582 2988 turbis
601 2944 964 2987 concurrentibus.
986 2958 1005 2981 n
1031 2942 1176 2984 Prima
1201 2954 1313 2995 pars,

283 3031 380 3073 quae
426 3019 612 3059 continet
648 3028 834 3070 praesens
867 3017 1005 3069 caput,
1038 3014 1244 3056 dividitur
1271 3013 1316 3053 in

284 3092 424 3144 partes
450 3092 551 3140 tres,
571 3089 617 3128 in
651 3101 834 3141 quarum
865 3087 1004 3140 prima
1028 3085 1215 3126 confutat
1234 3083 1316 3124 fal-

284 3162 433 3203 laciam
462 3159 868 3213 blasphemantium
902 3159 947 3199 in
974 3157 1172 3207 secunda,
1194 3155 1317 3196 falla-

284 3234 397 3275 cium
417 3232 690 3281 tentantium,
707 3231 795 3271 sive
813 3228 1157 3278 discredentium,
1179 3227 1287 3268 infra
1304 3238 1313 3265 :

289 3306 437 3347 Turbis
460 3308 603 3347 autem
627 3302 994 3351 concurrentibus,
1017 3302 1092 3341 etc.
1126 3299 1174 3340 ln
1194 3298 1317 3340 tertia

325 3390 336 3410 1
364 3387 454 3420 Psal.
476 3395 604 3427 cxvm,
626 3386 698 3417 131.
720 3402 756 3407 —-
783 3384 946 3424 Herem„
971 3391 1016 3424 11,
1036 3384 1088 3415 24.
1109 3400 1150 3406 —
1177 3381 1190 3403 ³
1211 3382 1316 3420 Rom„

284 3443 359 3475 v111‚
380 3437 432 3468 26
453 3434 622 3465 —⁸Vid.
640 3441 728 3472 sup„
748 3441 826 3472 pag
842 3434 914 3470 211,
936 3432 999 3463 0.(11
1024 3431 1140 3462 2.-5
1162 3430 1236 3470 tuf„
1262 3438 1317 3471 xv,

336 3477 1316 3523 θ-1111.,111’11,21).--11111.,1111,29.--[*1111.,1111,

286 3533 336 3563 10.
357 3529 543 3569 -21n1.‚
575 3529 628 3560 29.
656 3525 859 3566 -¹⁰lnf.‚
891 3528 943 3558 33.
970 3523 1178 3564 —¹¹lnf.,
1206 3525 1255 3558 17.
1276 3542 1318 3548 —

1020 217 1300 263 EVANGELII
1331 216 1516 259 SANCTI
1547 217 1698 260 LUCAE

1384 318 1487 348 vero
1505 307 1714 348 fallaciam
1727 307 2037 361 simulantium,
2051 310 2110 351 ibi
2127 312 2182 351 ¹⁰:
2205 310 2333 353 Nemo
2350 310 2416 353 lu-

1382 387 1552 419 cernam
1565 377 1776 427 accendit,
1798 381 1872 418 etc.
1895 378 2086 421 Primum
2101 381 2281 422 istorum
2299 383 2361 422 est
2375 381 2418 421 in

1383 449 1513 489 verbo
1525 462 1536 499 ;
1567 449 1802 489 secundum
1842 449 1884 490 in
1917 451 2080 502 animo;
2111 453 2284 494 tertium
2318 465 2420 494 vero

1383 519 1571 559 consistit
1591 520 1634 559 in
1657 532 1927 572 quocumque
1953 520 2092 572 signo.
2113 522 2176 563 Ad
2196 523 2416 564 confutan-

1383 590 1481 630 dam
1502 593 1646 631 autem
1668 591 1874 632 fallaciam
1901 591 2310 644 blasphemantium,
2338 594 2420 634 tria

1383 660 1715 703 introducuntur
1731 674 1740 703 :
1755 662 1894 714 primo
1905 663 2019 702 enim
2031 663 2079 702 fit
2088 663 2300 715 expressio
2311 665 2420 705 frau-

1383 730 1447 771 dis
1457 731 1663 783 jUdaicae3
1678 731 1861 773 secundo
1872 743 1990 782 vero,
2003 731 2255 784 improbatio
2264 734 2422 788 fraudis

1383 813 1610 854 expressae,
1628 802 1687 843 ibi
1708 803 1733 824 ¹¹
1759 817 1767 843 :
1785 803 1878 854 Ipse
1899 807 2040 844 autem
2059 807 2107 846 ut
2127 803 2243 846 vidit
2261 806 2420 858 coqua-

1340 885 1346 888 ·
1384 875 1530 924 tiones,
1555 877 1650 924 ete.;
1687 874 1810 916 tertio
1835 886 1952 926 vero,
1975 876 2286 917 commendatio
2312 879 2424 918 veri-

1383 945 1478 985 tatis
1497 948 1690 995 ostensae,
1715 945 1772 985 ibi
1792 946 1819 967 ¹²
1848 959 1858 986 ε
1881 946 2057 987 Factum
2083 950 2144 988 est
2165 949 2308 989 autem
2327 958 2422 989 cum

1383 1015 1468 1057 hoec
1485 1015 1657 1066 diceret,
1673 1018 1750 1057 ete.
1773 1016 1888 1058 Circa
1908 1016 2223 1069 expressionem
2239 1017 2422 1069 judaicae

1382 1086 1559 1137 fraudis,
1580 1086 1657 1127 tria
1675 1086 1876 1138 exprimit
1897 1085 2169 1138 Evangelista
2195 1099 2205 1125 ε
2235 1088 2424 1140 primum

1385 1160 1447 1198 est
1461 1157 1636 1198 materia
1652 1157 1788 1198 laudis
1804 1158 1981 1208 divinae;
1998 1158 2234 1199 secundum
2247 1161 2309 1199 est
2319 1158 2425 1199 blas·

1386 1228 1557 1281 phemia
1585 1228 1744 1269 fraudis
1776 1228 2001 1279 humanae;
2033 1229 2208 1270 tertium
2237 1231 2298 1270 est
2319 1241 2424 1270 con-

1385 1299 1591 1340 troversia
1609 1299 1693 1340 litis
1710 1299 1939 1352 adJunctae.

1441 1370 1583 1411 Primo
1603 1370 1740 1422 igitur
1752 1402 1763 1421 ,
1786 1373 1997 1423 quantum
2016 1370 2069 1411 ad
2088 1371 2309 1412 materiam
2328 1370 2423 1411 lau-

1387 1441 1451 1482 dis
1475 1442 1648 1491 divinae,
1679 1442 1781 1482 dicit
1809 1455 1817 1481 :
1847 1441 1907 1484 Et
1938 1444 2029 1483 erat
2061 1440 2237 1492 ejiciens
2267 1441 2422 1484 dcemo-

1386 1515 1535 1564 nium,
1577 1517 1615 1555 et
1653 1512 1763 1554 illud
1801 1516 1892 1554 erat
1924 1515 2102 1562 mutum,
2144 1514 2221 1552 etc.
2256 1512 2302 1552 In
2339 1525 2423 1565 quo

1387 1585 1516 1626 simul
1535 1587 1776 1636 tanguntur
1803 1583 1887 1624 duo
1920 1583 2140 1632 miracula,
2175 1583 2263 1624 imo
2296 1584 2424 1624 etiam

1387 1655 1482 1695 tria.
1506 1655 1623 1696 Unde
1640 1654 1752 1695 Beda
1766 1655 1812 1694 in
1827 1653 1972 1694 Glossa
1991 1668 2000 1693 ;
2022 1667 2042 1691 (1
2054 1652 2178 1693 Hunc
2191 1653 2425 1695 daemonia-

1389 1739 1487 1767 cum
1521 1726 1575 1778 (a)
1611 1726 1737 1766 etiam
1770 1736 1933 1766 caecum
1965 1724 2092 1765 fuisse
2122 1725 2236 1776 dicit,
2264 1725 2310 1765 in
2340 1737 2426 1778 quo

1388 1798 1469 1838 tria
1496 1797 1701 1838 miracula
1726 1809 1752 1837 a
1776 1796 1954 1837 Domino
1981 1796 2091 1836 fiunt
2106 1810 2116 1845 ;
2153 1796 2253 1848 quia
2287 1808 2425 1837 caecus

1388 1870 1518 1921 videt,
1540 1872 1688 1910 mutus
1715 1869 1918 1922 loquitur,
1941 1880 2159 1920 possessus
2178 1880 2203 1908 a
2231 1867 2424 1910 daemone

1388 1942 1606 1982 liberatur.
1623 1955 1641 1979 1)
1668 1940 1718 1982 Et
1737 1941 1783 1981 in
1800 1940 1881 1980 hoc
1900 1942 1989 1980 erat
2009 1938 2186 1980 materia
2203 1938 2342 1979 laudis
2361 1939 2426 1980 di-

1389 2012 1525 2062 vinae,
1566 2014 1654 2052 tam
1688 2023 1742 2052 ex
1779 2013 1897 2063 parte
1934 2010 2096 2061 curati,
2135 2022 2266 2063 quam
2304 2009 2426 2050 assis-

1389 2084 1584 2124 tentium.
1622 2082 1798 2136 Propter
1831 2082 1946 2135 quod
1975 2081 2106 2122 dicit:
2141 2082 2196 2124 Et
2219 2092 2314 2124 cum
2344 2080 2426 2134 eje-

1390 2157 1515 2198 cisset
1534 2147 1806 2205 stremonium,
1835 2154 1999 2196 locutus
2017 2157 2081 2196 est
2102 2157 2262 2205 mutus,
2285 2157 2325 2196 et
2343 2153 2423 2195 ad-

1392 2229 1561 2270 miratoe
1581 2230 1681 2269 Sunt
1712 2225 1859 2269 turboe.
1883 2225 1934 2265 Et
1954 2225 2014 2265 sic
2040 2224 2264 2277 impletum
2284 2227 2347 2265 est
2375 2224 2427 2264 il-

1390 2298 1464 2339 lud
1478 2298 1506 2319 ¹³
1527 2312 1535 2339 :
1554 2313 1574 2337 α
1593 2297 1711 2339 Tunc
1736 2296 1977 2348 aperientur
1997 2295 2108 2336 oculi
2129 2307 2338 2336 caecorum
2352 2327 2363 2346 ,
2385 2299 2427 2336 et

1391 2381 1515 2410 aures
1536 2369 1764 2410 surdorum
1790 2367 2009 2420 patebunt.
2032 2366 2151 2408 Tunc
2172 2367 2292 2408 saliet
2318 2367 2426 2408 sicut

1391 2452 1544 2482 cervus
1574 2440 1764 2490 claudus,
1793 2441 1834 2480 et
1865 2441 2011 2492 aperta
2046 2438 2126 2479 erit
2154 2438 2306 2490 lingua
2334 2451 2426 2479 mu-

1389 2515 1548 2553 torum.
1565 2526 1584 2549 n
1610 2511 1743 2553 Tanta
1756 2512 1900 2552 autem
1917 2509 2138 2560 miracula,
2154 2509 2282 2550 simul
2301 2511 2424 2561 facta,

1392 2586 1492 2625 sunt
1509 2583 1804 2625 admirationis
1817 2585 1858 2623 et
1873 2582 2011 2623 laudis
2027 2593 2168 2632 causa,
2190 2582 2426 2622 secundum

1391 2654 1496 2695 illud
1525 2655 1553 2677 ¹⁸
1584 2666 1594 2695 :
1623 2670 1643 2694 (1
1662 2654 1879 2695 Terribilis
1908 2652 2138 2704 DominUS,
2169 2654 2211 2693 et
2240 2664 2428 2704 magnus

1391 2726 1681 2777 vehementer,
1720 2729 1761 2766 et
1800 2725 2005 2766 mirabilis
2047 2723 2233 2777 potentia
2277 2723 2423 2777 ipsius.

1392 2796 1678 2838 Glorificantes
1698 2796 1928 2837 Dominum
1944 2797 2343 2848 quantumcumque
2357 2807 2428 2848 po-

1391 2868 1579 2918 tueritis;
1609 2867 1894 2920 supervalebit
1919 2866 2070 2918 adhuc,
2100 2868 2140 2907 et
2166 2865 2426 2907 admirabilis

1392 2939 1710 2992 magnificentia
1741 2939 1849 2991 eJus.
1870 2952 1889 2975 1)
1927 2937 2045 2978 Unde
2071 2948 2171 2978 vere
2197 2938 2427 2989 potuerunt

1391 3011 1461 3051 isti
1498 3010 1636 3052 dicere
1665 3009 1770 3051 illud
1802 3009 1828 3031 ¹⁵
1863 3023 1871 3049 :
1903 3024 1923 3048 c<
1942 3007 2053 3049 Bene
2084 3007 2229 3048 omnia
2255 3007 2363 3058 fecit,
2387 3010 2428 3048 et

1393 3082 1545 3123 surdos
1565 3082 1661 3122 fecit
1681 3081 1841 3131 audire,
1864 3083 1905 3121 et
1925 3082 2065 3120 mutos
2086 3078 2218 3131 loqui.
2239 3092 2259 3117 n

1447 3152 1690 3194 Secundum
1721 3154 1863 3193 autem
1893 3149 2155 3204 spiritualem
2183 3149 2423 3202 intelligen-

1392 3225 1510 3276 tiam,
1543 3224 1805 3266 daemonium
1831 3225 1893 3264 est
1923 3224 2142 3275 peccatum
2175 3222 2290 3274 quod
2327 3221 2426 3263 facit

1393 3296 1571 3338 surdum
1591 3297 1644 3338 ad
1662 3296 1884 3339 veritatem
1901 3293 2170 3344 audiendam,
2193 3306 2353 3336 caecum
2373 3294 2425 3335 ad

1394 3411 1421 3432 12
1442 3410 1520 3450 inf„
1545 3410 1598 3441 27.
1623 3426 1658 3432 —
1681 3408 1709 3430 ¹⁸
1728 3409 1806 3444 Isa„
1833 3414 1940 3446 xxxv,
1959 3408 1998 3447 5,
2021 3408 2053 3439 6.
2073 3424 2114 3432 —
2136 3408 2162 3429 ¹⁸
2178 3407 2299 3449 Eccli„
2324 3415 2424 3448 xmn,

1394 3461 1446 3498 31,
1467 3460 1517 3490 32.
1540 3474 1575 3479 —-
1601 3457 1625 3479 ¹⁵
1641 3456 1760 3495 Marc„
1780 3462 1840 3495 vn,
1862 3456 1914 3486 37.

1437 3524 1479 3565 (α)
1500 3522 1581 3555 Coet.
1604 3521 1684 3554 edit.
1706 3519 2013 3554 daemoniacorum.

2493 3169 2542 3205 Spi
2534 3169 2587 3196 iri-

2474 3211 2561 3238 tualis

2458 3259 2574 3280 sensus.
