2634 3853
1030 116 1301 159 EXPOSITIO
1332 116 1383 158 IN
1413 116 1525 158 CAP.
1558 116 1590 157 I.

251 225 351 265 nus,
373 213 432 253 ibi
455 212 509 264 (v.
526 209 612 262 35):
634 207 809 260 Ideoque
824 210 860 250 et
878 206 991 260 quod
1009 210 1206 248 nascetur
1218 216 1271 248 eoe

253 289 289 330 te
301 286 509 326 sanctum.
520 280 614 321 Istae
633 280 746 320 enim
767 281 864 319 sunt
872 280 1010 331 partes
1020 277 1271 330 principales

247 353 482 402 rhetoricae,
499 351 653 392 scilicet
667 349 905 399 exordium,
925 348 1111 388 narratio
1126 350 1166 388 et
1181 360 1272 389 con-

245 423 391 474 clusio,
434 421 669 463 secundum
707 419 896 461 Tullium
930 419 957 458 ¹.
995 417 1138 458 Primo
1166 430 1270 471 ergo

245 493 519 548 praemittitur
538 491 802 533 salutationis
819 490 1061 540 ingressus3
1086 490 1269 530 secundo

243 565 409 605 additur
428 563 682 604 narrationis
701 573 918 615 processus
935 592 944 608 ‚
968 559 1011 599 in
1031 572 1116 611 quo
1134 560 1268 601 intro-

242 635 409 676 ducitur
429 635 568 688 primo
599 633 777 686 angelus
808 632 1013 681 salutans,
1046 634 1085 671 et
1117 631 1266 673 deinde

241 707 369 759 virgo
388 705 645 756 auscultans,
658 704 715 745 ibi
729 717 738 744 ε
757 702 853 750 Qua)
866 713 959 743 cum
972 702 1175 753 audisset,
1187 706 1264 743 etc.

243 776 472 818 introducit
490 787 596 828 ergo
616 773 884 826 Evangelista
903 773 1108 825 angelum
1126 774 1170 814 in
1190 787 1267 815 suo

241 848 440 900 ingressu
458 860 483 888 a
502 846 750 887 salutatione
771 844 999 897 sumpsisse
1015 845 1236 885 exordium
1253 858 1263 885 :

240 919 284 960 in
305 932 389 973 qua
408 919 660 961 salutatione
690 919 828 970 captat
859 917 990 969 ipsius
1011 917 1263 958 benevolen-

239 991 367 1043 tiam,
394 991 530 1043 exigit
560 989 875 1039 confidentiam,
898 991 938 1028 et
958 988 1126 1040 exhibet
1144 1001 1266 1030 reve-

239 1063 433 1104 rentiam.
466 1062 652 1117 Ostendit
683 1060 796 1101 enim
828 1072 920 1100 eam
948 1061 1262 1101 commendabi-

239 1133 322 1174 lem
343 1146 368 1174 a
385 1132 584 1174 bonitatis
603 1131 888 1185 plenitudine,
913 1134 953 1171 et
982 1131 1074 1172 ideo
1101 1132 1263 1172 amabi-

238 1203 323 1244 lem
341 1217 350 1254 ;
369 1216 394 1244 a
412 1204 631 1255 dignitatis
651 1202 892 1251 altitudine,
915 1204 956 1242 et
977 1202 1071 1242 ideo
1091 1214 1265 1243 venera-

238 1274 388 1324 bilem3
408 1286 433 1314 a
453 1258 588 1314 laudis
608 1272 886 1325 amplitudine
903 1304 913 1322 ,
935 1275 975 1312 et
993 1273 1085 1313 idco
1117 1273 1265 1324 praedi-

237 1343 428 1384 cabilem.
462 1343 512 1384 Et
540 1345 713 1396 propter
732 1342 823 1382 haec
842 1342 924 1382 tria
942 1342 1163 1393 designata
1184 1343 1264 1384 fuit

234 1426 310 1467 per
338 1426 479 1454 arcam
506 1414 700 1465 foederis,
738 1413 789 1454 de
825 1425 909 1466 qua
929 1414 1124 1460 dieitur&
1150 1414 1263 1466 quod

235 1485 475 1526 continebat
487 1485 582 1537 tria,
602 1485 758 1526 scilicet
774 1485 946 1537 virgam
969 1485 1122 1537 Aaron,
1142 1487 1264 1526 tabu-

233 1555 296 1597 las
313 1557 421 1609 legis
432 1559 470 1598 et
485 1569 641 1598 manna
657 1572 667 1607 ;
690 1560 738 1598 ut
747 1557 805 1597 sic
825 1557 1131 1608 ostenderetur,
1149 1558 1261 1611 quod

234 1629 326 1682 ipsa
345 1631 434 1670 erat
453 1628 586 1669 dulcis
609 1630 649 1668 et
664 1628 856 1668 amabilis
876 1640 951 1680 per
984 1640 1140 1669 manna
1155 1661 1165 1679 ,
1197 1641 1264 1669 ve-

236 1700 434 1741 nerabilis
451 1712 525 1753 per
556 1700 751 1752 virgam,
774 1698 1052 1751 praedicabilis
1081 1702 1120 1738 et
1151 1711 1262 1739 com-

236 1772 481 1813 mendabilis
503 1783 577 1824 per
587 1771 730 1823 legem
745 1770 946 1811 divinam.
963 1769 1013 1809 Et
1027 1770 1262 1810 secundum

235 1842 314 1882 boc
328 1841 407 1882 fuit
438 1842 482 1882 in
507 1841 598 1894 ipsa
630 1840 783 1894 triplex
814 1840 1082 1891 excellentia,
1105 1841 1261 1882 scilicet

234 1911 477 1963 dignitatis,
516 1911 685 1953 virtutis
721 1915 762 1952 et
793 1911 1006 1951 charitatis
1034 1912 1046 1933 ³
1077 1925 1086 1951 ς
1133 1911 1261 1964 «Ego

235 1985 368 2023 mater
388 1982 590 2035 pulchrae
627 1982 889 2033 dilectionis,
927 1985 966 2022 et
997 1982 1185 2033 timoris,
1220 1985 1261 2023 et

233 2052 476 2105 agnitionis,
499 2055 539 2094 et
559 2055 717 2094 sanctae
738 2053 840 2106 spei.
865 2067 884 2090 n
922 2052 974 2094 Ut
994 2066 1099 2105 ergo
1119 2056 1261 2095 osten-

232 2124 302 2165 dat
329 2135 424 2164 eam
453 2123 679 2164 amabilem
712 2124 998 2176 gratiositate,
1031 2124 1160 2166 dicit:
1191 2127 1262 2167 In-

231 2205 399 2249 qressus
417 2194 602 2247 Anqelus
625 2194 683 2236 ad
701 2205 806 2245 eam,
824 2194 945 2236 discit
964 2207 976 2233 :
996 2195 1098 2246 Ave,
1115 2198 1260 2248 qratia

229 2267 367 2319 plena.
390 2265 440 2306 Et
456 2265 550 2306 ideo
563 2266 670 2306 bene
681 2277 756 2318 per
775 2265 927 2305 Esther
946 2265 1166 2317 designata
1181 2269 1256 2317 est,

231 2336 281 2376 de
299 2348 384 2388 qua
400 2335 553 2376 dicitur
572 2334 605 2385 ⁶,
629 2335 744 2388 quod
771 2349 790 2372 (ι
810 2338 899 2374 erat
918 2335 1101 2375 formosa
1120 2337 1255 2387 valde,

231 2408 271 2446 et
289 2405 522 2446 incredibili
542 2404 878 2457 pulchritudine,
903 2405 1095 2445 omnium
1128 2406 1260 2447 oculis

233 2476 432 2527 gratiosa,
458 2478 499 2516 et
531 2475 761 2515 amabilis»
799 2475 1034 2516 videbatur.
1070 2475 1188 2517 Unde
1208 2477 1259 2518 de

231 2546 322 2599 ipsa
341 2548 478 2600 potest
505 2546 584 2587 dici
604 2546 705 2587 illud
726 2550 739 2571 ⁵
765 2560 772 2586 :
800 2561 818 2584 «
835 2545 883 2585 In
903 2558 971 2586 me
1008 2547 1145 2598 gratia
1172 2559 1259 2588 om-

230 2618 296 2658 nis
322 2618 404 2659 viae
431 2620 472 2658 et
498 2617 702 2668 veritatis,
724 2617 769 2657 in
794 2629 862 2657 me
882 2617 1021 2657 omnis
1043 2629 1136 2670 spes
1155 2619 1255 2660 vitae

230 2690 271 2729 et
290 2688 474 2729 virtutis.
497 2702 514 2725 n
548 2688 633 2730 Nec
662 2689 817 2729 mirum
837 2720 847 2738 ,
881 2689 981 2741 quia
1014 2689 1135 2729 illum
1167 2693 1258 2730 erat

230 2763 508 2813 conceptura,
550 2760 600 2801 de
637 2772 722 2813 quo
758 2760 910 2800 dicitur
931 2760 943 2781 ⁶
968 2775 975 2801 :
1017 2774 1037 2798 «
1064 2759 1257 2802 Vidimus

232 2830 413 2882 gloriam
451 2832 544 2884 eJus
563 2863 573 2882 ‚
612 2831 792 2884 gloriam
826 2831 946 2883 quasi
988 2832 1195 2883 unigeniti
1232 2845 1257 2873 a

231 2900 366 2952 Patre,
387 2902 560 2955 plenum
583 2903 737 2954 gratiae
768 2905 808 2943 et
826 2902 1029 2943 veritatis.
1050 2917 1069 2940 »
1093 2902 1144 2944 Et
1163 2903 1256 2943 ideo

232 2974 323 3024 post
341 2973 534 3014 subditur
557 2987 566 3015 z
592 2989 611 3012 «
633 2973 684 3014 Et
713 2974 763 3014 de
784 2973 1045 3026 plenitudine
1072 2976 1163 3027 ejus
1180 2986 1257 3014 nos

233 3053 377 3083 omnes
395 3044 646 3098 accepimus,
667 3058 686 3083 ›)
722 3043 775 3084 Ut
795 3046 940 3085 autem
968 3045 1160 3085 ostendat
1178 3057 1255 3086 ve-

233 3113 461 3155 nerabilem
481 3127 535 3156 ex
554 3115 775 3168 dignitate,
797 3115 909 3156 addit
933 3129 942 3156 ε
966 3116 1172 3158 Dominus
1193 3121 1257 3158 te·-

232 3194 340 3225 cum.
362 3184 541 3226 Discrete
564 3186 724 3227 dictum
750 3188 826 3237 est,
854 3187 954 3239 quia
975 3187 1195 3228 excellenti
1216 3188 1258 3227 et

275 3313 385 3355 ¹Cic„
412 3314 454 3346 de
478 3315 603 3348 Inveni.
629 3333 670 3340 —
700 3317 711 3336 ²
738 3316 853 3358 Hebr„
884 3324 939 3358 lx,
964 3318 994 3348 4.
1023 3334 1065 3341 —
1092 3317 1105 3339 ³
1136 3316 1255 3358 Eecli„

229 3368 325 3401 xxlv,
344 3362 396 3394 24.
413 3378 455 3385 —
478 3361 493 3384 ὃ
511 3362 621 3403 Εείὴ.,
641 3372 686 3406 11,
713 3366 764 3397 15.
785 3381 825 3388 —
849 3364 862 3386 5
880 3364 1000 3405 Ecclz'„
1021 3372 1116 3404 xxiv,
1144 3367 1194 3397 25.
1216 3381 1256 3388 -

230 3415 244 3436 ⁶
261 3409 367 3448 Joau„
391 3417 423 3451 1,
450 3411 502 3451 14,
523 3411 574 3442 15.
591 3426 632 3435 —
654 3412 664 3430 ⁷
691 3411 809 3451 Ecclz‘„
832 3419 914 3454 xxv,
936 3414 986 3445 12.
1009 3430 1043 3435 —
1068 3412 1081 3434 ⁸
1102 3412 1191 3444 Psal.
1218 3419 1255 3451 x,

2295 121 2372 161 229

1347 205 1558 257 singulari
1580 207 1718 257 modo,
1741 208 1945 259 tanquam
1974 205 2020 245 in
2048 206 2217 258 proprio
2238 207 2372 248 taber-

1346 277 1499 318 naculo
1519 278 1565 318 ⁷:
1595 291 1614 315 α
1645 276 1722 327 Qui
1752 277 1911 318 creavit
1949 288 2043 327 me,
2082 276 2292 328 requievit
2328 278 2374 318 in

1349 347 1615 389 tabernaculo
1634 360 1743 389 meo.
1767 362 1785 385 ›)
1812 348 1861 388 Et
1880 348 1925 388 in
1944 347 2109 389 Psalmo
2130 350 2143 372 ⁸
2166 359 2176 388 ε
2203 362 2222 385 (ι
2238 347 2375 388 Domi-

1345 430 1428 458 nus
1448 419 1492 458 in
1510 419 1667 472 templo
1687 421 1830 459 saneto
1848 431 1938 470 suo,
1968 433 1987 456 »
2011 418 2092 458 hoc
2112 420 2187 467 est,
2209 417 2254 458 in
2274 417 2375 459 Vir-

1345 489 1458 541 ginis
1478 492 1612 530 utero.
1643 490 1693 530 Et
1724 502 1872 531 rursus
1892 490 1932 530 ⁹:
1965 504 1984 528 «
2003 489 2285 530 Sanctificavit
2307 491 2370 530 ta-

1344 559 1622 600 bernaculum
1649 573 1776 602 suum
1808 561 2069 610 Altissimus3
2094 560 2200 600 Deus
2219 560 2264 600 in
2281 573 2370 602 me-

1343 630 1411 670 dio
1432 632 1538 682 ejus,
1556 644 1641 672 non
1655 632 2007 673 commovebitur,
2025 646 2043 669 ))
2068 631 2369 685 Bernardus¹⁰z

1350 703 1594 744 «Dominus
1615 707 1776 745 tecum:
1798 703 1910 744 illius
1938 706 2026 744 erat
2059 704 2218 752 mater,
2250 705 2373 756 cujus

1343 774 1404 812 est
1423 772 1532 813 Deus
1554 776 1690 825 pater;
1714 774 1826 814 filius
1846 776 2033 826 paternae
2047 774 2261 814 charitatis
2281 776 2370 814 erat

1342 855 1496 884 corona
1516 846 1601 884 tuae
1621 844 1836 885 castitatis.
1868 845 1930 885 Ex
1951 857 2035 897 quo
2070 857 2198 896 super
2225 857 2372 885 omnes

1342 915 1502 954 sortiris
1522 915 1861 971 inaestimabilem
1876 915 1913 956 di
1920 915 2140 967 gnitatem.
2153 929 2172 952 ›>
2180 915 2231 956 Et
2250 928 2372 968 prop-

1340 988 1455 1026 terea
1488 988 1636 1039 reqina
1669 987 1822 1027 dicitur
1852 987 1894 1026 in
1918 985 2083 1029 Psalmo
2103 986 2128 1008 ¹²
2154 1001 2162 1026 ε
2192 1001 2211 1025 (ι
2230 986 2372 1028 Astitit

1341 1058 1491 1109 regina
1523 1071 1547 1098 a
1586 1058 1744 1098 dextris
1776 1058 1873 1098 tuis.
1896 1073 1914 1096 >³
1952 1058 2003 1099 Ut
2040 1070 2145 1110 ergo
2182 1059 2372 1099 ostendat

1340 1128 1475 1182 ipsam
1502 1129 1758 1171 laudabilem
1785 1142 1838 1170 ex
1859 1129 2172 1181 benedictione,
2195 1130 2371 1182 subjun-

1341 1200 1404 1251 git
1434 1215 1442 1240 :
1478 1200 1711 1243 Benedicta
1736 1205 1782 1244 tu
1813 1203 1861 1243 in
1890 1201 2164 1251 mulieribus,
2200 1203 2370 1254 propter

1339 1271 1578 1312 universale
1610 1272 1862 1312 remedium.
1895 1272 2008 1311 Dixit
2043 1272 2172 1312 David
2194 1273 2246 1312 ab
2267 1272 2368 1312 Abi-

1340 1341 1428 1392 gail
1447 1342 1475 1363 ¹2
1493 1356 1500 1381 :
1532 1356 1550 1379 «
1569 1341 1791 1382 Benedicta
1809 1345 1853 1382 tu
1871 1374 1881 1392 ‚
1905 1353 2001 1394 quae
2031 1342 2282 1394 prohibuisti
2303 1355 2370 1383 me

1338 1412 1477 1462 bodie,
1501 1425 1553 1453 ne
1574 1413 1679 1453 irem
1703 1413 1753 1453 ad
1778 1412 2034 1463 sanguinem
2051 1443 2060 1461 ‚
2084 1414 2125 1452 et
2148 1412 2370 1453 ulciscerer

1339 1494 1405 1521 me
1428 1495 1558 1523 manu
1581 1495 1720 1523 mea.»
1735 1483 1974 1531 Benedicta,
2000 1483 2192 1535 inquam,
2215 1484 2263 1524 in
2282 1494 2370 1526 mu-

1337 1554 1534 1604 elei-ibus,
1565 1554 1606 1594 id
1644 1557 1705 1595 est
1739 1567 1867 1607 super
1901 1566 2050 1595 omnes
2086 1555 2286 1596 mulieres
2304 1556 2365 1596 ¹³:

1343 1640 1361 1662 α
1384 1624 1604 1665 Benedicta
1624 1638 1667 1665 es
1686 1630 1755 1674 tu,
1776 1625 1885 1676 filia,
1921 1639 1945 1666 a
1977 1626 2155 1666 Domino
2188 1625 2271 1666 Deo
2295 1639 2369 1667 ex—

1340 1696 1475 1744 celso,
1498 1707 1586 1748 prae
1619 1696 1819 1736 omnibus
1853 1696 2103 1737 mulieribus
2137 1708 2265 1749 super
2284 1700 2368 1738 ter-

1335 1778 1482 1806 ram.»
1508 1765 1559 1806 Et
1595 1766 1751 1807 iterum
1779 1767 1809 1793 ¹⁴
1840 1781 1848 1807 ε
1880 1782 1898 1805 (ι
1919 1767 2230 1808 Benedixerunt
2249 1768 2366 1809 illam

1336 1849 1484 1878 omnes
1506 1850 1590 1877 una
1616 1850 1740 1888 voce,
1769 1838 1953 1879 dicentes
1976 1853 1984 1879 :
2006 1838 2069 1879 Tu
2090 1839 2226 1891 gloria
2243 1839 2364 1882 Jeru-

1336 1908 1482 1958 salem,
1502 1910 1550 1948 tu
1570 1907 1714 1948 laetitia
1737 1907 1880 1959 Israel,
1897 1911 1943 1949 tu
1962 1909 2283 1951 honorificentia
2299 1923 2368 1964 po-

1335 1979 1425 2032 puli
1445 1979 1594 2029 nostri,
1619 1979 1719 2031 quia
1738 1979 1870 2020 fecisti
1890 1981 2082 2032 viriliter⁷
2107 1983 2146 2021 et
2166 1983 2368 2023 conforta·

1335 2051 1429 2090 tum
1449 2051 1510 2090 est
1533 2061 1603 2090 cor
1622 2052 1742 2090 tuum
1760 2081 1773 2100 ,
1796 2062 1844 2091 eo
1864 2051 1977 2103 quod
1999 2052 2228 2092 castitatem
2246 2065 2364 2093 ama-

1334 2121 1460 2171 veris,
1481 2123 1520 2161 et
1540 2124 1633 2173 post
1655 2121 1795 2161 virum
1825 2124 1977 2173 tuum,
2001 2121 2183 2163 alterum
2211 2124 2367 2165 nescie-

1334 2192 1411 2242 ris3
1435 2193 1528 2234 ideo
1548 2196 1588 2233 et
1609 2204 1760 2232 manus
1789 2192 1957 2233 Domini
1985 2193 2233 2235 confortavit
2250 2196 2304 2244 te,
2326 2197 2367 2235 et

1332 2263 1427 2303 ideo
1447 2265 1528 2303 eris
1545 2263 1764 2303 benedicta
1781 2263 1825 2304 in
1845 2267 2068 2305 aeternum.
2097 2280 2115 2303 ›)
2152 2265 2226 2306 Vel
2244 2267 2366 2309 Bene-

1332 2332 1449 2375 dicta
1469 2346 1495 2375 a
1517 2334 1763 2375 mulieribus
1796 2334 1824 2358 ¹⁵
1849 2349 1857 2374 :
1889 2334 2131 2377 «Viderunt
2161 2337 2287 2388 filiae,
2323 2340 2365 2378 et

1332 2404 1618 2444 beatissimam
1640 2405 2001 2457 p2·aedicaverunt;
2024 2407 2186 2459 reginae
2206 2411 2246 2448 et
2269 2420 2363 2449 con-

1331 2475 1516 2525 eubinae,
1541 2478 1580 2515 et
1601 2474 1883 2517 laudaverunt
1904 2488 2012 2516 eam.
2028 2491 2047 2514 n

1384 2549 1449 2587 29.
1469 2547 1567 2595 Quoe
1579 2558 1673 2588 cum
1689 2547 1895 2597 audisset,
1906 2550 1982 2589 etc.
2000 2548 2239 2589 Introduxit
2247 2550 2363 2602 prius

1330 2619 1533 2669 angelum
1564 2618 1840 2669 salutantem,
1878 2619 2105 2660 introducit
2133 2619 2201 2660 hic
2232 2620 2364 2672 virgi-

1330 2700 1427 2728 nem
1442 2689 1747 2729 auscultantem
1771 2703 1779 2729 :
1800 2689 1843 2729 in
1861 2702 1946 2742 qua
1969 2691 2275 2732 auscultatione
2295 2704 2364 2733 os-

1330 2759 1462 2799 tendit
1480 2760 1692 2811 virginem
1714 2772 1803 2800 esse
1823 2761 2201 2802 commendabilem
2226 2762 2361 2816 tripli-

1330 2832 1447 2882 citer,
1470 2831 1513 2871 in
1534 2832 1682 2872 auditu
1703 2832 1878 2883 scilicet,
1900 2833 2066 2884 affectu,
2088 2836 2128 2874 et
2154 2835 2358 2886 cogitata.

1331 2901 1378 2942 In
1396 2902 1543 2944 auditu
1555 2904 1875 2944 commendatur
1886 2904 2104 2955 modestia,
2121 2917 2221 2946 cum
2235 2906 2355 2947 dicit:

1333 2974 1436 3026 Quoe
1456 2984 1550 3015 cum
1579 2975 1798 3026 audisset,
1830 2975 1872 3016 id
1893 2978 1954 3016 est
1970 3007 1980 3025 ‚
2002 2976 2167 3016 silentio
2187 2980 2227 3017 et
2255 2977 2361 3017 taci-

1329 3045 1529 3085 turnitate
1561 3046 1862 3096 auscultasset,
1902 3047 2134 3087 secundum
2160 3047 2265 3088 illud
2292 3048 2320 3070 ¹⁶
2348 3063 2356 3087 :

1336 3129 1355 3153 «
1372 3115 1485 3156 Audi
1500 3119 1641 3156 tacens
1656 3147 1666 3165 ,
1687 3119 1727 3157 et
1747 3129 1823 3169 pro
1843 3118 2080 3158 reverentia
2100 3119 2264 3158 accedet
2283 3118 2360 3158 tibi

1329 3186 1442 3226 bona
1461 3187 1616 3239 gratia.
1634 3201 1654 3225 n
1681 3187 1730 3228 Et
1748 3188 1806 3228 sic
1820 3192 2018 3242 prompta
2036 3190 2115 3230 fuit
2127 3189 2179 3229 ad
2192 3188 2360 3229 audien-

1329 3270 1359 3302 5.
1392 3286 1432 3292 —
1462 3271 1473 3289 ⁴³
1505 3269 1596 3302 Psal.
1626 3278 1706 3312 XLV,
1733 3272 1770 3311 5,
1798 3273 1829 3303 6.
1855 3289 1896 3294 -
1924 3273 1948 3292 ¹⁰
1974 3273 2088 3312 Rern„
2115 3280 2215 3311 super
2240 3272 2361 3302 Missus

1329 3318 1394 3356 est,
1422 3317 1516 3349 hom.
1550 3325 1613 3358 111,
1643 3320 1721 3350 ante
1752 3319 1844 3350 med.
1872 3336 1912 3343 -
1945 3320 1969 3338 ¹¹
2000 3318 2091 3351 Psal.
2118 3326 2212 3357 XLiv,
2248 3320 2295 3349 10.
2320 3336 2362 3341 —

1332 3363 1353 3382 ¹²
1376 3364 1388 3394 l
1415 3364 1506 3406 Κεφ,
1530 3373 1611 3405 XXV,
1641 3367 1691 3398 33.
1714 3382 1755 3388 --
1777 3366 1803 3389 ¹³
1821 3366 1946 3405 Judz'tlz,
1972 3374 2054 3405 xm,
2079 3367 2130 3397 31.
2150 3383 2191 3388 —
2216 3365 2243 3387 ¹¹⁵
2262 3365 2358 3406 thid„

1331 3418 1397 3450 xv,
1420 3414 1469 3452 10,
1491 3414 1540 3444 11.
1565 3430 1605 3436 —-
1626 3413 1652 3435 ¹5
1671 3414 1837 3455 Cant.,V1,
1860 3414 1995 3446 8.--16
2014 3412 2132 3453 Eccli„
2153 3420 2264 3454 xxxu,
2286 3414 2317 3445 9.
