2634 3853
165 548 275 575 Adver-

137 589 187 609 sus
225 592 274 610 su-

135 626 250 660 ρει-1105.

299 298 378 339 498

298 383 581 438 pressionem,
603 390 701 420 cum
720 376 833 418 addit
855 375 907 427 (v.
935 373 993 424 18)
1014 387 1022 412 ι
1046 371 1101 412 Et
1119 369 1183 410 ait
1203 365 1293 407 illis
1312 375 1326 403 :

302 453 508 496 Videbam
527 454 723 494 satanam
749 448 860 488 sicat
888 442 1033 495 salam·
1056 440 1106 481 cle
1137 437 1234 479 eoelo
1254 446 1324 476 ca·

296 526 478 568 dentem.
511 522 635 572 Quasi
666 520 773 560 dicat
806 515 1011 556 Dominus
1033 511 1119 552 :Ne
1147 507 1322 549 extolla-

297 597 399 638 mini
419 596 468 636 de
488 592 641 635 divinis
661 587 898 635 beneficiis,
932 598 984 624 nc
1012 594 1110 623 eum
1130 577 1323 632 superbis

295 666 458 718 angelis
491 661 722 704 corruatis¹
755 673 763 699 :
795 673 812 696 c(
834 657 877 697 Si
904 656 1012 696 Deus
1032 651 1196 703 angelis
1226 659 1322 701 pee-

295 737 488 778 cantibus
502 745 587 774 non
604 730 802 785 pepercit,
814 728 883 768 sed
904 724 1155 767 rudentibus
1167 717 1321 760 inferni

292 808 497 848 detractos
522 804 566 844 in
585 805 794 843 tartarum
815 797 984 839 tradidit
1004 793 1274 841 cruciandos,
1301 804 1320 827 »

291 878 405 919 haud
422 877 547 917 dubie
567 886 653 915 11011
672 874 815 926 parcet
833 869 973 918 vobis,
992 867 1026 906 si
1049 860 1321 918 peccaveritis

291 947 586 1001 superbiendo.
622 943 738 985 Unde
773 939 1012 982 Bernardus
1035 936 1085 989 (a)
1121 936 1165 974 εὶ·;
1196 948 1214 971 ((
1234 932 1320 972 Su-

289 1018 430 1072 perbis
445 1016 611 1069 angelis
624 1027 708 1055 non
724 1011 908 1066 pepercit
922 1008 1143 1055 Dominus;
1161 1005 1320 1057 quanto

290 1090 430 1142 magis
461 1100 539 1129 nec
557 1086 648 1134 tibi,
669 1083 846 1137 putredo
867 1085 907 1122 et
934 1079 1139 1121 vermis.»
1169 1074 1321 1117 Cecidit

288 1164 431 1201 autem
452 1159 558 1199 sieut
577 1157 738 1208 fulgur,
761 1155 841 1194 hoc
860 1154 922 1193 est
942 1150 1155 1198 velociter,
1172 1146 1319 1187 crude-

286 1232 395 1282 liter,
426 1233 466 1271 et
490 1226 835 1270 irrevocabiliter.
861 1223 977 1264 Unde
997 1219 1192 1272 exemplo
1226 1219 1318 1270 ejus

286 1302 427 1343 caeteri
460 1302 656 1349 caveant,
681 1310 735 1338 110
769 1297 964 1349 quaerant
1003 1292 1105 1343 alta,
1147 1292 1318 1342 propter

286 1385 381 1426 quae
418 1372 583 1413 Lucifer
615 1368 761 1410 cecidit
792 1367 837 1406 in
859 1366 969 1414 ima,
1000 1361 1233 1403 secundum
1265 1359 1318 1398 il-

283 1445 358 1486 lud
393 1445 406 1466 ³
434 1459 443 1484 2
479 1439 735 1492 «Quomodo
767 1435 948 1478 cecidisti
988 1435 1038 1475 de
1075 1432 1199 1482 00010,
1236 1430 1317 1472 Lu-

284 1517 399 1567 cifer,
422 1515 498 1568 qui
518 1525 642 1554 mane
662 1509 889 1552 oriebaris?
907 1523 926 1546 ›)
953 1505 1156 1559 Sequitur
1177 1518 1215 1543 :«
1236 1502 1315 1552 Qui

283 1587 448 1628 dicebas
475 1587 519 1626 in
548 1584 671 1625 corde
702 1586 776 1622 tuo
809 1594 818 1621 :
851 1580 896 1619 In
929 1578 1083 1619 coelum
1114 1587 1313 1616 conscen-

282 1658 395 1709 dam,
407 1669 534 1710 supra
548 1658 659 1696 astra
667 1653 739 1694 Dei
750 1651 943 1692 exaltabo
953 1649 1105 1690 solium
1120 1658 1278 1687 meum.
1289 1660 1307 1682 »

280 1728 331 1769 Et
357 1730 449 1781 post
473 1743 481 1768 :
507 1725 839 1767 «Verumtamen
867 1722 913 1760 111
944 1720 1158 1759 infernum
1180 1717 1314 1757 detra-

280 1800 396 1840 heris
426 1799 471 1839 in
505 1796 762 1850 profundum
796 1793 891 1833 laci.
929 1806 948 1829 n
990 1790 1040 1831 Et
1075 1789 1168 1829 ideo
1206 1787 1313 1828 dici-

280 1875 350 1913 tur
369 1875 383 1897 ⁴
406 1883 416 1912 ε
440 1869 565 1911 «Noli
581 1869 715 1909 01111111
735 1877 895 1918 sapere,
919 1863 989 1903 sed
1006 1862 1121 1902 time.
1142 1859 1184 1901 Si
1199 1860 1312 1900 enirn

278 1943 389 1984 Deus
426 1939 692 1982 naturalibus
730 1936 859 1977 ramis
895 1946 982 1974 non
1021 1932 1227 1985 pepercit,
1258 1943 1312 1972 ne

278 2015 384 2055 forte
409 2024 486 2053 nec
506 2010 583 2051 tibi
615 2010 772 2062 parcat.
798 2022 817 2043 1)
846 2005 934 2046 Ηο0
964 2002 1179 2055 exemplo,
1204 2002 1312 2042 miro

279 2085 404 2125 modo
421 2080 620 2135 repressit
640 2078 841 2119 Dominus
870 2077 914 2116 in
937 2073 1150 2126 discipulis
1170 2085 1313 2126 super-

278 2156 414 2206 biam,
457 2152 579 2206 quasi
627 2151 737 2192 dicat
780 2147 883 2189 illud
913 2145 1233 2187 proverbiorum
1259 2146 1307 2184 ⁶:

281 2225 391 2275 «Qui
411 2224 537 2264 altam
552 2221 649 2262 facit
663 2221 838 2261 domum
859 2229 996 2265 suam,
1011 2230 1029 2253 ›>
1048 2215 1203 2255 scilicet
1213 2226 1311 2254 cum

279 2296 470 2338 Lucifero
507 2290 806 2345 superbiendo,
854 2303 872 2326 ((
891 2287 1043 2340 quaerit
1071 2286 1263 2335 ruinam,
1286 2299 1304 2321 ›)

278 2380 377 2408 cum
398 2365 545 2406 eodem
565 2360 814 2403 corruendo.
837 2358 953 2399 Unde
972 2356 1233 2406 Bernardus,
1255 2355 1312 2396 lo-

278 2450 412 2492 quens
439 2437 489 2477 de
509 2433 730 2476 ambitioso
754 2431 955 2483 sequente
982 2429 1132 2468 ducem
1156 2441 1164 2467 :
1201 2441 1220 2465 «
1238 2426 1311 2467 Se-

279 2521 410 2564 quere
429 2509 579 2548 ducem
604 2509 748 2553 tuum,
779 2499 1012 2552 multiplica
1038 2497 1308 2551 praebendas,

279 2579 463 2621 accelera
483 2577 535 2618 ad
564 2575 877 2628 episcopatum,
910 2569 1060 2610 deinde
1085 2568 1137 2609 ad
1166 2568 1309 2608 archi-

279 2651 566 2704 episcopatum
587 2645 746 2698 aspira3
774 2642 977 2696 paulatim
998 2639 1209 2689 ascendis,
1237 2639 1310 2679 sed

279 2733 367 2762 non
410 2717 616 2773 paulatim
665 2713 903 2756 descendes,
952 2711 1156 2753 Videbam
1199 2713 1310 2751 sata-

279 2803 380 2833 nam
410 2790 536 2843 quasi
571 2787 714 2839 salaai*
743 2784 793 2826 de
841 2782 939 2825 coelo
978 2781 1211 2824 cadentem.
1260 2780 1310 2821 Et

279 2862 373 2903 ideo
401 2860 460 2901 ait
487 2858 674 2900 Seneca:
714 2871 732 2895 «
760 2854 921 2905 Redige
953 2855 992 2893 te
1021 2853 1073 2893 ad
1102 2864 1252 2904 parva,
1286 2864 1311 2891 a

280 2931 437 2986 quibus
456 2931 602 2971 cadere
623 2940 708 2969 non
733 2929 863 2980 potes.
888 2939 907 2963 »
930 2924 1048 2965 Unde
1068 2924 1110 2963 in
1140 2924 1312 2965 Prover-

281 3003 396 3046 biis⁶
425 3016 435 3043 ε
477 3016 495 3039 c(
529 3002 770 3052 Antequam
808 2998 1064 3045 conteratur,
1103 2994 1311 3035 exaltatur

280 3086 352 3116 cor
370 3072 583 3114 hominis:
608 3073 648 3110 et
667 3071 896 3120 antequam
924 3066 1203 3119 glorificetur,
1227 3065 1309 3104 hu-

280 3144 484 3185 miliatur.
496 3156 514 3179 ))
534 3140 639 3190 Quia
653 3139 859 3180 sententia
879 3139 941 3178 est
954 3135 1125 3185 11101015,
1142 3134 1251 3174 infra
1265 3134 1278 3155 ⁷
1297 3149 1305 3175 :

285 3231 305 3255 «
326 3214 472 3256 Omnis
490 3211 563 3265 qui
583 3223 627 3251 se
646 3210 822 3259 exaltat,
837 3206 1154 3255 humiliabitur;
1179 3208 1219 3245 et
1235 3205 1309 3258 qui

278 3300 324 3330 se
341 3286 557 3334 humiliat,
579 3281 846 3324 exaltabitur.
868 3294 887 3317 »

332 3357 471 3400 Tertio
497 3366 599 3398 vero
633 3350 855 3403 subjungit
884 3360 1007 3391 vanae
1034 3346 1306 3388 exultationis

318 3441 328 3461 ¹
354 3441 379 3471 ll
400 3440 501 3479 Petra,
524 3445 564 3477 11,
578 3437 653 3468 4.—
671 3435 682 3452 ²
703 3434 818 3471 Rern„
832 3431 871 3461 (Ie
889 3430 1051 3465 Adventu,
1067 3429 1158 3460 110111.
1177 3431 1206 3465 1,
1222 3438 1254 3459 n.
1274 3430 1303 3459 2.

277 3504 316 3511 —
334 3487 347 3509 ³
368 3487 420 3517 lsa
437 3510 448 3526 ,
474 3492 546 3524 xus,
577 3486 636 3521 12,
664 3480 852 3519 13,15.-
874 3478 883 3495 ³·
905 3478 1007 3514 Rom„
1037 3484 1088 3515 xi,
1115 3480 1172 3515 20,
1193 3479 1243 3507 21.
1264 3493 1305 3498 —

275 3534 286 3552 ⁵
304 3535 415 3574 Ρνου.,
440 3539 532 3572 xvn,
553 3532 603 3562 16.
626 3546 662 3552 —-
683 3529 695 3547 ⁰
714 3526 814 3565 ibid„
841 3531 944 3564 xvm,
971 3526 1023 3554 12.
1041 3540 1080 3546 —-
1101 3524 1110 3542 ⁷
1133 3524 1210 3562 lull,
1231 3530 1302 3562 xiv,

277 3587 328 3617 11.
344 3599 385 3605 —
403 3581 417 3603 Β
436 3580 531 3620 Gen„
551 3586 603 3618 111,
627 3578 731 3609 15.-
750 3576 761 3593 “³
782 3572 916 3613 Ephes„
937 3579 983 3611 vi,
1007 3574 1056 3603 12.
1074 3588 1113 3595 --
1135 3572 1162 3592 ¹⁰
1183 3571 1301 3607 Marc..

1030 275 1311 324 EVANGELII
1340 273 1525 316 SANCTl
1552 273 1701 316 LUCAE

1398 363 1680 412 occasionem,
1701 373 1798 402 cum
1831 362 1945 402 addit
1967 362 2027 414 (v.
2064 363 2162 415 19):
2194 364 2295 405 Eece
2325 364 2429 407 dedi

1397 434 1514 475 vobis
1531 437 1775 486 potestatem
1794 432 1992 474 calcandi
2005 443 2138 486 supra
2157 440 2368 486 serpentes
2387 440 2428 477 ec

1397 507 1638 557 scorpiones
1651 535 1660 553 ‚
1681 504 1837 543 seilicet.
1857 506 2064 555 quantum
2081 505 2132 544 ad
2153 506 2326 546 insidias
2341 518 2427 546 cor-

1397 576 1560 627 porales
1574 609 1583 625 ,
1631 578 1755 627 juxta
1796 575 1909 626 quod
1947 574 2100 615 dieitur
2144 577 2327 628 serpenti
2359 579 2372 602 ⁸
2413 589 2423 617 :

1398 660 1418 684 (1
1442 646 1534 698 1950
1562 650 1746 687 conteret
1773 647 1897 697 caput
1923 647 2075 695 tuum,
2105 649 2146 685 et
2174 649 2221 686 tu
2253 647 2425 688 insidia-

1396 716 1507 756 beris
1526 717 1718 757 ealcaneo
1739 718 1879 772 erS.»
1899 716 1953 758 Ec
1969 726 2096 767 super
2116 726 2278 758 omnem
2295 719 2428 760 virtu-

1396 790 1474 829 tem
1490 788 1677 838 inimici,
1698 790 1905 839 quantum
1923 786 1974 826 ad
1987 786 2159 826 insidias
2173 787 2424 840 spirituales,

1394 857 1444 897 de
1466 858 1620 910 quibus
1640 861 1653 882 ⁹
1677 869 1687 898 ε
1715 871 1733 895 (1
1752 856 1842 898 Νο11
1863 859 1924 896 est
1947 856 2068 896 nobis
2094 856 2330 898 colluctatio
2350 859 2428 899 ad-

1393 940 1543 969 versus
1563 939 1734 968 carnem
1755 930 1796 968 et
1821 926 2099 978 sanguinem,
2124 927 2195 968 sed
2224 928 2427 969 adversus

1394 998 1606 1051 principes
1625 1001 1666 1038 et
1685 1000 1931 1050 potestateS,
1948 997 2152 1039 adversus
2172 998 2319 1038 mundi
2333 1010 2424 1039 rec-

1393 1071 1504 1109 tores
1524 1069 1795 1109 tenebrarum
1816 1069 1992 1118 harum,
2015 1071 2160 1109 contra
2190 1069 2427 1121 spiritualia

1392 1140 1592 1192 nequitiae
1612 1140 1657 1179 in
1679 1140 1932 1180 coelestibus.
1955 1154 1974 1177 »
2000 1139 2054 1182 Et
2075 1139 2186 1181 nihil
2210 1139 2327 1182 vobis
2344 1150 2426 1183 no-

1393 1210 1519 1260 cebit,
1539 1214 1710 1263 propter
1727 1221 1932 1262 supernas
1951 1210 2233 1262 protectiones
2246 1242 2256 1261 ,
2279 1222 2425 1251 secun-

1393 1281 1493 1322 dum
1517 1281 1620 1321 illud
1642 1282 1670 1306 ¹0
1694 1295 1733 1321 t«
1753 1280 1799 1320 ln
1819 1280 1993 1320 nomine
2012 1293 2107 1321 meo
2127 1281 2338 1321 daemonia
2352 1281 2424 1334 011-

1392 1351 1521 1403 cient,
1560 1351 1720 1404 linguis
1756 1351 1985 1404 loquentur
2018 1352 2164 1402 novis,
2208 1354 2424 1404 serpentes

1391 1423 1555 1473 tollent3
1579 1426 1619 1464 et
1639 1424 1673 1463 si
1693 1423 1957 1463 mortiferum
1976 1424 2077 1476 quid
2103 1423 2313 1474 biberint,
2337 1435 2422 1465 non

1391 1494 1450 1534 eis
1470 1494 1649 1535 nocebit.
1670 1508 1689 1531 ))
1715 1494 1765 1534 Et
1781 1494 1872 1534 haec
1894 1497 2077 1547 potestas
2096 1494 2244 1534 collata
2261 1495 2321 1534 eis
2344 1507 2418 1547 po-

1389 1567 1496 1604 terat
1525 1576 1615 1605 esse
1643 1565 1803 1605 occasio
1834 1565 2142 1617 praesumendi,
2162 1566 2286 1617 Juxta
2306 1566 2419 1617 quod

1389 1635 1540 1676 dieitur
1562 1636 1611 1675 de
1631 1635 1827 1685 Ezechia,
1851 1635 1904 1675 ad
1929 1636 2050 1686 cujus
2066 1647 2210 1687 preces
2230 1635 2338 1675 Deus
2356 1636 2420 1676 fe-

1389 1705 1443 1745 cit
1464 1705 1674 1745 mirabilia
1694 1707 1720 1727 ¹¹
1742 1720 1781 1745 ;((
1795 1705 1937 1745 Oravit
1957 1705 2154 1745 Ezechias
2174 1705 2418 1758 Dominum,

1389 1775 1689 1828 exaudivitque
1710 1788 1831 1827 eum,
1853 1776 2049 1828 deditque
2071 1776 2109 1817 ei
2129 1776 2326 1828 signum;
2348 1777 2417 1818 sed

1388 1859 1473 1887 11011
1490 1849 1616 1899 Juxta
1635 1846 1838 1886 beneficia
1855 1858 1952 1899 quae
1964 1851 2193 1900 acceperat,
2208 1848 2417 1900 retribuit,

1388 1918 1490 1970 quia
1508 1917 1720 1958 elevatum
1741 1920 1801 1957 est
1822 1929 1893 1958 cor
1909 1918 2023 1969 ejus,
2046 1920 2086 1957 et
2108 1918 2215 1958 facta
2233 1921 2295 1959 est
2318 1930 2418 1959 con-

1388 1991 1453 2028 tra
1473 2000 1573 2028 eum
1590 1987 1720 2039 ira,et
1734 1990 1881 2028 eontra
1905 1990 1926 2028 J
1933 1988 2058 2028 udam
2073 1990 2114 2028 et
2127 1988 2373 2029 Jerusalem.
2395 2003 2414 2027 »

1388 2058 1505 2100 Unde
1526 2059 1770 2101 divinorum
1791 2059 2002 2100 donorum
2029 2059 2256 2100 multitudo
2275 2059 2420 2100 multis

1386 2131 1465 2171 fuit
1476 2131 1637 2171 occasio
1646 2131 1797 2181 ruinae,
1812 2130 1919 2170 sieut
1935 2130 2089 2171 dicitur
2100 2131 2151 2171 de
2162 2130 2390 2172 Lucifero¹²
2406 2145 2415 2171 z

1394 2201 1496 2241 «Tu
1526 2201 1797 2252 signaculum
1833 2201 2143 2250 similitudinis,
2174 2202 2324 2253 plenus
2352 2214 2419 2243 sa-

1386 2271 1560 2324 pientia,
1582 2274 1622 2311 et
1639 2272 1846 2324 perfectus
1866 2271 2028 2312 decore.
2044 2285 2063 2308 ›>
2082 2271 2134 2311 Et
2154 2272 2280 2323 paulo
2299 2274 2414 2324 post:

1392 2356 1411 2380 (1
1428 2342 1651 2383 Elevatum
1683 2344 1745 2382 est
1765 2344 1994 2382 cortuum.
2024 2355 2043 2379 1)
2073 2341 2124 2382 Et
2142 2342 2268 2395 paulo
2292 2353 2416 2395 supe-

1386 2413 1475 2453 rius
1496 2427 1505 2453 :
1534 2427 1554 2451 ((
1573 2412 1753 2453 Peceasti
1767 2444 1777 2461 ,
1800 2415 1840 2452 et
1860 2412 1963 2464 ejeci
1984 2416 2023 2452 te
2043 2413 2093 2453 de
2115 2415 2258 2453 monte
2276 2413 2363 2465 Dei,
2380 2417 2421 2454 et

1387 2483 1549 2536 perdidi
1580 2486 1642 2534 te,
1665 2498 1684 2520 ›)
1724 2485 1802 2523 etc.
1838 2482 1890 2541 Et
1925 2482 2019 2523 ideo
2054 2483 2217 2524 dicebat
2249 2484 2423 2536 quidam

1386 2558 1556 2595 sanctus
1583 2554 1735 2604 homo,
1759 2554 1872 2606 quod
1904 2566 2068 2606 magna
2099 2542 2238 2606 gratia
2256 2557 2422 2596 estnon

1385 2626 1543 2667 habere
1579 2625 1784 2678 gratiam,
1825 2625 1925 2677 quia
1959 2637 2107 2666 omnes
2141 2627 2234 2666 istae
2269 2626 2420 2678 gratiae

1386 2696 1616 2737 exteriores
1634 2707 1720 2736 non
1744 2698 1842 2736 sunt
1870 2695 1950 2735 nisi
1972 2696 2237 2737 tentationes.
2259 2695 2311 2737 Et
2328 2697 2421 2749 qui—

1385 2767 1487 2808 libet
1507 2766 1693 2807 exterius
1713 2766 1899 2807 elevatus
1919 2765 2042 2806 debet
2063 2766 2213 2807 timere
2233 2766 2340 2808 illud
2355 2767 2383 2790 ¹⁸
2406 2782 2416 2806 :

1391 2854 1410 2877 (1
1428 2838 1610 2880 Elevasti
1640 2849 1732 2884 me,
1754 2838 1795 2877 et
1827 2836 1949 2889 quasi
1981 2848 2109 2889 super
2140 2840 2316 2879 ventum
2343 2848 2417 2889 po-

1384 2922 1510 2959 nens,
1533 2909 1678 2950 elisisti
1697 2921 1765 2949 me
1788 2908 1939 2950 valide.
1962 2921 1982 2945 »

1439 2981 1595 3030 Quarto
1616 2992 1716 3022 vero
1740 2979 1968 3032 subJ'ungit
1993 2990 2116 3021 vanae
2145 2977 2418 3019 exultationis

1384 3052 1735 3106 prohibitionem,
1755 3062 1855 3090 cum
1875 3049 1974 3090 dicit
2005 3062 2015 3090 z
2057 3048 2349 3091 Verumtamen
2368 3050 2417 3090 in

1384 3125 1458 3166 hoc
1480 3124 1608 3166 nolite
1629 3121 1836 3175 90011ον0,
1851 3120 2053 3173 quoniam
2075 3119 2259 3171 spiritus
2278 3118 2414 3171 subji-

1383 3198 1557 3238 ciuntur
1587 3194 1704 3236 vobis
1729 3206 1742 3234 .·
1772 3192 1874 3245 quia
1906 3190 2062 3231 scilicet
2096 3190 2177 3231 tale
2209 3191 2416 3242 gaudium

1382 3272 1458 3318 est,
1479 3268 1586 3308 sicut
1605 3265 1812 3318 gaudium
1840 3262 2143 3315 superborum,
2166 3262 2217 3303 de
2241 3273 2412 3315 promo-

1380 3339 1494 3380 tione
1514 3349 1591 3378 sua
1615 3339 1656 3377 et
1675 3333 1903 3388 dejectione
1932 3333 1978 3386 (b)
2003 3332 2140 3374 aliena
2153 3347 2164 3383 ;
2192 3332 2307 3385 quod
2327 3343 2413 3373 non

1380 3429 1458 3460 xvi,
1493 3423 1544 3460 17,
1576 3421 1626 3451 18.
1656 3435 1696 3441 -
1732 3418 1756 3439 ¹¹
1795 3417 1819 3446 ll
1851 3416 2017 3456 Paralip„
2051 3424 2167 3457 xxxil,
2199 3416 2257 3456 24,
2291 3416 2343 3447 25.
2372 3431 2413 3438 -—

1379 3469 1407 3490 12
1424 3467 1554 3504 Ezeclz„
1580 3473 1702 3504 xxviii,
1726 3466 1774 3504 12,
1795 3464 1846 3503 17,
1867 3465 1918 3495 16.
1940 3480 1980 3486 -—
2004 3463 2027 3485 ¹³
2041 3462 2114 3500 Job,
2136 3470 2217 3502 xxx,
2239 3463 2292 3493 22.

1423 3522 1466 3561 (a)
1483 3520 1566 3551 Caet.
1587 3518 1667 3550 edit.
1688 3515 1767 3548 add.
1787 3525 1884 3557 scher
1900 3516 2022 3548 Missus
2041 3516 2143 3546 est.—
2163 3513 2207 3555 (b)
2225 3514 2305 3546 Coet.
2326 3513 2407 3547 edit.

1379 3567 1557 3600 deletione.
