2634 3853
167 3380 295 3407 Simonia

291 292 367 330 580

292 376 472 429 gnitudo
490 375 797 416 revelationum
814 370 985 412 extollat
1004 380 1073 409 me
1088 399 1097 416 ,
1120 367 1242 407 datus
1260 367 1321 406 est

290 447 399 488 mihi
426 445 623 486 stimulus
642 443 779 484 carnis
800 453 921 489 meae,
941 438 1121 491 angelus
1142 439 1317 486 satanae,

290 522 339 559 ut
361 520 412 570 (a)
436 530 504 558 me
523 515 772 567 colaphizet,
795 527 813 549 ›>
841 515 918 551 etc.

346 589 409 630 Ad
447 585 801 639 glorificationem
834 582 991 622 divinas
1028 577 1252 632 potentias,
1274 579 1322 616 ut

293 673 428 702 0100115
448 661 573 698 natus
595 658 604 678 ¹
629 669 637 696 :
667 672 685 693 «
705 655 848 706 Neque
868 652 939 692 hic
958 649 1158 703 peccavit,
1182 659 1321 699 neque

291 735 485 786 parentes
517 732 625 782 ejus3
655 727 725 768 sed
758 730 806 767 nt
843 724 1163 765 manifestentur
1195 731 1323 772 opera

291 804 361 844 Dei
382 803 426 842 in
446 801 529 841 illo.
549 815 568 838 ))

345 875 408 915 Ad
435 870 845 914 commendationem
878 868 1035 909 divinas
1069 863 1318 912 clementiae,

292 948 400 987 sicut
432 948 550 998 pater
576 942 748 984 ι1051111115
780 940 976 993 Baptista}
996 939 1009 960 ²
1039 951 1047 978 :
1076 953 1094 975 (‹
1113 936 1218 977 Ecce
1238 933 1321 974 eris

293 1022 446 1067 tacens,
470 1018 511 1056 et
532 1027 618 1055 non
637 1013 792 1067 poteris
818 1011 937 1064 loqui
974 1020 1110 1062 usque
1143 1008 1185 1047 in
1207 1006 1321 1046 diem

293 1101 378 1142 quo
398 1088 489 1128 haec
509 1088 627 1136 fiant,
649 1100 668 1122 »
694 1087 772 1125 etc.

346 1160 409 1200 Ad
429 1156 810 1199 manifestationem
828 1154 986 1195 divinae
998 1151 1190 1205 J'ustitiae,
1214 1149 1323 1189 sicut

295 1231 479 1272 Herodes
506 1230 520 1251 ³
549 1242 558 1269 :
587 1226 838 1268 «Percussit
884 1236 984 1265 eum
1022 1221 1204 1273 angelus
1242 1220 1322 1260 Do-

294 1303 415 1342 mini.
442 1317 461 1339 »
485 1300 685 1353 Sequitur
707 1311 718 1338 ε
746 1313 765 1336 (1
788 1297 838 1337 Ε1
860 1296 1135 1347 consumptus
1171 1304 1196 1331 a
1225 1303 1322 1332 vcr-

295 1375 450 1423 mitius,
473 1371 698 1424 expiravit.
724 1384 742 1407 n
770 1369 822 1410 Et
839 1368 897 1408 sic
918 1371 930 1392 1
952 1365 1200 1407 Antiochus.

348 1446 412 1486 Ad
450 1444 715 1498 punitionem
744 1438 999 1495 parentum⁵
1024 1453 1031 1478 :
1061 1437 1191 1488 «Ego
1230 1447 1325 1475 sum

294 1518 499 1560 Dominus
517 1516 626 1556 Deus
646 1517 762 1564 111115,
784 1512 905 1553 fortis
919 1544 928 1562 ,
952 1510 1102 1551 zelotes
1116 1541 1125 1559 ,
1147 1507 1323 1548 visitans

295 1589 565 1641 iniquitatem
603 1589 772 1639 patrum
798 1584 844 1623 in
876 1582 984 1622 filios
1019 1581 1063 1620 in
1092 1579 1264 1620 tertiam
1287 1580 1328 1617 et

296 1664 493 1712 quartam
539 1656 873 1709 generationem.
929 1667 948 1689 ›>
997 1651 1171 1703 Propter
1215 1648 1329 1701 quod

297 1731 419 1783 pueri
441 1728 756 1770 Sodomitarum
776 1726 789 1746 ⁶
809 1722 1019 1764 submersi
1040 1724 1153 1762 sunt.

352 1801 414 1841 Ad
445 1803 649 1840 terrorem
675 1797 857 1837 aliorum
877 1799 889 1820 ⁷
924 1809 932 1835 ε
970 1808 988 1831 (1
1013 1791 1234 1833 Pestilente
1252 1790 1327 1829 fla-

299 1873 477 1926 gellato,
505 1870 657 1911 stultus
676 1866 904 1921 sapientior
931 1864 1023 1905 erit.
1049 1877 1068 1901 1)
1101 1862 1169 1903 Sic
1195 1864 1236 1902 et
1264 1861 1331 1900 isti

299 1944 437 1998 puniti
464 1945 581 1991 sunt,
605 1940 655 1981 de
674 1938 829 1992 quibus
847 1936 991 1988 agitur
1008 1934 1076 1975 hic
1089 1966 1099 1986 ,
1121 1935 1170 1973 nt
1189 1931 1330 1973 caeteri

300 2017 555 2055 terreantur.

352 2086 416 2126 Ad
436 2083 631 2136 exempla
657 2084 922 2134 posterorum
939 2079 952 2099 ⁸
977 2092 985 2119 :
1014 2093 1032 2115 (‹
1054 2077 1170 2117 Hanc
1194 2077 1333 2116 tenta-

301 2158 459 2198 tionem
480 2155 574 2195 ideo
603 2152 794 2206 permisit
822 2150 1024 2191 Dominus
1054 2147 1223 2189 evenire
1247 2146 1330 2197 illi,

301 2231 350 2268 ut
369 2225 546 2280 posteris
564 2225 681 2264 daret
706 2221 950 2273 exemplum
970 2218 1196 2272 patientiae.
1221 2231 1239 2254 1)

357 2298 421 2338 Ad
441 2295 758 2336 detestationem
776 2291 1023 2339 criminum,
1046 2289 1154 2328 sicut
1174 2288 1337 2327 Dathan

303 2373 344 2410 et
364 2367 549 2409 Abiron⁰
571 2381 579 2406 ε
606 2381 623 2403 (1
647 2364 822 2415 Dirupta
842 2363 904 2401 est
930 2364 1042 2400 terra
1063 2359 1141 2399 sub
1162 2358 1338 2410 pedibus

304 2451 475 2488 eorum,
498 2440 539 2477 et
563 2436 755 2489 aperiens
787 2445 833 2473 os
851 2444 978 2473 suum
1005 2429 1224 2471 devoravit
1244 2428 1339 2468 illos

305 2522 403 2551 011111
427 2506 705 2549 tabernaculis
734 2505 822 2545 suis
851 2506 891 2544 01
921 2501 1124 2543 universa
1142 2500 1340 2540 snbstan-

306 2584 364 2622 tia
385 2593 558 2630 eornm,
589 2577 983 2626 descenderuntque
1015 2572 1103 2613 vivi
1130 2571 1176 2611 in
1207 2571 1339 2611 infer-

306 2665 413 2693 num
441 2651 575 2704 operti
611 2650 764 2697 11111110,
803 2649 843 2686 01
875 2644 1093 2697 perierunt
1125 2642 1176 2682 de
1202 2641 1340 2682 medio

309 2722 607 2764 multitudinis.
631 2736 650 2758 »
676 2719 727 2760 Et
746 2718 804 2759 sic
824 2716 933 2757 Giezi
951 2717 979 2739 ¹⁰
1008 2727 1017 2755 ε
1036 2730 1054 2752 (1
1074 2713 1208 2766 Lepra
1228 2712 1341 2754 Naa-

308 2806 408 2834 man
439 2790 673 2833 adbaerebit
702 2789 776 2829 tibi
805 2790 845 2828 et
866 2786 1017 2827 semini
1044 2788 1119 2825 tuo
1145 2784 1343 2836 usquein

311 2866 630 2918 sempiternum.
664 2877 683 2899 ›)
727 2861 777 2902 Et
807 2860 866 2899 sic
895 2857 1081 2899 Ananias
1107 2857 1133 2878 ¹¹
1168 2870 1177 2895 2
1214 2871 1233 2892 «
1261 2854 1343 2895 Cur

313 2936 487 2977 tentavit
507 2937 672 2974 satanas
692 2943 762 2972 cor
787 2934 911 2971 11111111
944 2927 1114 2969 mentiri
1139 2929 1181 2967 te
1209 2924 1343 2978 Spiri-

312 3007 374 3047 tui
395 3009 552 3055 sancto,
570 3008 610 3045 et
625 3002 820 3043 fraudare
840 3001 890 3041 de
903 2999 1036 3053 pretio
1048 2997 1174 3050 agri?
1196 2995 1343 3037 Nonne

311 3088 489 3117 manens
509 3075 584 3115 tibi
605 3073 801 3113 manebat
822 3086 830 3111 :
860 3073 900 3111 et
920 3069 1232 3117 venundatum,
1255 3069 1345 3107 erat

310 3149 355 3188 in
383 3151 457 3188 tua
485 3144 714 3199 potestate?
754 3143 890 3191 Quare
926 3139 1102 3194 posuisti
1135 3138 1180 3178 in
1220 3138 1344 3178 corde

311 3223 384 3260 tuo
404 3220 514 3259 hanc
537 3216 659 3257 rem‘?
681 3229 700 3251 n
737 3216 814 3254 etc.
837 3213 887 3253 Et
906 3212 1096 3264 sequitur
1118 3224 1127 3251 :
1158 3209 1345 3250 «Cecidit

313 3293 354 3331 01
374 3288 597 3342 expiravit.
620 3301 639 3324 1)
677 3285 724 3325 111
753 3285 833 3324 hoc
856 3283 1108 3332 ostenditur,
1131 3283 1343 3334 quantum

313 3363 501 3414 oporteat
537 3355 735 3400 detestari
777 3355 1003 3395 scissuram
1043 3352 1315 3393 simoniacam
1330 3383 1340 3403 ‚

356 3444 366 3464 1
382 3444 492 3481 loun„
513 3449 559 3481 ix,
581 3443 611 3472 3.
627 3457 667 3463 —
685 3440 698 3460 ²
721 3439 816 3478 Sup.,
838 3445 862 3477 1,
883 3438 933 3468 20.
951 3454 990 3460 —
1009 3436 1020 3454 ³
1041 3435 1125 3475 Act„
1147 3442 1210 3475 xn,
1230 3435 1281 3466 23.
1307 3453 1343 3457 —

316 3490 326 3508 ⁴
349 3490 373 3520 ll
393 3489 578 3529 Mach.,1x‚
597 3489 692 3518 28.—
709 3486 720 3504 ⁵
737 3483 861 3524 Exod„
880 3491 938 3524 xx,
960 3485 1031 3515 5.—
1055 3484 1066 3501 ⁶
1087 3483 1181 3518 Gen„
1201 3490 1274 3519 xix,
1290 3484 1342 3515 25.

316 3538 375 3560 -7
392 3539 508 3577 Pron„
527 3544 600 3574 xix,
619 3536 708 3565 2:3.—-
728 3534 738 3550 ³
760 3531 902 3571 Tob.,11,
925 3535 1018 3562 1-1.-
1039 3530 1051 3551 ⁹
1073 3529 1188 3568 Num„
1211 3538 1271 3569 xii,
1297 3532 1343 3561 10.

315 3600 354 3608 -
375 3585 403 3605 1⁰
429 3584 469 3615 iv
491 3585 579 3623 neq„
604 3589 636 3622 v,
657 3583 710 3613 27.
734 3598 770 3603 —
801 3579 821 3600 ¹¹
841 3579 928 3618 Act„
956 3585 989 3618 v,
1017 3580 1082 3609 3-5.
1103 3578 1186 3600 -12
1210 3578 1286 3615 isa„
1313 3584 1344 3615 v,

1021 275 1303 320 EVANGELH
1334 274 1517 317 SANCTI
1548 273 1697 315 LUCAE

1394 367 1435 405 01
1467 362 1741 417 apostosiam,
1775 361 1828 401 ob
1862 372 1994 412 quam
2015 361 2154 402 statim
2192 361 2251 402 sic
2286 359 2420 413 puniti

1394 437 1506 475 sunt.

1449 510 1487 545 6.
1511 505 1687 547 Dicebat
1708 507 1845 545 aulem.
1873 507 1911 545 ec
1933 503 2041 545 lianc
2063 503 2394 546 similitudinem
2411 518 2425 544 .·

1395 576 1595 617 Arborcm
1611 576 1685 626 fici
1703 574 1873 616 habebat
1895 572 2089 626 quidam,
2115 576 2192 614 etc.
2209 574 2285 615 Hic
2304 575 2425 615 tertio

1397 648 1593 689 subditur
1612 646 1854 699 exemplum
1875 645 2164 696 excogitatum
2179 677 2188 695 ,
2208 645 2296 685 51νο
2315 646 2427 686 adin-

1396 722 1573 760 ventum
1589 751 1599 769 ,
1616 719 1666 758 (10
1686 718 1947 765 infructuosa
1968 716 2149 756 ficulnea
2174 715 2424 756 excidenda:

1396 791 1475 831 sub
1496 792 1620 842 cuius
1641 788 1888 841 metaphora
1907 786 2207 838 intelliguntur
2226 786 2306 826 tria
2319 786 2429 827 circa

1397 862 1608 911 animam,
1641 872 1738 913 quae
1765 858 1948 911 negligit
1979 857 2293 910 poenitentiam,
2319 857 2428 897 scili—

1397 936 1462 974 cet
1478 934 1662 974 desectus
1680 929 1958 982 negligentiae
1970 929 2014 968 in
2024 941 2110 969 non
2124 928 2429 978 fructificando,

1398 1005 1515 1056 rigor
1535 1003 1753 1044 sententiae
1783 1002 1828 1041 in
1853 999 2174 1051 comminando,
2198 1002 2239 1040 01
2258 998 2434 1040 necessi-

1398 1078 1460 1116 tas
1482 1075 1739 1128 poenitentias
1760 1074 1803 1113 in
1824 1072 2109 1113 remediando.

1452 1146 1595 1187 Primo
1616 1157 1720 1197 ergo
1735 1178 1744 1196 ,
1768 1146 1976 1197 quantum
2000 1143 2053 1184 ad
2073 1143 2281 1184 defectum
2301 1143 2435 1195 negli-

1400 1217 1557 1271 gentia}
1580 1217 1623 1257 in
1645 1216 1955 1266 fructificando,
1977 1215 2035 1255 ait
2067 1229 2074 1255 :
2101 1214 2270 1257 Dicebat
2296 1218 2435 1257 <tutem

1400 1290 1562 1331 01110110
1595 1287 1927 1330 similitudinem
1949 1299 1963 1327 .·
1998 1301 2017 1325 «
2037 1285 2244 1326 Arborem
2272 1285 2437 1326 11011111-

1401 1362 1525 1402 bebat
1545 1360 1718 1414 quidam
1738 1359 1968 1412 plantatam
1989 1358 2031 1397 in
2051 1357 2178 1399 vinea
2196 1370 2287 1408 sua,
2309 1374 2327 1396 »
2357 1357 2438 1398 sci-

1402 1433 1496 1473 licet
1516 1432 1567 1473 ad
1587 1432 1771 1472 fructum
1791 1430 2108 1482 suscipiendum
2128 1442 2180 1469 ex
2202 1442 2250 1470 ea
2272 1444 2280 1470 :
2308 1442 2436 1482 quem

1402 1508 1546 1544 tamen
1565 1503 1673 1544 tollit
1706 1501 2004 1554 negligentia:
2037 1501 2149 1541 unde
2182 1501 2352 1542 subdit:
2384 1503 2439 1543 Ec

1403 1576 1522 1617 venit
1543 1584 1736 1627 quaerens
1758 1574 1945 1624 fructum
1972 1573 2019 1613 z‘n
2037 1572 2128 1623 illa,
2154 1574 2192 1614 et
2210 1582 2296 1614 non
2315 1574 2437 1614 inve-

1404 1648 1488 1688 m‘c.
1512 1661 1530 1683 »
1570 1646 1647 1685 Per
1673 1646 1843 1686 vineam
1876 1643 2130 1695 intelligitur
2165 1643 2440 1695 congregatio

1406 1716 1681 1757 ecclesiastica
1692 1717 1719 1737 ¹²
1732 1729 1740 1754 :
1753 1714 1906 1755 «Vinea
1921 1714 2360 1755 Dominiexercituum
2374 1714 2443 1754 do-

1407 1801 1503 1829 mus
1520 1787 1645 1828 Israel
1658 1790 1734 1827 est.
1755 1802 1773 1824 »
1793 1785 1872 1826 Per
1886 1786 2015 1826 ficum
2032 1785 2354 1837 infructuosam,
2372 1786 2443 1827 sed

1404 1859 1511 1900 foliis
1547 1859 1741 1912 plenam,
1784 1857 2039 1909 intelligitur
2068 1857 2213 1896 anima
2237 1868 2334 1909 quae
2372 1869 2443 1897 re-

1406 1933 1523 1971 cusat
1564 1929 1858 1983 poenitentiam
1900 1930 2072 1981 propter
2114 1928 2442 1980 negligentiam.

1408 2003 1462 2040 13«
1473 2001 1618 2042 Posuit
1629 2001 1799 2042 vineam
1810 2012 1949 2040 meam
1961 2000 2005 2040 in
2018 1999 2246 2050 desertum,
2262 2002 2302 2040 et
2316 2001 2444 2041 ficum

1407 2086 1549 2114 meam
1569 2072 1836 2113 decorticavit
1860 2087 1867 2113 :
1890 2073 2057 2112 nudans
2080 2072 2276 2124 spoliavit
2293 2085 2387 2113 eam
2407 2075 2446 2113 el

1409 2144 1602 2197 projecit,
1639 2144 1723 2184 albi
1760 2144 1855 2184 facti
1892 2146 1990 2184 sunt
2020 2143 2130 2183 rami
2159 2145 2266 2196 ejus.
2297 2158 2316 2181 ))
2348 2142 2447 2184 Haec

1408 2217 1516 2256 ficus
1535 2218 1597 2255 est
1618 2215 1726 2255 foliis
1746 2215 1867 2267 plena
1880 2247 1889 2265 ‚
1912 2215 2082 2267 quando
2102 2215 2242 2255 verbis
2261 2215 2446 2255 abundat

1411 2286 1462 2326 ad
1481 2286 1796 2326 excusationem
1825 2285 1892 2325 sni
1919 2286 1948 2308 ¹¹*
1971 2300 1980 2325 ι
2011 2299 2029 2323 (1
2062 2284 2329 2325 Consuerunt
2347 2285 2446 2325 folia

1411 2356 1542 2406 ficus,
1567 2358 1608 2396 et
1627 2356 1816 2396 fecerunt
1843 2355 1923 2395 sibi
1950 2355 2260 2408 perizomata.»
2286 2354 2336 2395 Et
2355 2355 2447 2395 haec

1413 2426 1651 2466 estDomini
1672 2426 1963 2466 maledictione
1983 2425 2112 2477 digna
2125 2426 2151 2447 ¹5
2165 2423 2360 2466 :<‹Videns
2379 2425 2447 2465 fici

1414 2498 1609 2538 arborem
1630 2510 1760 2538 unam
1788 2509 1909 2538 secus
1940 2496 2074 2547 viam,
2104 2496 2222 2537 venit
2246 2495 2298 2536 ad
2328 2507 2444 2546 eam,

1415 2571 1455 2609 et
1474 2568 1583 2608 nibil
1603 2568 1765 2609 invenit
1781 2569 1826 2608 in
1846 2580 1895 2608 ea
1913 2567 1992 2607 nisi
2016 2567 2115 2607 folia
2132 2568 2317 2617 tantum,
2339 2569 2381 2606 et
2394 2565 2451 2606 ait

1414 2639 1475 2679 illi
1499 2654 1507 2680 ε
1530 2639 1757 2692 Nunquam
1778 2652 1831 2680 ex
1852 2642 1892 2679 te
1911 2638 2072 2678 fructus
2092 2639 2340 2678 nascatur.»

1469 2711 1675 2761 Secundo,
1698 2713 1904 2763 quantum
1932 2710 1985 2750 ad
2011 2710 2204 2761 rigorem
2232 2709 2450 2749 sententiae

1416 2783 1461 2822 in
1491 2782 1810 2832 comminando,
1847 2781 2043 2821 subditur
2082 2781 2148 2833 (v.
2182 2779 2232 2833 7)
2278 2794 2287 2821 ε
2322 2780 2451 2822 Dixit

1418 2859 1557 2897 autem
1583 2853 1641 2896 ad
1670 2854 1868 2896 cultorem
1889 2854 2025 2895 vineoe
2050 2865 2064 2894 :
2096 2853 2198 2894 Ecce
2230 2853 2339 2894 cmm·
2367 2855 2451 2893 tres

1417 2930 1537 2976 sum,
1583 2936 1638 2967 eoe
1674 2936 1754 2978 quo
1789 2926 1912 2967 venio
1950 2934 2144 2977 quaerens
2178 2924 2364 2975 fructum
2401 2923 2451 2963 in

1418 2996 1604 3047 ficulnea
1620 2996 1711 3048 hac,
1732 3000 1770 3039 ec
1789 3007 1874 3039 non
1894 2996 2083 3037 invenio.
2108 2994 2188 3035 Per
2211 2996 2297 3034 tres
2317 3003 2450 3033 annos

1419 3067 1674 3119 intelligitur
1714 3068 1923 3120 pueritia,
1962 3064 2240 3107 adolescentia
2257 3097 2267 3115 ,
2308 3067 2348 3104 01
2382 3065 2451 3116 ju-

1419 3142 1592 3189 ventus,
1631 3139 1677 3178 in
1715 3139 1870 3192 quibus
1904 3137 2086 3189 negligit
2118 3135 2213 3189 quis
2243 3134 2449 3188 poeniten-

1419 3209 1522 3248 tiam
1548 3221 1702 3260 agere,
1723 3208 1957 3250 secundum
1985 3206 2091 3247 illud
2112 3206 2140 3227 ¹⁶
2172 3218 2182 3246 ε
2211 3221 2231 3244 «
2259 3205 2377 3246 Dedit
2412 3204 2450 3244 01

1419 3275 1530 3317 Deus
1554 3277 1697 3317 locum
1721 3275 2002 3330 poenitentiae,
2033 3277 2074 3314 et
2101 3274 2171 3314 ille
2190 3272 2382 3314 abutitur
2401 3283 2450 3312 eo

1419 3348 1463 3388 in
1483 3349 1740 3401 superblam.
1761 3363 1780 3386 ›>
1806 3347 1948 3388 Cultor
1969 3346 2089 3387 istius
2109 3346 2248 3389 vineae
2265 3349 2327 3386 est
2347 3355 2452 3398 prae-

1420 3463 1451 3493 7.
1471 3479 1511 3485 —-
1540 3461 1565 3482 1³
1587 3460 1686 3500 Joel.‚
1714 3469 1746 3501 1,
1774 3462 1804 3492 7.
1828 3477 1864 3482 —-
1894 3460 1921 3481 11
1947 3459 2041 3499 Gen„
2063 3467 2124 3500 111,
2149 3460 2180 3490 7.
2206 3458 2291 3482 -15
2310 3455 2451 3497 Matth„

1420 3517 1492 3550 xxi,
1516 3510 1624 3541 19.’-
1645 3509 1669 3527 ¹⁶
1686 3507 1758 3548 Job,
1778 3515 1874 3548 xxw,
1896 3508 1948 3538 23.

1465 3573 1504 3614 (a)
1533 3572 1631 3613 Vulfs.
1652 3573 1724 3614 qui.

2498 376 2583 404 apos-

2443 410 2526 437 tasia.
