2634 3853
1082 202 1355 244 EXPOSITIO
1386 201 1437 243 IN
1467 202 1582 243 CAP.
1612 202 1700 243 XII.

327 292 413 332 mia
438 291 483 331 in
514 291 721 344 Spiritum
754 296 947 335 sanctum
978 304 1065 333 non
1094 292 1346 332 remittetur.

380 363 445 402 11.
488 361 588 403 Cum
620 366 763 404 autem
790 363 993 405 inducent
1020 372 1120 412 vos,
1160 363 1238 401 etc.
1275 360 1351 401 His:

320 432 412 483 Jam
430 433 581 484 quarto
600 432 794 473 hortatur
811 433 863 473 ad
884 432 1123 472 habendam
1143 431 1347 472 securita-

324 501 410 540 tem
449 504 596 542 contra
632 502 1037 554 pusillanimitatem.
1078 501 1165 541 Hoc
1207 505 1350 542 autem

324 570 422 611 facit
443 571 598 624 duplici
617 573 706 623 via,
731 573 888 612 scilicet
902 572 1128 612 auferendo
1148 571 1349 611 sollicitu-

326 639 468 680 dinem
487 640 538 680 de
556 641 743 693 periculo
756 672 766 691 ,
789 644 829 680 et
848 640 1099 681 conferendo
1132 640 1349 680 certitudi-

325 723 424 751 nem
441 711 492 752 de
505 711 716 764 praesidio.
743 710 884 752 Primo
905 711 1038 763 igitur
1050 712 1187 751 aufert
1204 711 1353 751 sollici-

324 781 514 821 tudinem
533 781 584 821 de
603 782 804 833 periculo,
828 794 925 822 cum
946 781 1066 822 dicit:
1088 781 1190 822 Cum
1210 786 1352 823 autem

325 850 529 893 inducent
556 861 628 893 vos
660 852 707 892 in
737 862 1006 904 synaqoyas,
1039 855 1077 893 et
1110 851 1167 892 ad
1192 853 1349 904 magis-

326 925 464 964 cratus
483 925 523 964 et
539 926 762 975 potestates
787 938 795 964 z
817 923 861 962 111
881 934 965 975 quo
994 922 1134 962 innuit
1167 921 1350 974 discipu—

325 992 387 1033 los
406 993 722 1035 tribulationem
754 1006 954 1047 passuros
974 1007 997 1033 a
1017 993 1174 1034 Judaeis
1193 995 1234 1033 et
1254 1005 1353 1044 gen-

326 1063 452 1104 tibus.
474 1063 592 1105 Unde
616 1065 769 1105 dicitur
795 1066 874 1106 hoc
894 1065 1182 1117 expressius1:
1212 1079 1231 1102 α
1250 1063 1350 1104 Tra—

326 1135 425 1175 dent
452 1135 566 1175 enim
591 1136 676 1176 ‘vos
709 1136 755 1176 in
793 1136 976 1176 conciliis
1012 1138 1051 1175 et
1089 1135 1135 1174 111
1166 1146 1352 1187 synago-

329 1205 412 1257 gis,
439 1219 457 1243 »
479 1207 560 1246 etc.
578 1205 710 1257 Unde,
730 1207 775 1246 in
795 1206 960 1248 Psalmo
983 1207 997 1227 2
1020 1217 1029 1245 :
1059 1220 1077 1243 <‹
1097 1205 1353 1246 Assisterunt

325 1288 451 1328 reges
466 1278 607 1327 terrae,
632 1291 651 1314 ›)
676 1279 755 1317 010.
778 1277 828 1317 Et
847 1280 947 1317 nota
967 1276 1078 1329 quod
1102 1276 1180 1316 tria
1195 1288 1353 1328 genera

326 1358 605 1398 personarum
643 1350 886 1396 enumerat,
926 1359 1067 1386 coram
1089 1346 1244 1398 quibus
1264 1347 1352 1386 for-

326 1416 460 1457 midat
486 1417 615 1456 homo
639 1416 780 1469 loqui,
817 1416 972 1456 scilicet
1010 1429 1151 1457 coram
1189 1417 1350 1467 multis,

327 1499 469 1528 coram
483 1487 643 1540 peritis,
659 1490 699 1527 et
719 1499 861 1527 coram
881 1487 1062 1537 magnis.
1084 1486 1232 1527 Coram
1248 1487 1354 1527 mul-

327 1558 394 1608 tis,
416 1570 512 1598 cum
535 1558 633 1598 dicit
668 1572 676 1598 ε
711 1558 762 1598 Ιη
793 1559 1039 1610 synaqoqis.
1072 1557 1104 1597 E
1142 1558 1353 1598 contrario

326 1629 479 1670 dicitur
497 1630 541 1670 ³:
567 1644 586 1668 (1
607 1628 650 1669 Si
669 1629 823 1681 expavi
854 1629 906 1668 ad
937 1628 1254 1668 multitudinem
1284 1629 1352 1668 ni-

326 1700 478 1749 miam,
512 1703 553 1740 et
587 1700 797 1752 despectio
833 1699 1171 1751 propinquorum
1205 1700 1354 1739 terruit

326 1782 409 1811 me.
431 1784 450 1808 »
476 1769 625 1810 Coram
656 1770 827 1822 peritis,
850 1769 963 1809 unde
991 1769 1103 1809 addit
1131 1781 1141 1808 :
1175 1768 1243 1810 Ad
1262 1780 1353 1810 ma-

327 1843 535 1894 qistrazus
559 1856 568 1882 ε
591 1842 704 1882 unde
723 1842 769 1881 in
785 1842 958 1884 Actibus
979 1841 992 1862 ¹·
1017 1856 1025 1881 2
1049 1841 1355 1882 «Adduxerunt

326 1912 536 1965 apostolos
556 1913 608 1953 ad
625 1913 914 1964 magistratus,
932 1927 950 1949 1)
988 1915 1064 1952 010.
1089 1912 1235 1952 Coram
1263 1925 1352 1952 ma-

327 1983 438 2034 gnis,
461 1995 558 2024 cum
579 1983 718 2023 subdit
740 1997 748 2023 ε
773 1983 828 2025 Et
843 1986 1067 2035 potestates
1082 1982 1094 2003 5
1119 1997 1158 2022 ια
1179 1983 1251 2024 Vis
1269 1996 1355 2024 non

325 2054 474 2094 timere
493 2056 766 2106 potestatem?
790 2054 956 2094 Bonum
977 2054 1054 2093 fac.
1078 2068 1096 2091 ›>
1121 2053 1249 2093 Primi
1268 2066 1355 2094 non

326 2126 425 2164 sunt
442 2124 632 2174 timendi,
647 2125 746 2177 quia
757 2125 770 2147 ⁶
784 2139 792 2164 :
812 2140 830 2163 (‹
842 2125 989 2165 Plures
998 2125 1236 2174 nobiscum,
1247 2128 1352 2165 neto.

327 2194 508 2236 Secundi
540 2207 628 2236 non
644 2226 656 2244 ‚
695 2195 797 2248 quia
835 2195 1079 2248 prudentior
1117 2196 1354 2246 nobiscum,

326 2266 429 2318 quia
447 2265 599 2306 dicitur
618 2269 631 2291 ⁷
655 2279 663 2305 :
693 2280 712 2303 (<
730 2265 822 2306 Νο11
851 2268 1043 2317 poterant
1074 2266 1267 2306 resistere
1287 2279 1353 2306 sa-

325 2335 497 2388 pientiae
519 2338 560 2375 et
580 2335 761 2388 spiritui,
782 2350 800 2373 »
826 2339 905 2375 etc.
929 2335 1129 2375 Similiter
1158 2348 1235 2376 nec
1266 2339 1354 2376 ter-

327 2405 396 2445 tii⁸
409 2419 418 2446 ε
430 2420 448 2444 ε(
467 2404 632 2446 Vicistis
651 2417 737 2454 eos,
755 2406 958 2458 quoniam
974 2407 1110 2457 major
1126 2409 1202 2456 est,
1218 2407 1292 2458 qui
1312 2406 1356 2446 in

326 2476 448 2518 vobis
466 2478 541 2524 est,
561 2488 690 2528 quam
707 2476 780 2528 qui
800 2478 845 2515 in
867 2476 1041 2516 mundo.
1058 2476 1135 2516 »Et
1153 2477 1354 2528 quoniam

327 2546 565 2598 periculum
584 2549 645 2586 est
663 2545 779 2598 loqui
806 2546 850 2586 in
876 2549 1102 2598 conspectu
1124 2547 1357 2587 multitudi-

327 2617 394 2657 nis
413 2617 687 2666 observantis,
719 2618 759 2656 et
790 2616 1027 2669 periculum
1047 2617 1209 2657 inducit
1228 2617 1352 2657 timo-

326 2700 440 2739 rem,
473 2690 514 2728 et
533 2688 660 2728 timor
689 2687 1036 2738 sollicitudinem,
1059 2690 1100 2727 et
1120 2687 1355 2729 sollicitudo

327 2758 682 2812 inquietudinem,
714 2759 754 2798 et
783 2757 1031 2810 inquietudo
1050 2758 1355 2809 turbationem,

328 2832 369 2870 et
382 2829 564 2870 turbatio
585 2830 646 2868 est
665 2828 825 2868 occasio
843 2827 1118 2880 impatientiae
1133 2840 1181 2868 ac
1191 2829 1327 2870 ruinae
1341 2845 1351 2880 ;

327 2900 422 2941 ideo
453 2901 622 2941 revocat
642 2911 669 2938 a
700 2898 915 2950 superflua
935 2898 1235 2949 sollicitudine,
1258 2912 1355 2940 cum

328 2971 468 3011 subdit
488 2970 649 3012 :Nolite
664 2968 839 3011 solliciti
856 2979 940 3009 esse
956 2968 1140 3020 qualiter
1154 2973 1230 3012 aut
1249 2970 1356 3022 quid

328 3040 636 3093 respondeatis,
666 3039 820 3079 scilicet
838 3038 1200 3090 interrogantibus
1231 3041 1355 3080 mali-

328 3109 433 3149 tiose
449 3141 459 3159 ,
482 3113 557 3152 aut
574 3109 681 3162 quid
707 3108 890 3158 dicatis,
930 3108 1084 3148 scilicet
1118 3109 1356 3152 volentibus

330 3180 555 3220 addiscere.
577 3180 624 3220 ln
642 3192 727 3233 quo
746 3180 875 3221 verbo
890 3191 977 3219 non
998 3180 1105 3220 tollit
1118 3180 1357 3222 sollicitudi-

329 3261 430 3291 nem
447 3250 733 3301 studiositatis,
756 3250 827 3290 sed
846 3249 1113 3299 curiositatis,
1134 3250 1185 3291 de
1205 3264 1289 3304 qua
1309 3256 1322 3278 ⁹
1343 3268 1352 3294 ε

373 3379 383 3400 ¹
405 3378 538 3415 Matth„
558 3387 598 3419 x,
621 3380 670 3411 17.
694 3397 735 3403 -—
759 3380 772 3401 ²
791 3379 924 3420 Psal.11,
945 3381 975 3411 2.
997 3397 1035 3402 —
1054 3380 1066 3398 ³
1085 3379 1157 3419 Joh,
1179 3388 1281 3421 xxxi,
1303 3385 1353 3414 34.

332 3442 372 3448 -
395 3425 407 3444 ⁴
430 3425 518 3463 Act„
540 3433 589 3465 v1,
617 3427 673 3466 12,
699 3427 811 3467 quoad
834 3435 983 3458 sensum.
1005 3444 1045 3449 --
1066 3428 1078 3448 5
1099 3428 1202 3467 Rom,
1221 3436 1299 3468 xiii,
1323 3432 1352 3462 3.

333 3489 372 3497 --
388 3473 401 3494 ⁶
418 3472 459 3505 lV
480 3472 572 3513 Req„
590 3479 637 3512 vl,
659 3474 707 3504 16.
722 3490 763 3496 -
781 3474 794 3496 '1
815 3473 938 3513 Act.,v,
958 3476 1004 3507 10.
1019 3491 1060 3497 -
1077 3475 1088 3492 ⁸
1106 3475 1116 3505 1
1135 3476 1241 3514 ιΙοανι.,
1258 3483 1306 3516 IV,
1323 3478 1354 3508 4.

2369 209 2446 249 555

1426 306 1446 330 <1
1463 290 1576 332 Nihil
1597 290 1760 331 solliciti
1780 291 1883 343 sitis,
1905 294 1977 334 sed
1997 294 2042 335 in
2062 298 2178 337 omni
2197 297 2386 337 oratione
2407 298 2448 336 et

1420 361 1707 401 obsecratione
1729 374 1827 402 cum
1859 363 2099 414 gratiarum
2139 368 2301 407 actione
2335 367 2442 419 peti-

1420 431 1556 471 tiones
1576 434 1730 473 vestrae
1765 433 2027 475 innotescant
2055 436 2165 488 apud
2204 436 2336 476 Deum
2375 448 2384 476 :
2421 450 2440 474 ι)

1421 501 1535 553 quia,
1560 501 1668 541 sicut
1687 501 1837 542 dicitur
1858 504 1887 527 ¹⁰
1909 515 1918 544 ε
1947 519 1965 542 (ι
1985 504 2026 545 Si
2048 506 2143 557 quis
2168 508 2356 546 vestrum
2378 506 2446 545 in-

1421 572 1538 624 diget
1573 573 1802 625 sapientia,
1841 575 2023 626 postulet
2060 588 2085 615 a
2125 576 2228 627 Deo,
2251 590 2270 613 »
2297 578 2374 616 010.
2398 576 2448 616 Et

1421 642 1528 682 illud
1549 643 1733 683 maxime
1751 643 1992 685 faciendum
2017 648 2079 686 est
2113 645 2158 685 in
2177 646 2354 686 articulo
2374 658 2444 685 ne-

1423 712 1647 762 cessitatiS,
1680 713 1755 753 ubi
1791 726 1878 754 non
1906 717 1967 754 est
1998 716 2254 767 quaerendus
2275 718 2450 756 ornatus

1423 782 1672 831 verborum,
1715 795 1792 823 nec
1829 785 2090 835 profunditas
2128 786 2448 834 sententiarum,

1423 852 1494 892 sed
1514 865 1630 893 mera
1644 842 1684 893 et
1705 853 1885 905 simplex
1901 855 1997 895 fidei
2017 856 2172 896 veritas
2193 868 2291 896 cum
2315 855 2451 896 multa

1424 924 1658 964 constantia
1675 927 1715 964 et
1733 924 1898 965 fervore
1914 925 2089 977 prolata.
2113 926 2240 966 Juxta
2258 927 2370 979 quod
2394 927 2452 967 di-

1424 993 1533 1033 citur
1552 995 1577 1015 ¹¹
1601 1008 1609 1033 :
1641 1009 1659 1032 «
1682 994 1830 1035 Sermo
1850 1007 1997 1046 meus,
2039 998 2136 1046 etc„
2175 1009 2259 1037 non
2296 997 2341 1037 in
2361 1009 2451 1049 per-

1424 1064 1695 1104 suasibilibus
1714 1065 1916 1105 humanae
1927 1066 2146 1118 sapientiae
2164 1067 2348 1117 verbis,›)
2369 1070 2446 1107 etc.

1423 1133 1515 1174 Non
1532 1138 1675 1175 autem
1694 1135 1875 1175 intendit
1907 1136 2122 1177 retrahere
2145 1150 2170 1177 a
2187 1137 2324 1178 studio
2345 1137 2452 1178 veri-

1423 1204 1534 1254 tatis,
1560 1217 1657 1245 cum
1677 1205 1785 1245 dicat
1805 1205 1833 1227 ¹²
1856 1220 1864 1246 ;
1883 1220 1902 1244 (1
1922 1205 2178 1246 Scrutamini
2199 1206 2448 1259 Scripturas,

1424 1276 1523 1327 quia
1543 1288 1618 1316 vos
1640 1276 1795 1328 putatis
1813 1276 1858 1315 in
1881 1276 1982 1329 ipsis
2002 1277 2134 1317 vitam
2155 1279 2358 1317 aeternam
2374 1278 2453 1318 ha-

1423 1346 1523 1386 bere
1537 1358 1550 1397 3
1566 1360 1584 1383 1)
1611 1346 1682 1386 sed
1704 1347 1882 1387 intendit
1912 1347 2165 1399 persuadere
2190 1350 2237 1387 ut
2256 1348 2386 1388 homo
2409 1348 2455 1388 in

1426 1416 1610 1468 periculo
1631 1417 1778 1456 mortis
1803 1429 1889 1457 non
1918 1418 2100 1457 confidat
2119 1418 2170 1458 de
2195 1418 2452 1458 inventioni-

1425 1487 1519 1537 11115,
1539 1487 1638 1539 quia
1658 1487 1787 1527 homo
1817 1487 1956 1526 deficit
1975 1488 2021 1526 in
2038 1487 2294 1528 inveniendo
2309 1520 2321 1537 ,
2344 1488 2452 1528 falli-

1425 1561 1496 1598 tur
1514 1558 1558 1597 111
1569 1558 1798 1609 judicando
1814 1589 1824 1608 ,
1846 1560 1886 1598 et
1910 1558 2003 1598 ideo
2037 1559 2176 1599 deviat
2211 1559 2456 1612 frequenter

1425 1628 1609 1668 innitens
1630 1628 1804 1679 ingenio
1828 1639 1920 1668 suo.
1944 1627 2119 1680 Propter
2139 1629 2253 1681 quod
2283 1629 2328 1669 in
2352 1629 2455 1671 Pro-

1426 1698 1584 1739 verbiis
1605 1698 1662 1737 ¹³:
1691 1697 1847 1737 «Habe
1883 1698 2082 1738 fiduciam
2113 1699 2158 1738 in
2192 1698 2369 1739 Domino
2403 1711 2456 1739 ex

1426 1771 1512 1808 toto
1534 1768 1657 1808 corde
1694 1770 1768 1808 tuo
1781 1799 1791 1816 ,
1819 1771 1860 1808 et
1894 1780 1947 1809 ne
1985 1768 2180 1808 innitaris
2219 1769 2455 1821 prudentiae

1427 1842 1529 1880 tuae.
1554 1853 1572 1876 ›)

1481 1908 1675 1949 Secundo
1709 1910 1866 1950 confert
1894 1909 2186 1950 certitudinem
2224 1910 2275 1951 de
2312 1911 2456 1963 praesi-

1428 1980 1511 2030 dio,
1534 1992 1629 2020 cum
1653 1980 1792 2021 subdit
1814 1980 1868 2032 (v.
1889 1980 1926 2032 2)
1950 1995 1958 2020 :
1983 1981 2174 2033 Spiritus
2197 1982 2310 2022 enim
2330 1992 2454 2023 sanc-

1430 2056 1498 2093 tus
1519 2050 1682 2093 docebit
1703 2062 1774 2093 vos
1806 2052 1855 2093 in
1876 2053 1972 2103 ipsa
1998 2052 2101 2093 hora
2134 2052 2241 2104 qaid
2267 2056 2456 2104 oporteat

1429 2132 1501 2163 vos
1524 2121 1676 2164 dicere.
1705 2122 1780 2163 Hic
1810 2126 1954 2163 autem
1984 2122 2164 2175 Spiritus
2202 2126 2369 2164 sanctus
2395 2127 2457 2164 est

1429 2193 1616 2245 optimus
1635 2193 1794 2243 doctor,
1817 2194 1917 2246 quia
1939 2194 2058 2234 docet
2080 2195 2298 2234 hominem
2330 2194 2453 2235 intel-

1428 2264 1580 2314 ligere,
1601 2267 1639 2304 et
1652 2267 1798 2304 ornate
1813 2265 2065 2316 exprimere.
2082 2263 2256 2317 Propter
2268 2265 2454 2317 primum

1430 2333 1581 2373 dicitur
1602 2333 1630 2354 ¹⁴⁹
1652 2345 1692 2373 z«
1713 2333 1932 2386 Inspiratio
1958 2334 2258 2386 omnipotentis
2287 2335 2356 2374 dat
2387 2334 2454 2374 in-

1436 2403 1739 2455 telligentiam3
1768 2419 1786 2442 2>
1808 2407 1849 2444 et
1869 2404 1896 2426 ¹⁵
1921 2419 1960 2445 :«
1977 2407 2081 2445 Cum
2105 2404 2345 2445 veneritille
2359 2403 2453 2456 Spi-

1428 2474 1536 2514 ritus
1563 2475 1770 2525 veritatiS,
1801 2475 1963 2515 docebit
1993 2487 2071 2516 vos
2098 2487 2269 2515 omnem
2298 2475 2453 2516 verita-

1429 2548 1515 2585 tem
1536 2559 1555 2583 ›>
1581 2559 1589 2584 ε
1613 2546 1727 2598 quia,
1750 2546 1858 2586 sicut
1879 2545 2030 2586 dicitur
2050 2546 2079 2568 ¹⁶
2100 2558 2139 2586 z«
2160 2545 2340 2598 Spiritus
2360 2558 2455 2586 om-

1429 2616 1500 2656 nia
1520 2618 1747 2666 scrutatur,
1769 2617 1896 2657 etiam
1926 2616 2136 2668 profunda
2159 2617 2244 2657 Dei.
2276 2630 2295 2653 ))
2323 2616 2453 2669 Prop-

1430 2689 1493 2727 ter
1512 2687 1752 2727 secundum
1771 2687 1925 2727 dicitur
1945 2687 1973 2712 ¹⁷
1996 2699 2035 2727 τα
2055 2685 2270 2739 Sapientia
2294 2687 2458 2739 aperuit

1430 2769 1476 2797 os
1499 2760 1740 2808 mutorum,
1773 2771 1793 2794 ))
1818 2760 1894 2798 010.
1924 2757 2054 2798 Et1⁸z
2083 2757 2202 2798 «Vos
2234 2769 2321 2797 11011
2358 2757 2457 2797 estis

1430 2827 1506 2880 qui
1518 2827 1760 2880 loquimini,
1775 2828 1847 2868 sed
1863 2827 2044 2880 Spiritus
2053 2827 2182 2880 patris
2192 2827 2332 2878 vestri,
2349 2841 2368 2865 >³
2376 2830 2452 2868 etc.

1431 2897 1526 2938 ldeo
1550 2898 1709 2938 dicebat
1729 2898 1955 2951 Apostolus
1976 2899 2003 2920 1⁹
2026 2913 2034 2939 :
2062 2915 2081 2937 <‹
2102 2899 2169 2939 An
2189 2898 2456 2951 experimen-

1430 2972 1522 3010 tum
1542 2970 1733 3022 quaeritis
1753 2972 1846 3023 eJus
1869 2970 1944 3023 qui
1962 2970 2007 3010 in
2028 2982 2096 3010 me
2112 2970 2303 3022 loquitur
2323 2968 2456 3009 Chris-

1429 3042 1523 3081 tus?
1541 3055 1560 3079 ))
1587 3041 1642 3081 De
1662 3041 1727 3081 his
1748 3043 1890 3081 autem
1910 3041 2075 3082 duobus
2107 3041 2214 3080 infra
2232 3041 2263 3065 ²⁰
2287 3052 2296 3080 :
2325 3054 2344 3078 c<
2367 3039 2455 3091 Ego

1429 3111 1536 3152 dabo
1557 3111 1678 3153 vobis
1695 3123 1740 3151 os
1758 3113 1799 3151 et
1818 3112 2088 3164 sapientiam,
2123 3111 2190 3151 cui
2221 3122 2306 3150 non
2337 3112 2456 3162 pote—

1429 3184 1529 3223 runt
1549 3181 1832 3222 contradicere
1852 3184 1892 3222 et
1910 3182 2101 3222 resistere
2127 3192 2275 3222 omnes
2303 3180 2452 3220 adver-

1428 3305 1468 3312 -—
1489 3289 1502 3310 ⁹
1521 3288 1660 3329 Philip„
1681 3296 1728 3328 1v,
1749 3291 1778 3321 6.
1799 3305 1839 3311 -
1861 3289 1884 3310 ¹0
1901 3289 1986 3325 Jac.,
2009 3296 2035 3327 1,
2055 3290 2085 3319 5.
2108 3305 2146 3310 -
2168 3288 2192 3309 1¹
2216 3288 2225 3318 1
2249 3287 2339 3322 Cor„
2361 3294 2400 3325 11,
2422 3289 2454 3317 4.

1429 3353 1470 3358 —
1492 3336 1513 3354 ¹²
1531 3337 1641 3375 Joan„
1658 3343 1690 3376 v,
1715 3338 1766 3368 39.
1786 3352 1828 3358 -
1844 3335 1873 3357 1³³
1893 3336 2003 3371 Prov„
2023 3342 2078 3374 111,
2099 3336 2129 3366 5.
2150 3352 2190 3358 —
2208 3334 2234 3356 1⁴
2249 3333 2318 3373 Job,
2341 3341 2453 3373 xxxii,

1431 3385 1460 3416 8.
1482 3384 1567 3406 -15
1585 3385 1694 3424 Joan„
1715 3391 1787 3424 XVI,
1810 3385 1858 3415 13.
1878 3400 1917 3406 —
1936 3384 1962 3405 1⁶
1983 3384 1993 3414 1
2016 3382 2108 3421 Corn,
2129 3390 2171 3422 11,
2192 3384 2240 3413 10.
2261 3400 2296 3404 -—
2321 3382 2342 3401 ¹⁷
2360 3381 2451 3420 Sap„

1429 3438 1469 3470 x,
1489 3432 1542 3462 21.
1561 3448 1602 3455 —-
1627 3432 1654 3452 1⁸
1679 3430 1814 3471 Matth„
1840 3439 1880 3471 X,
1907 3431 1958 3461 20.
1983 3447 2025 3453 -
2050 3430 2124 3461 1⁹11
2145 3430 2236 3469 Cor„
2255 3437 2338 3469 xin,
2359 3430 2389 3460 3.
2413 3445 2453 3450 —

1430 3477 1455 3496 ²⁰
1471 3476 1548 3519 lnf„
1567 3486 1640 3518 xxi,
1664 3479 1712 3509 15.
2289 3490 2296 3499 ¹
