2634 3853
948 210 1222 257 EXPOSITIO
1253 212 1307 255 IN
1338 211 1450 255 CAP.
1480 210 1590 256 VIII.
2253 219 2332 259 419

207 313 357 356 dicitur
377 321 389 352 ι
410 308 537 353 Exiit
555 309 631 363 qui
661 308 842 351 seminat
861 305 1070 349 seminare
1092 315 1232 347 semen

207 393 343 427 suum.
360 381 499 432 Emit,
522 380 675 422 scilicet
688 380 739 421 de
756 379 880 421 domo
899 377 952 418 ad
968 387 1138 428 agrum,
1151 375 1232 416 hoc

205 457 280 505 est,
301 466 324 494 e
347 453 398 506 (a)
417 453 557 506 quiete
577 452 628 493 ad
646 452 835 493 laborem
852 451 864 473 ¹
889 464 898 491 :
929 464 947 486 α
969 447 1081 488 Exiit
1103 447 1232 488 homo

204 524 257 565 ad
278 535 385 577 opus
406 536 546 574 suum,
570 525 610 564 et
641 524 692 564 ad
717 521 1001 575 operationem
1024 530 1145 558 suam
1166 530 1233 558 us-

204 608 286 649 que
313 596 366 637 ad
385 607 621 648 vesperam.
645 609 663 632 ›>
691 594 741 635 Et
760 593 828 634 hic
851 591 994 641 labor,
1020 589 1087 631 vel
1109 591 1169 629 est
1188 590 1232 628 in

203 678 328 719 opere
344 666 539 719 Justitiae,
564 666 632 707 vel
660 662 962 706 misericordiae
985 675 994 701 :
1028 660 1103 714 qui
1121 661 1233 701 recte

203 737 452 790 designatur
496 751 572 792 per
615 735 957 784 seminationem,
999 731 1232 773 secundum

203 808 310 849 illud
333 809 598 852 Ecclesiaste?
617 809 629 830 ²
652 822 661 849 ε
697 822 715 845 α
734 807 854 848 Mane
890 804 1052 846 semina
1089 815 1233 844 semen

203 881 327 920 tuum
350 880 415 932 (b),
441 882 483 921 et
501 891 676 933 vespere
700 891 754 919 ne
772 879 902 919 cesset
922 888 1078 918 manus
1098 877 1184 916 tua.
1208 889 1226 912 n

204 950 345 992 Isaias
365 951 378 972 ³
401 965 410 991 ε
438 966 457 989 «
477 950 591 992 Beati
611 950 684 1003 qui
705 949 922 991 seminatis
941 960 1068 1002 super
1088 958 1234 988 omnes

204 1033 349 1075 aquas,
372 1021 646 1062 immittentes
674 1021 824 1074 pedem
847 1020 966 1061 bovis
997 1021 1038 1059 et
1066 1018 1186 1060 asini.
1213 1032 1231 1055 >³

204 1091 279 1133 Vel
299 1094 359 1133 est
375 1092 503 1133 etiam
522 1093 565 1132 in
591 1105 785 1134 sermone
805 1091 1004 1132 doctrinae
1020 1106 1029 1140 3
1053 1089 1165 1131 unde
1184 1089 1234 1130 de

207 1162 337 1204 Paulo
379 1164 631 1216 praedicante
670 1164 821 1204 dicitur
848 1163 862 1185 ¹*
897 1177 906 1203 ε
948 1178 967 1201 (ι
999 1161 1106 1212 Quid
1141 1161 1235 1203 vult

205 1233 528 1274 seminiverbius
550 1234 620 1274 hic
641 1234 809 1274 dicere?
830 1248 847 1271 n
886 1233 938 1274 Et
965 1233 1045 1274 isto
1077 1234 1234 1273 semine

206 1302 483 1356 multiplicata
502 1307 563 1345 est
583 1304 784 1355 Ecclesia,
807 1304 1039 1345 secundum
1059 1303 1160 1344 illud
1223 1318 1232 1344 ε

213 1388 232 1411 (ι
251 1373 398 1414 Renati
416 1386 501 1414 non
522 1386 575 1415 ex
596 1375 757 1414 semine
776 1375 1053 1427 corruptibili,
1078 1375 1149 1415 sed
1169 1375 1236 1414 in-

206 1445 483 1498 corruptibili,
505 1457 579 1498 per
603 1445 785 1486 verbum
806 1444 878 1485 Dei
898 1445 985 1486 vivi
1011 1447 1049 1485 et
1068 1457 1237 1497 perma-

207 1517 346 1559 nentis
363 1518 408 1558 in
431 1519 656 1559 aeternum.
674 1532 693 1555 »
717 1516 770 1557 Et
787 1516 837 1557 de
860 1517 940 1557 hac
959 1516 1237 1557 seminatione

208 1588 405 1641 intelligit
422 1588 491 1629 hic
514 1603 523 1629 ε
547 1589 619 1629 sed
638 1589 730 1629 haec
748 1588 845 1629 licet
866 1588 917 1629 de
938 1601 980 1629 se
999 1600 1164 1641 semper
1185 1588 1238 1628 sit

210 1659 322 1699 bona
340 1661 381 1699 et
399 1659 628 1710 fructuosa,
642 1658 832 1700 variatur
848 1661 991 1699 tamen
1005 1658 1237 1699 secundum

211 1729 491 1771 differentiam
535 1732 659 1771 terrae
706 1729 985 1782 suscipientis.
1036 1729 1238 1778 Quaedam

212 1801 326 1842 enim
346 1801 532 1854 suscipit,
549 1801 620 1842 sed
639 1813 726 1842 non
743 1801 918 1851 retinet;
936 1800 1048 1841 unde
1068 1801 1124 1840 ait
1141 1815 1149 1841 :
1179 1801 1219 1841 E
1223 1804 1239 1843 τ

213 1871 316 1913 dum
332 1873 527 1922 seminat,
551 1871 689 1923 aliud,
705 1872 746 1913 id
764 1874 825 1914 est
839 1872 921 1912 alia
939 1883 1036 1925 pars
1050 1871 1237 1921 seminis,

213 1943 364 1987 cecidit
383 1953 501 1986 secus
522 1945 653 1995 viam,
675 1956 750 1996 per
770 1956 899 1996 quam
913 1943 1067 1984 scilicet
1086 1946 1147 1984 est
1166 1943 1237 1984 de-

213 2027 380 2065 cursus3
406 2017 446 2056 et
471 2027 559 2057 non
578 2018 640 2056 est
667 2016 710 2055 in
741 2027 791 2055 ea
821 2016 954 2055 status
980 2014 1236 2064 retentionis,

212 2086 282 2127 sed
303 2085 527 2127 oblivionis
546 2088 718 2139 propter
745 2085 971 2138 strepitum
1001 2085 1237 2126 multitudi-

212 2157 294 2208 niS,
311 2157 423 2210 quod
446 2147 645 2209 signatur
672 2156 783 2197 infra
802 2156 830 2207 ⁶,
861 2156 935 2196 ubi
955 2156 1108 2197 dicitur
1126 2156 1238 2210 quod

218 2243 238 2266 «
255 2239 391 2269 caecus
411 2227 585 2281 quidam
605 2227 773 2269 sedebat
790 2239 909 2269 secus
926 2228 1056 2279 viam,
1077 2228 1238 2269 mendi-

211 2311 310 2340 cans
332 2311 341 2337 :
367 2314 388 2338 n
411 2302 452 2340 et
479 2299 582 2341 dum
602 2299 816 2350 clamaret,
852 2299 1026 2340 «turbae
1046 2299 1235 2352 increpa-

211 2371 313 2412 bant
331 2383 431 2412 eum
445 2373 494 2412 ut
511 2372 679 2411 taceret.
701 2384 720 2407 n
747 2368 866 2411 Unde
886 2370 957 2410 hic
989 2382 1076 2410 non
1095 2372 1158 2411 est
1176 2370 1237 2411 lo-

213 2454 288 2483 cus
305 2440 651 2491 fructificationis,
672 2440 773 2494 quia
791 2452 877 2481 non
894 2443 955 2481 est
975 2440 1019 2481 in
1039 2452 1088 2481 eo
1108 2442 1242 2481 reten—

212 2512 271 2553 tio
290 2511 478 2554 seminis.

266 2583 362 2624 Ideo
381 2582 604 2636 adiungit:
627 2582 684 2625 Ec
696 2581 1074 2634 conculcatumest,
1088 2581 1242 2623 scilicet

213 2666 238 2695 a
252 2654 430 2707 pedibus
448 2653 688 2695 bominum.
711 2653 766 2695 Et
784 2653 968 2695 volucres
997 2653 1089 2696 eceli
1108 2663 1242 2696 come-

213 2724 560 2776 derunlillud‚·in
573 2736 659 2778 quo
670 2724 971 2776 intelliguntur
983 2736 1149 2766 morsus
1160 2725 1243 2765 dae-

213 2808 408 2848 monum,
431 2796 664 2838 secundum
689 2795 794 2836 illud
813 2796 827 2818 ⁷
852 2809 862 2836 ι
897 2809 916 2833 (ι
936 2794 1243 2836 Consumentur

212 2866 324 2907 fame
342 2868 384 2907 et
403 2866 670 2908 devorabunt
691 2878 763 2907 eos
780 2877 880 2907 aves
900 2877 1045 2906 morsu
1065 2865 1241 2906 amaris-

215 2936 364 2978 simo.»
381 2937 432 2978 Et
443 2937 488 2978 in
502 2937 706 2981 Matthoeo
721 2937 767 2990 (c)
785 2940 799 2962 ⁸
813 2951 821 2978 ε
836 2936 1000 2978 «Nolite
1014 2936 1112 2978 dare
1123 2948 1242 2977 sanc-

216 3008 308 3047 tum
327 3008 524 3060 canibus3
543 3020 681 3062 neque
694 3007 871 3049 mittatis
886 3007 1142 3059 margaritas
1154 3018 1245 3048 ves-

217 3077 302 3117 tras
327 3080 423 3119 ante
452 3091 601 3132 porcos
613 3111 628 3130 ,
667 3091 721 3120 ne
755 3080 860 3120 forte
894 3078 1140 3119 conculcent
1174 3089 1244 3118 eas

59 3159 200 3186 Dnosunt
219 3147 393 3199 pedibus
412 3149 512 3190 suis.
527 3164 547 3188 ι)
571 3150 634 3191 Ex
655 3162 740 3204 quo
754 3149 1038 3202 intelligimus
1058 3149 1142 3190 duo
1156 3160 1245 3190 esse

57 3208 122 3268 {⁰0³⁸}
132 3199 198 3267 ΞΞῙ
219 3230 315 3271 quae
333 3219 549 3272 expellunt
561 3221 612 3263 de
629 3221 753 3264 corde
766 3221 952 3263 hominis
965 3231 1111 3262 semen
1125 3221 1246 3263 verbi

265 3327 271 3345 ¹
293 3326 383 3359 Psal.
404 3335 483 3368 (2111,
507 3329 558 3358 23.
579 3346 618 3352 —
637 3329 648 3347 ²
667 3328 789 3368 Eccle„
807 3337 862 3369 xt,
885 3330 916 3360 G.
934 3345 975 3352 —-
997 3329 1007 3346 3
1028 3329 1106 3368 Isa„
1127 3336 1245 3368 xxxn,

222 3375 272 3405 20.
295 3391 336 3397 —
354 3373 368 3394 ⁶
385 3374 471 3411 Act..
499 3382 590 3415 xvn,
610 3377 661 3407 ¹18.
684 3393 725 3399 -
744 3377 754 3395 ⁵
775 3377 785 3407 l
807 3377 912 3416 Petu,
939 3383 969 3416 1,
996 3377 1051 3407 23.
1074 3392 1115 3398 —
1138 3377 1149 3393 ‘³
1170 3375 1246 3414 lnf.,

222 3427 329 3461 xvm,
350 3422 402 3460 35,
421 3422 474 3452 39.
493 3439 534 3444 —
553 3422 563 3440 ⁷
583 3422 696 3463 Dent„
715 3430 828 3462 xxxii,
850 3425 902 3455 24.
926 3441 961 3446 -
986 3421 999 3443 ⁸
1017 3421 1157 3463 Mattlz„
1178 3429 1246 3462 vn,

223 3469 253 3500 6.
268 3486 304 3491 —
325 3469 336 3487 ⁹
350 3467 461 3507 Hebr„
477 3475 562 3509 xm,
583 3470 614 3500 9.
630 3486 672 3492 —
689 3470 714 3490 ¹⁰
730 3470 928 3511 Ephes.,1v,
949 3471 999 3501 14.
1015 3486 1054 3492 —
1075 3469 1099 3491 ¹¹
1112 3470 1246 3509 levem„

225 3521 271 3555 11,
300 3516 350 3548 18.
376 3533 417 3539 -
441 3516 464 3537 ¹²
489 3515 601 3556 Zaclz„
627 3523 696 3556 v11,
724 3517 775 3547 12.
804 3534 840 3540 —
870 3517 894 3540 ¹³
921 3516 999 3557 Job,
1025 3525 1100 3557 xLI,
1127 3518 1180 3549 14.
1207 3533 1249 3540 —

1306 302 1453 353 divini,
1469 302 1623 344 scilicet
1635 301 1760 343 malae
1777 303 2076 354 suggestiones
2088 303 2329 357 hominum,
2354 318 2424 346 bum
2439 318 2493 347 nei

1305 378 1346 416 et
1364 375 1616 416 tentationes
1634 374 1894 416 daemonum.
1912 375 1963 417 Et
1983 375 2077 417 ideo
2094 375 2192 417 dicit
2207 375 2334 430 Apos-
2353 360 2492 428 ξξξζζῗῖ

1305 448 1415 488 tolus
1435 451 1469 488 9:
1499 462 1518 486 «
1538 448 1744 489 Doctrinis
1763 448 1895 489 variis
1925 450 1966 489 et
1997 448 2236 501 peregrinis
2255 461 2335 489 no·
2355 443 2415 469 ¹¹¹³·

1304 518 1375 559 lite
1396 519 1561 560 abduci.
1591 518 1808 572 Optimum
1830 520 1892 560 est
1919 518 2054 569 enim,
2083 518 2222 570 gratia
2250 521 2334 559 sta-

1305 589 1427 629 bilire
1460 602 1546 638 cor,
1579 602 1666 631 non
1696 591 1823 640 escis3
1864 602 1962 643 quae
1996 601 2081 630 non
2117 591 2336 642 proferunt

1306 659 1619 701 ambulantibus
1651 660 1695 700 in
1728 660 1803 701 eis.
1825 674 1843 698 n
1879 661 1931 702 Et
1957 661 2050 701 ideo
2078 672 2245 701 necesse
2276 662 2338 700 est

1306 742 1379 771 cor
1398 733 1591 772 nostrum
1610 731 1804 783 elongari
1819 732 1871 772 ab
1885 731 2134 784 hujusmodi
2154 731 2338 772 decursi-

1305 801 1385 843 bus
1404 803 1446 853 ¹⁰,
1468 818 1486 840 «
1505 805 1553 843 ut
1572 814 1659 843 non
1678 803 1811 843 simus
1828 803 1994 856 parvuli
2010 804 2278 853 fluctuantes,
2298 805 2339 843 et

1307 873 1658 915 circumferamur
1694 874 1811 915 omni
1842 877 1969 915 vento
1999 874 2212 915 doctrinae.
2234 887 2252 911 ›>
2287 873 2339 914 Et

1306 944 1546 987 Hieremias
1567 946 1592 967 ¹¹
1618 959 1628 985 ε
1656 944 1795 994 «Quid
1815 944 1890 985 tibi
1909 944 1974 986 vis
1994 945 2041 984 in
2061 945 2131 986 via
2148 944 2337 997 AEgypti,

1307 1018 1356 1056 ut
1378 1015 1496 1056 bibas
1515 1028 1671 1069 aquam
1694 1016 1934 1057 turbidam?
1955 1018 1995 1056 et
2016 1015 2119 1069 quid
2140 1015 2217 1055 tibi
2239 1026 2338 1055 cum

1308 1087 1377 1127 via
1396 1086 1685 1139 Assyriorum,
1709 1089 1756 1128 ut
1775 1087 1894 1128 bibas
1913 1099 2067 1141 aquam
2081 1086 2300 1127 fluminis?
2314 1101 2332 1124 ›)

1362 1156 1553 1198 Secunda
1585 1171 1687 1200 vero
1720 1159 1956 1200 differentia
1986 1162 2110 1200 terrae
2147 1161 2209 1199 est
2242 1169 2339 1211 quae

1308 1229 1478 1282 recipit,
1502 1233 1543 1270 et
1575 1231 1760 1283 quodam
1792 1231 1917 1273 modo
1946 1231 2119 1282 retinet,
2147 1230 2219 1271 sed
2254 1241 2341 1270 non

1308 1301 1443 1350 fovet3
1466 1303 1507 1341 et
1527 1305 1734 1353 quantum
1768 1302 1820 1343 ad
1847 1302 1956 1342 hanc
1973 1332 1984 1351 ,
2019 1301 2160 1342 subdit
2185 1302 2244 1351 (v.
2269 1303 2305 1351 6)
2329 1315 2338 1339 :

1309 1372 1365 1410 Et
1384 1370 1507 1413 aliud
1533 1371 1684 1414 cecidit
1703 1383 1835 1424 supra
1861 1375 2041 1424 petram,
2065 1371 2107 1412 id
2132 1376 2194 1412 est
2214 1383 2342 1424 supra

1310 1453 1381 1482 cor
1401 1443 1572 1493 durum,
1589 1443 1638 1482 de
1659 1454 1745 1495 quo
1760 1444 1798 1482 Z
1801 1443 2001 1484 acharias
2016 1444 2069 1483 ¹²:
2090 1442 2195 1483 «Cor
2216 1454 2343 1483 suum

1309 1516 1545 1565 posuerunt
1564 1515 1613 1553 ut
1630 1513 1911 1564 adamantem,
1926 1526 1979 1554 ne
1990 1513 2184 1555 audirent
2200 1513 2344 1565 legem

1311 1586 1351 1624 et
1389 1584 1519 1625 verba
1548 1597 1647 1637 quae
1676 1584 1790 1625 misit
1811 1584 2031 1626 Dominus.
2055 1600 2073 1622 >³
2109 1584 2161 1626 Et
2190 1585 2262 1627 Job
2283 1585 2341 1626 ¹³:

1318 1654 1433 1695 «Cor
1469 1657 1562 1707 eJ'us
1593 1655 1862 1697 indurabitur
1897 1658 2101 1710 tanquam
2133 1657 2261 1710 lapis,
2305 1660 2346 1698 et

1313 1725 1551 1777 stringetur
1569 1727 1691 1779 quasi
1708 1727 1964 1768 malleatoris
1983 1728 2153 1769 incus.»
2168 1727 2217 1769 Et
2235 1729 2342 1780 haec,

1314 1797 1511 1850 quamvis
1544 1810 1687 1839 semen
1720 1799 1901 1840 retinere
1929 1799 2073 1852 possit,
2096 1812 2182 1841 non
2203 1803 2345 1842 tamen

1313 1871 1449 1922 potest
1464 1870 1622 1921 fovere,
1637 1870 1854 1911 deficiente
1872 1870 2066 1912 humore.
2085 1871 2181 1912 Ideo
2202 1872 2343 1913 addit:

1314 1939 1370 1982 Ετ
1388 1944 1538 1983 natum
1552 1942 1684 1991 aruit,
1700 1943 1803 1994 quia
1816 1952 1902 1984 non
1922 1942 2097 1985 habebat
2113 1943 2345 1995 humorem,

1314 2010 1469 2052 scilicet
1500 2014 1770 2064 vegetantem
1798 2015 1838 2053 et
1870 2013 2098 2055 foventem.
2132 2013 2182 2055 Et
2210 2015 2255 2055 in
2274 2015 2347 2055 tali

1314 2084 1427 2122 terra
1460 2082 1602 2123 statim
1630 2083 1846 2135 nascitur,
1886 2086 1926 2125 et
1963 2085 2105 2125 statim
2143 2085 2344 2137 moritur,

1315 2154 1416 2206 quia
1443 2166 1596 2206 parum
1634 2154 1762 2196 habet
1798 2155 2000 2207 alimenti,
2041 2156 2149 2198 sicut
2183 2157 2347 2199 foenum

1315 2227 1547 2275 tectorum,
1581 2225 1631 2266 de
1666 2237 1751 2278 quo
1774 2225 1804 2248 ¹⁶
1828 2241 1836 2267 :
1869 2243 1887 2266 α
1908 2227 2030 2268 Fiant
2055 2228 2162 2269 sicut
2186 2229 2347 2271 foenum

1315 2296 1550 2346 tectorum,
1581 2296 1694 2348 quod
1724 2297 1974 2350 priusquam
2000 2299 2218 2350 evellatur,
2247 2313 2347 2341 exa-2

1315 2366 1453 2407 ruit.»
1488 2366 1540 2407 Et
1568 2368 1711 2409 Isaiae
1741 2369 1768 2390 ¹⁵
1799 2381 1809 2409 :
1838 2384 1857 2407 α
1881 2370 1989 2411 Ante
2021 2382 2202 2411 messem
2234 2373 2346 2413 totus

1316 2436 1515 2486 effloruit,
1555 2438 1596 2477 et
1631 2437 1861 2479 immatura
1895 2441 2097 2492 protectio
2130 2442 2344 2494 germina-

1315 2507 1391 2547 bit.
1412 2521 1431 2544 »
1459 2506 1510 2547 Et
1529 2507 1610 2548 hoc
1631 2509 1694 2548 est
1719 2511 1890 2562 propter
1915 2510 2124 2552 defectum
2153 2512 2346 2555 humoris

1318 2578 1484 2631 gratiae,
1495 2579 1726 2620 secundum
1743 2581 1857 2633 quod
1869 2581 2011 2624 Isaiae
2026 2582 2125 2624 dicit
2136 2582 2163 2605 ¹⁶
2175 2598 2184 2625 ε
2197 2584 2348 2627 «Aruit

1316 2649 1464 2701 herba,
1480 2649 1628 2691 defecit
1642 2662 1836 2702 germen,
1852 2652 1969 2693 viror
1981 2642 2120 2694 omnis
2136 2654 2308 2697 interiit.
2321 2670 2340 2694 υ

1317 2720 1369 2761 Et
1379 2720 1460 2761 hoc
1478 2720 1687 2773 contingit
1700 2724 1872 2775 propter
1886 2723 2203 2766 multitudinem
2213 2729 2347 2780 petra-

1317 2803 1431 2843 rum,
1444 2804 1541 2845 quae
1552 2803 1637 2833 non
1653 2794 1750 2832 sunt
1761 2795 1870 2845 aptae
1881 2794 1931 2834 ad
1944 2807 2088 2836 semen
2102 2796 2237 2839 divini
2252 2810 2346 2840 ver-

1317 2863 1361 2904 bi
1375 2864 1690 2917 percipiendum
1701 2878 1710 2915 ;
1722 2867 1893 2917 propter
1905 2866 2018 2918 quod
2037 2866 2135 2908 dicit
2145 2868 2273 2912 Amos
2289 2869 2316 2892 ¹⁷
2335 2885 2343 2911 :

1325 2949 1343 2974 (1
1362 2933 1581 2988 Numquid
1600 2947 1768 2976 currere
1789 2938 1952 2988 queunt
1970 2936 2015 2977 in
2033 2939 2163 2990 petris
2182 2941 2309 2993 equi?
2321 2955 2341 2980 1>

1318 3006 1361 3047 id
1389 3008 1452 3047 est
1483 3007 1802 3060 praedicatore53
1835 3010 1876 3047 et
1907 3007 1988 3048 hoc
2015 3012 2187 3062 propter
2211 3012 2347 3053 defec-

1319 3080 1412 3118 tum
1431 3090 1642 3131 aquarum
1662 3078 1690 3103 ¹8
1711 3091 1720 3119 :
1737 3076 1814 3118 «Si
1835 3078 2087 3120 continuerit
2100 3092 2244 3134 aquas,
2261 3094 2348 3124 om-

1319 3149 1392 3189 nia
1426 3149 1710 3190 siccabuntur.
1731 3163 1750 3187 »
1786 3148 2052 3192 Contrarium
2077 3151 2174 3193 dicit
2191 3153 2346 3196 Hiere-

1320 3221 1430 3263 mias
1450 3220 1478 3246 ¹⁹
1501 3234 1511 3262 :
1539 3235 1558 3258 «
1577 3219 1629 3261 Et
1648 3219 1727 3261 erit
1745 3220 1867 3273 quasi
1884 3220 2055 3274 lignum
2077 3223 2191 3276 quod
2210 3226 2349 3267 trans-

1324 3316 1349 3337 ¹⁴
1366 3314 1457 3347 Psal.
1479 3322 1630 3355 cxxvm,
1649 3317 1680 3346 6.
1699 3333 1734 3338 —
1757 3315 1873 3355 ¹512a„
1894 3324 1997 3356 xvm,
2017 3319 2046 3348 5.
2070 3335 2106 3340 —
2131 3319 2271 3359 ¹61bid.,
2289 3329 2347 3362 XV,

1320 3363 1351 3393 6.
1365 3379 1406 3385 -
1425 3362 1450 3384 ¹⁷
1468 3362 1578 3403 Amos,
1604 3370 1650 3402 vt,
1676 3363 1726 3393 13.
1743 3378 1784 3385 —
1805 3362 1831 3385 ¹⁸
1849 3363 1920 3404 Job,
1941 3372 1990 3396 x11
2003 3387 2011 3403 ‚
2033 3366 2084 3395 15.
2101 3382 2142 3388 —
2160 3365 2186 3387 ¹⁹
2209 3368 2344 3410 Jerem„

1323 3417 1414 3450 xvn,
1436 3411 1466 3441 8.

1368 3468 1407 3508 (a)
1431 3468 1510 3500 Coet.
1536 3468 1617 3500 edit.
1642 3468 1730 3501 deest
1750 3478 1781 3501 e.
1798 3486 1839 3493 —
1865 3469 1911 3510 (b)
1942 3470 2021 3503 Coet.
2051 3471 2130 3505 edit.
2157 3478 2346 3509 sementem

1323 3517 1482 3548 tuam.—
1503 3516 1540 3556 (c)
1562 3517 1644 3548 Item
1663 3515 1854 3549 Matthaeus.
