2634 3853
258 162 334 200 192

254 247 471 288 obtineant
495 242 607 296 quod
636 241 827 293 sperant.
852 238 963 279 unde
991 237 1032 277 in
1058 236 1224 277 Psalmo
1244 235 1254 256 ¹
1272 246 1285 274 .·

262 332 280 356 α
300 316 609 370 Speraverunt,
633 315 672 352 et
690 309 876 349 liberasti
899 320 985 348 eos.
1010 322 1027 343 »

309 387 483 429 30.10tl.
504 384 629 426 Dabit
646 380 917 433 percutienti,
940 380 1018 417 etc.
1037 376 1139 416 Ecce
1160 387 1285 427 quar-

254 462 348 500 tum
368 457 466 498 huic
490 450 769 505 expectationi
798 447 1080 489 necessarium
1098 477 1107 494 ,
1132 445 1287 485 scilicet

253 527 450 582 perfectio
471 522 682 578 patientice
709 523 748 560 et
767 517 1118 559 mansuetudinis.
1142 515 1282 564 Dabit,

254 600 330 653 qui
366 593 612 649 hujnsmodi
650 594 710 630 est
748 589 915 629 Domini
952 590 1207 640 expectator,
1248 589 1287 626 et

254 668 436 710 miseriae
456 676 543 706 suae
564 662 779 713 cognitor;
800 659 1058 711 percutienti
1071 669 1114 699 se
1132 656 1288 698 mamil-

254 740 364 788 lam,
401 748 476 789 per
508 731 720 786 patientiae
753 730 1079 783 perfectionem,
1113 731 1287 780 paratus

254 810 351 850 talia
365 807 573 848 sustinere
594 815 668 856 pro
689 802 867 851 Christo,
885 802 1012 853 juxta
1031 799 1137 839 illud
1153 803 1188 838 2:
1210 798 1286 838 «Si

253 880 348 933 quis
377 876 629 931 percusserit
657 879 697 914 te
727 873 771 912 in
803 873 1019 913 dexteram
1040 869 1284 918 maxillam,

253 950 394 1004 praebe
412 948 473 989 illi
493 950 533 988 et
561 945 750 986 alteram.
778 957 796 980 >³
820 942 906 982 Hoc
927 942 1118 982 Christus
1139 951 1284 980 exem-

252 1022 371 1074 plum
397 1018 529 1067 dedit,
564 1016 665 1068 quia
693 1017 789 1054 ante
814 1012 1133 1053 crucifixionem
1163 1022 1286 1051 suam

252 1092 408 1132 multas
426 1089 568 1140 alapas
589 1090 629 1126 et
647 1085 843 1137 colaphos
863 1083 1078 1124 sustinuit.
1106 1082 1287 1124 Satura-

254 1163 366 1203 bitur
385 1158 645 1211 opprobriis,
675 1156 717 1196 id
737 1158 822 1205 est,
854 1153 1143 1203 delectabitur,
1165 1153 1286 1205 quasi

252 1233 296 1272 in
316 1231 548 1278 saturitate,
571 1228 614 1267 in
640 1226 786 1267 multis
807 1224 1044 1278 opprobriis
1066 1224 1286 1264 sustinen-

252 1303 338 1354 dis,
368 1302 481 1343 unde
507 1301 552 1340 in
581 1299 746 1340 Psalmo
765 1300 806 1337 ⁸:
832 1312 851 1335 (‹
871 1295 1105 1348 Opprobria
1133 1307 1284 1347 expro-

251 1374 468 1415 brantium
498 1371 573 1411 tibi
599 1369 840 1411 ceciderunt
871 1379 998 1419 super
1025 1378 1109 1406 me.
1132 1381 1150 1404 n
1178 1366 1287 1406 Huic

253 1444 472 1486 sententiae
500 1441 776 1495 praemittitur
804 1438 941 1478 littera
964 1436 1043 1478 Iod
1061 1469 1071 1487 ,
1095 1449 1190 1489 quae
1219 1437 1284 1477 in-

252 1518 507 1570 terpretatur
528 1512 815 1566 principium‚
838 1508 907 1549 vel
933 1508 1161 1558 desolatio,
1186 1510 1287 1560 quia

252 1587 346 1627 haec
374 1585 528 1638 triplex
557 1582 776 1631 desolatio,
799 1578 1116 1628 taciturnitatis,
1141 1581 1287 1618 contra

252 1657 573 1711 loquacitatem3
592 1656 633 1694 et-
652 1651 918 1700 humilitatiS,
940 1652 1085 1689 contra
1100 1649 1284 1700 gloriam

252 1730 444 1777 inanem;
476 1729 515 1766 et
540 1724 752 1778 patientiae
781 1724 822 1762 et
853 1719 1115 1761 adversitatis
1140 1724 1285 1759 contra

254 1799 543 1841 carnalitatem
559 1827 569 1845 ,
591 1797 653 1835 est
671 1792 929 1847 principium
958 1789 1115 1830 divinae
1136 1788 1283 1841 cogni-

252 1870 391 1912 tionis.

307 1944 371 1981 311.
388 1938 518 1991 Caph.
541 1936 652 1986 Quia
664 1945 751 1976 non
764 1931 943 1985 repellet,
960 1933 1038 1970 etc.
1055 1929 1285 1982 Postquam

252 2010 304 2051 ad
344 2010 431 2062 spei
466 2006 746 2048 elevationem
782 2000 1095 2044 commendavit
1135 1999 1284 2040 Christi

252 2081 474 2135 pietatem3
496 2079 567 2119 hic
588 2090 642 2118 ex
659 2077 740 2116 hoc
759 2075 967 2121 inferens,
991 2070 1176 2111 excludit
1197 2070 1287 2110 ‹les-

252 2151 515 2204 perationem
539 2163 548 2188 2
585 2147 723 2200 primo
755 2144 924 2191 dicens,
954 2142 1065 2181 iram
1095 2139 1167 2180 Dei
1196 2152 1286 2180 esse

253 2220 524 2274 placabilem3
548 2217 730 2258 secundo
749 2216 830 2256 hoc
855 2213 1005 2267 probat
1023 2223 1098 2265 per
1128 2211 1200 2251 Dei
1220 2211 1286 2251 in-

253 2292 377 2333 sitam
396 2289 727 2342 benignitatem,
754 2286 813 2326 ibi
835 2299 844 2326 :
878 2284 972 2326 Non
1001 2283 1114 2324 enim
1144 2282 1285 2323 humi-

254 2363 396 2412 liavit,
411 2365 506 2412 etc.;
530 2360 651 2401 tertio
672 2358 818 2410 arguit
837 2354 1153 2396 incredulorum
1172 2365 1287 2393 mur-

252 2433 554 2482 murationem,
572 2431 650 2471 ibi:
673 2429 774 2476 Quis
789 2431 849 2470 est
863 2428 941 2468 iste
957 2426 1033 2478 qui
1053 2424 1188 2474 dixit,
1206 2426 1283 2465 etc.

306 2504 389 2545 Pro
405 2504 544 2556 primo
558 2502 662 2544 dixit
683 2499 825 2553 (Caph)
836 2514 850 2540 .·
868 2498 978 2547 Quia
989 2507 1076 2539 non
1092 2496 1288 2549 repellet:

251 2577 294 2618 id
322 2576 373 2617 ad
404 2576 623 2629 superiora
652 2574 854 2620 refertur3
890 2570 1011 2623 quasi
1040 2570 1098 2610 ita
1126 2570 1285 2610 dictum

253 2650 337 2697 est,
366 2647 467 2699 quia
493 2646 655 2685 bonum
685 2646 746 2684 est
778 2641 1036 2695 praestolari,
1068 2640 1173 2692 quia
1201 2649 1286 2681 non

252 2717 442 2770 repellet,
465 2715 632 2768 plebem
652 2725 789 2762 suam,
811 2714 860 2754 in
881 2711 1180 2762 sempiternum
1199 2710 1283 2751 Do-

253 2789 397 2830 minus
421 2802 435 2829 .·
454 2787 467 2808 ¹*
483 2802 502 2824 «
525 2786 629 2826 Cum
650 2785 783 2825 iratus
810 2782 966 2832 fueriS,
987 2779 1285 2821 misericordiae

255 2857 557 2900 recordaberis.
579 2871 598 2894 ›>

309 2932 375 2969 3-2.
406 2928 537 2981 Caph.
582 2927 692 2974 Quia
718 2926 758 2967 si
788 2923 961 2975 abiecit,
988 2922 1158 2974 propter
1188 2932 1285 2973 pee-

256 3002 347 3041 cata
367 3002 512 3040 nostra
530 3010 608 3038 nos
628 2995 890 3049 repellendo,
912 2996 953 3034 et
978 2991 1170 3032 tribulari
1189 3003 1286 3043 per-

254 3070 484 3119 mittendo;
517 3072 552 3111 et
575 3067 855 3116 miserebitur,
885 3065 993 3104 sicut
1017 3062 1193 3114 abjecit,
1223 3072 1285 3103 se-

256 3141 445 3184 cundum
456 3139 774 3182 multitudinem
787 3133 1181 3179 misericordiarum
1191 3143 1286 3175 sua-

255 3223 350 3255 rum
363 3225 376 3251 :
388 3212 401 3234 ⁵
416 3227 434 3250 ε(
450 3210 625 3252 Auferet
645 3209 849 3250 Dominus
868 3218 1040 3248 omnem
1052 3205 1285 3257 lacrymam

255 3283 307 3324 ab
328 3281 446 3324 omni
463 3281 582 3322 facie.
606 3294 625 3317 n

309 3356 374 3394 33.
400 3352 530 3405 Caph.
551 3351 647 3394 Non
670 3350 785 3392 enim
797 3346 1059 3396 humiliavit,
1082 3346 1160 3386 etc.
1179 3343 1286 3385 Eece

299 3438 307 3454 ¹
324 3434 412 3467 Psal.
435 3442 513 3476 xxi,
538 3436 612 3466 5.-
633 3434 646 3453 ²
666 3432 804 3471 Matth„
826 3439 859 3471 v,
886 3432 936 3463 39.
957 3446 997 3454 —
1015 3428 1030 3450 ³
1047 3426 1140 3460 Psal.
1161 3434 1283 3467 vam,

599 148 875 193 EXPOSITIO
902 147 955 189 lN
984 144 1434 190 LAMENTATIONES
1463 144 1703 186 JEREMIAE
1732 145 2041 188 PROPHETAE.

1359 234 1606 284 secundum,
1623 234 1695 275 ubi
1717 234 1956 274 manifestat
1974 234 2046 274 Dei
2063 233 2386 285 benignitatem,

1359 317 1525 357 semper
1538 306 1673 358 parati
1690 305 2021 346 misericordiam
2037 305 2259 354 exhibere3
2277 304 2389 357 quod

1359 377 1538 417 ostendit
1557 376 1601 416 in
1621 376 1771 428 triplici
1793 376 1982 416 humano
2002 376 2231 416 infortunio
2249 391 2257 416 :
2283 387 2388 428 quo-

1358 446 1474 486 niam
1495 459 1572 487 nec
1589 448 1641 487 ab
1661 447 1752 499 ipso
1774 449 1836 486 est
1863 446 2000 486 solatii
2021 446 2269 495 subtractio,
2291 447 2392 498 quia

1359 520 1531 568 paratus
1563 520 1625 558 est
1656 530 1803 557 omnes
1840 517 2069 566 consolari3
2103 528 2180 555 nec
2215 516 2267 555 ab
2300 517 2391 568 ipso

1359 587 1520 638 flagelli
1546 587 1794 637 multitudo,
1826 586 1874 627 ut
1901 586 2000 627 dicit
2017 586 2103 626 ibi:
2138 586 2186 628 Ut
2207 589 2391 627 contere-

1359 661 1437 704 ret,
1458 660 1537 697 etc.
1554 670 1563 707 3
1595 670 1672 698 nec
1692 659 1744 697 ab
1765 658 1857 710 ipso
1877 659 1940 697 est
1957 656 2081 697 tertio
2097 655 2272 708 justitiae
2293 655 2393 696 sub-

1359 727 1523 767 versio:
1551 729 1603 769 Ut
1624 728 1881 777 declinaret,
1903 730 1981 768 etc.

1416 797 1520 838 Dicit
1550 810 1656 850 ergo
1693 811 1768 851 pro
1806 798 1976 851 primo:
2016 797 2110 839 Non
2141 798 2280 847 enim,
2314 799 2391 837 etc.

1363 868 1645 909 Continuetur
1672 869 1821 909 litterae
1848 867 2092 908 immediate
2118 867 2391 920 praecedenti,

1360 939 1482 991 quasi
1502 939 1633 979 dicat:
1657 939 1941 980 Miserebitur:
1967 950 2052 979 non
2071 937 2184 979 enim
2201 936 2396 977 humilia-

1359 1009 1446 1059 vit,
1469 1009 1697 1050 auserendo
1727 1009 1908 1061 gloriam
1939 1012 1980 1049 et
2008 1011 2237 1059 honorem,
2261 1008 2394 1049 servi-

1360 1080 1444 1120 tuti
1465 1080 1682 1120 diabolicae
1707 1080 1775 1120 vel
1805 1080 2006 1120 humanae
2029 1079 2312 1131 subjiciendo,
2341 1089 2395 1120 ea:

1361 1150 1486 1193 corde
1508 1162 1599 1201 suo,
1625 1151 1665 1191 id
1686 1154 1762 1201 est,
1783 1163 1836 1191 ex
1855 1164 1932 1192 sua
1952 1151 2191 1200 voluntate3
2214 1150 2283 1190 sed
2304 1162 2395 1190 nos-

1360 1222 1434 1262 tris
1455 1224 1712 1274 provocatus
1732 1222 1911 1274 peccatis
1928 1227 1963 1262 6;
1985 1237 2003 1259 (ι
2024 1221 2074 1261 Et
2096 1220 2232 1262 cordis
2253 1220 2394 1261 dolore

1361 1294 1496 1333 tactus
1515 1292 1769 1332 intrinsecus
1786 1307 1794 1332 :
1810 1291 1976 1341 Delebo,
1998 1292 2149 1344 inquit,
2175 1291 2394 1332 hominem

1361 1375 1489 1416 quem
1509 1363 1697 1404 creavi.»
1718 1363 1773 1405 Et
1791 1362 1943 1414 abjecit
1957 1362 2070 1414 filios
2088 1362 2320 1412 hominum,
2335 1362 2394 1402 eis

1360 1434 1643 1487 patrocinium
1672 1446 1799 1474 suum
1826 1434 2078 1474 auferendo:
2113 1433 2201 1473 imo
2226 1435 2394 1473 contra-

1359 1505 1471 1545 rium
1492 1505 1544 1544 ab
1562 1505 1653 1557 ipso
1680 1507 1741 1544 est
1762 1508 1800 1544 ⁷:
1831 1519 1850 1542 α
1871 1504 2037 1544 Deliciae
2058 1515 2165 1544 meae
2185 1515 2274 1544 esse
2295 1515 2393 1543 cum

1359 1574 1456 1614 filiis
1475 1575 1714 1615 hominum.
1732 1588 1751 1611 ))
1768 1574 1876 1614 Huic
1892 1574 2048 1626 triplici
2068 1573 2269 1613 clausulae
2288 1584 2393 1625 prae-

1358 1645 1533 1697 ponitur
1569 1645 1707 1685 littera
1754 1645 1891 1696 Caph,
1936 1644 2050 1696 quod
2092 1643 2394 1696 interpretatur

1358 1726 1537 1766 manus,
1557 1716 1625 1756 vel
1646 1716 1912 1766 incurvatio,
1935 1714 2084 1767 quasi:
2113 1714 2229 1755 Dicta
2248 1714 2391 1755 ineur-

1359 1787 1472 1828 vatio
1492 1789 1533 1827 et
1553 1786 1732 1838 abjectio
1755 1785 1919 1826 Domini
1943 1797 2029 1825 non
2049 1787 2110 1825 est
2128 1785 2209 1825 nisi
2229 1797 2283 1825 ex
2302 1797 2394 1825 me-

1359 1858 1440 1898 rito
1460 1869 1691 1907 manuum,
1713 1856 1755 1897 id
1775 1858 1851 1906 est,
1877 1867 2057 1908 operum
2078 1867 2227 1896 eorum
2251 1856 2318 1908 (a).

1415 1933 1480 1970 34.
1501 1929 1676 1970 Lamed.
1714 1928 1763 1970 Ut
1788 1931 2034 1978 contereret,
2057 1930 2135 1968 etc.
2157 1927 2262 1969 Ecce
2281 1929 2394 1981 quod

1360 2012 1445 2040 non
1460 2002 1522 2040 est
1541 2012 1566 2040 a
1588 1999 1670 2039 Deo
1690 1998 1909 2039 tribulatio
1926 1998 2252 2041 exterminativa
2273 1999 2393 2040 mise-

1360 2082 1524 2110 rorum.
1548 2070 1654 2110 Dicit
1673 2081 1779 2120 ergo
1803 2082 1812 2109 :
1839 2069 1890 2111 Ut
1917 2072 2157 2119 contereret,
2180 2073 2260 2112 etc.
2281 2070 2393 2122 Lege

1361 2140 1443 2180 sic:
1461 2141 1671 2182 Dominus
1691 2141 1925 2193 iqnoravit,
1949 2141 2063 2193 quod
2075 2144 2137 2181 est
2156 2141 2201 2181 in
2222 2142 2306 2182 fine
2325 2141 2393 2183 ul-

1360 2210 1454 2250 timi
1475 2223 1649 2259 1101505,
1672 2211 1713 2251 id
1743 2213 1831 2262 est,
1865 2212 1917 2252 ab
1949 2213 2043 2264 ejus
2073 2212 2391 2265 approbatione,

1361 2281 1429 2322 vel
1448 2281 1684 2332 voluntate,
1709 2284 1782 2322 aut
1801 2283 2051 2330 auctoritate
2079 2295 2164 2324 non
2194 2284 2395 2336 processit

1363 2352 1560 2405 (Lamed')
1588 2357 1635 2394 ut
1664 2356 1905 2404 contereret,
1939 2354 1982 2394 id
2011 2356 2096 2404 est,
2132 2366 2185 2394 ex
2213 2356 2301 2395 toto
2320 2354 2394 2394 de-

1360 2422 1489 2473 leret,
1512 2423 1586 2464 sub
1605 2423 1786 2475 pedibus
1804 2426 1912 2475 suis,
1945 2424 2115 2477 penitus
2144 2424 2392 2477 dejiciendo,

1362 2493 1471 2534 sicut
1495 2494 1542 2534 fit
1561 2494 1612 2535 de
1632 2494 1716 2534 illis
1733 2495 1807 2548 qui
1825 2496 2003 2548 pedibus
2023 2498 2314 2536 conteruntur.
2344 2495 2395 2538 Ut

1362 2569 1605 2616 contereret,
1625 2565 1823 2619 inquam,
1838 2577 1979 2609 omnes
2012 2568 2178 2610 vinctos
2195 2571 2329 2618 terroe,
2352 2566 2394 2608 id

1361 2639 1438 2686 est,
1459 2636 1540 2688 ipsi
1573 2639 1698 2676 terrae
1732 2637 2017 2687 adhaerentes,
2053 2637 2174 2690 quasi
2206 2640 2255 2678 ut
2283 2637 2396 2678 mala

1361 2706 1484 2746 malis
1513 2718 1650 2758 usque
1682 2706 1733 2747 ad
1766 2708 2162 2749 exterminationem
2194 2707 2395 2749 adderen-

1360 2778 1446 2817 tur.
1469 2777 1482 2798 8
1507 2776 1760 2818 «Calamum
1783 2777 1830 2830 (b)
1855 2780 2103 2830 quassatum
2133 2790 2219 2819 non
2250 2781 2395 2820 conte-

1359 2849 1437 2898 ret,
1473 2850 1514 2888 et
1550 2847 1698 2888 lumen
1733 2847 1950 2900 fumigans
1993 2861 2078 2890 non
2111 2849 2349 2901 extinguet.
2370 2862 2390 2886 n

1360 2917 1436 2959 Vel
1455 2919 1589 2969 aliter,
1627 2923 1770 2968 terrie,
1811 2919 2000 2971 genitive
2016 2952 2027 2972 ,
2050 2923 2099 2962 ut
2117 2920 2255 2963 vincti
2275 2923 2396 2965 terroe

1361 2990 1657 3042 intelligantur
1675 2994 1927 3044 peccatores.

1416 3064 1481 3101 35.
1507 3061 1678 3103 Lamed.
1731 3061 1782 3104 Ut
1808 3061 2039 3103 declinaret
2061 3060 2295 3112 judicium.
2319 3060 2396 3102 Re-

1360 3134 1454 3184 pete
1468 3163 1478 3181 ,
1517 3133 1727 3174 Dominus
1765 3132 1985 3184 ignoravit
2021 3133 2068 3172 ut
2103 3130 2339 3175 declinaret
2370 3144 2395 3172 a

1361 3204 1474 3243 recto
1491 3201 1537 3242 in
1557 3202 1779 3254 obliquum
1799 3201 2064 3253 genitivum,
2088 3204 2261 3255 propter
2300 3201 2393 3243 illos

1363 3314 1414 3345 10.
1433 3328 1472 3335 —
1491 3312 1502 3331 ⁴
1520 3311 1658 3353 Halae„
1678 3319 1732 3353 111,
1753 3313 1785 3343 2.
1804 3328 1844 3334 —
1862 3312 1874 3330 ⁵
1894 3311 1973 3351 lsa„
1990 3319 2071 3351 XXV,
2088 3314 2118 3344 8.
2137 3329 2177 3336 -
2196 3312 2210 3334 ⁶
2230 3312 2324 3349 Gen„
2345 3320 2391 3354 vi,

1361 3362 1392 3392 6.
1412 3378 1453 3385 —
1470 3361 1485 3383 '¹
1503 3361 1616 3400 Prov„
1635 3367 1710 3400 vin,
1730 3361 1782 3391 31.
1803 3376 1844 3383 —
1867 3358 1881 3380 ⁸
1900 3360 1980 3399 Isa„
1998 3367 2085 3400 xm,
2108 3361 2158 3393 13.

1401 3426 1447 3468 (a)
1469 3426 1549 3458 Coet.
1570 3425 1649 3457 edit.
1672 3431 1874 3456 suorum.-
1898 3422 1942 3464 (b)
1964 3424 2059 3456 Item.
2076 3424 2285 3457 Thalamum.
