2634 3853
105 2252 168 2277 Rex

96 2299 184 2326 apum

68 2333 201 2360 aculeum

68 2383 127 2401 non
153 2373 206 2399 ha-

68 2416 125 2442 bet.

100 2957 213 2991 Perspi-

84 2999 190 3025 cacitas

70 3040 184 3075 judicii.

241 290 321 328 484

292 374 445 424 Tertio,
460 376 665 426 quantum
687 371 736 412 ad
752 369 1091 410 informationem
1109 377 1266 406 memo-

238 445 415 486 rabilem
435 445 480 484 in
498 444 663 484 Domini
683 444 804 490 facto,
826 439 1020 479 subditur
1045 452 1053 477 ε
1076 437 1137 478 Ec
1157 436 1266 477 ubie-

238 521 339 559 rum
367 518 416 558 iu
447 514 568 557 alim!
590 512 817 555 castellum.
845 509 893 549 ln
925 519 1009 560 quo
1040 506 1151 547 dedit
1176 506 1266 546 for-

238 601 352 629 mam
379 586 604 638 discipuliS,
628 588 673 624 ut
696 583 832 635 potius
856 579 1027 629 fugiant
1054 578 1262 627 homines,

237 671 365 711 quam
385 670 481 697 cum
501 658 561 696 eis
580 654 845 695 contendant.
869 651 997 692 Juxta
1016 649 1130 702 quod
1152 649 1266 689 dedit

236 731 412 769 sormam
433 725 644 778 discipulis
665 724 752 764 suis
774 725 782 745 ¹
809 738 817 763 ι
847 738 865 760 «
886 721 990 762 Cum
1006 723 1149 760 autem
1172 731 1266 772 per-

236 801 466 851 sequentur
500 808 576 838 vos
612 796 656 835 in
697 794 864 835 civitate
899 793 1002 842 ista,
1038 790 1173 842 fugite
1220 790 1264 829 in

235 871 374 909 aliam.
397 883 415 906 »
442 866 696 919 Exemplum
723 868 866 906 autem
893 864 1025 914 hujus
1056 862 1264 901 habemus

235 941 275 980 in
307 939 523 980 Abraham
556 940 597 978 et
626 936 732 977 Loth
763 936 808 975 in
845 934 1019 983 Genesi,
1053 931 1126 972 ubi
1157 931 1264 971 dixit

234 1011 446 1051 Abraham
465 1010 479 1030 ²
503 1023 510 1049 :
541 1023 560 1046 α
580 1006 653 1057 Ne,
676 1017 836 1058 quaeso,
859 1004 911 1043 sit
927 1003 1128 1055 jurgium
1154 1002 1262 1042 inter

233 1094 301 1121 ine
332 1084 372 1121 et
402 1083 439 1121 te
471 1094 479 1119 :
518 1080 667 1118 fratres
697 1076 810 1117 enim
835 1086 997 1115 sumus.
1020 1088 1039 1110 ›)
1069 1072 1262 1124 Subiun-

233 1154 351 1203 gitur
379 1167 387 1192 :
425 1167 443 1189 «
470 1151 515 1191 Si
541 1150 593 1190 ad
620 1148 833 1189 sinistram
859 1146 979 1195 ieris,
1005 1156 1088 1196 ego
1114 1144 1260 1184 dexte-

231 1236 323 1263 ram
343 1223 508 1263 tenebo.
528 1236 546 1259 >³
573 1221 619 1261 In
639 1231 724 1273 quo
742 1218 881 1259 docuit
897 1217 1123 1270 perfectam
1145 1227 1264 1255 man-

230 1295 514 1342 suetudinem,
532 1304 627 1345 quae
641 1291 758 1331 decet
777 1289 928 1330 Christi
943 1299 1100 1338 serVOS,
1119 1298 1264 1327 secun-

229 1366 333 1406 dum
352 1365 457 1406 illud
478 1368 491 1389 ³
513 1379 521 1404 :
553 1380 571 1402 «
599 1363 780 1404 Servum
807 1363 951 1401 autem
981 1358 1148 1400 Domini
1175 1370 1262 1399 non

229 1439 393 1489 oportet
436 1436 626 1488 litigare,
670 1434 741 1474 sed
787 1433 1056 1473 mansuetum
1093 1442 1205 1479 esse..
1236 1444 1255 1467 »

230 1507 347 1548 Unde
367 1507 602 1548 secundum
627 1504 732 1544 illud
752 1507 765 1528 ¹·
789 1518 797 1544 :
829 1519 848 1542 (ι
879 1503 942 1543 Sit
975 1501 1113 1543 omnis
1133 1501 1261 1541 homo

230 1579 377 1619 tardus
394 1578 445 1618 ad
469 1578 576 1617 iram
599 1589 609 1616 ι
634 1576 697 1616 ira
717 1575 831 1615 enim
856 1574 937 1615 viri
959 1572 1168 1625 justitiam
1190 1571 1260 1611 Dei

230 1662 318 1690 non
347 1652 561 1702 operatur.
594 1663 612 1686 n
659 1646 702 1688 Si
737 1647 850 1687 enim
881 1645 1017 1684 noluit
1057 1643 1261 1685 Dominus

229 1724 460 1775 majestatis
476 1722 598 1762 irasci
618 1723 746 1761 tantae
766 1717 1084 1766 inhumanitati,
1103 1718 1261 1769 quanto

229 1796 370 1835 minus
404 1806 481 1834 nos
519 1792 721 1833 debemus
761 1790 887 1831 alicui
924 1787 1172 1840 indignari?
1212 1786 1262 1827 Et

227 1866 318 1905 liaec
337 1864 551 1918 potissime
573 1861 854 1903 mansuetudo
875 1858 1053 1911 reperiri
1075 1858 1197 1898 debet
1217 1856 1261 1896 in

227 1935 464 1988 praepositis
480 1934 696 1983 Ecclesiae;
719 1932 833 1973 unde
847 1929 1098 1983 Apostolus⁵
1118 1943 1126 1969 :
1150 1943 1169 1966 α
1188 1928 1262 1968 Ar-

228 2019 330 2057 gue,
359 2007 544 2056 obsecra,
570 2006 741 2057 increpa
767 2003 812 2043 in
839 2001 955 2043 omni
983 2000 1197 2053 patientia,
1221 2001 1262 2040 et

227 2078 429 2118 doctrina.
461 2092 479 2115 »
517 2077 726 2126 Quoniam
763 2075 809 2114 in
843 2073 1009 2115 Psalmo
1038 2071 1190 2112 dicitur
1211 2071 1257 2111 ⁶:

234 2166 253 2188 (‹
274 2149 527 2202 Supervenit
547 2145 842 2195 mansuetudo,
859 2147 899 2185 et
919 2143 1213 2195 corripiemur.
1236 2156 1254 2179 ))

228 2221 279 2262 Et
308 2222 497 2262 Seneca:
528 2235 546 2258 α
574 2218 808 2259 Generosus
831 2219 892 2256 est
924 2214 1096 2254 animus
1121 2213 1260 2253 homi-

227 2294 312 2344 nis3
335 2293 496 2333 facilius
517 2291 700 2340 ducitur,
723 2300 854 2341 quam
870 2286 1077 2326 trahatur.
1098 2299 1117 2323 ))
1144 2284 1262 2325 Unde

227 2365 316 2417 ipse
342 2363 440 2404 dicit
467 2362 580 2416 quod
607 2372 684 2402 rex
716 2371 847 2411 apum
879 2369 967 2398 non
1003 2356 1129 2396 habet
1159 2366 1259 2395 acu-

227 2435 358 2476 leum.

282 2509 347 2547 57.
370 2507 548 2548 Factum
572 2506 632 2545 est
652 2504 806 2551 autem,
830 2496 1158 2547 ambulantibus,
1181 2498 1260 2536 etc.

228 2579 325 2619 Post
362 2575 702 2617 informationem
743 2569 1031 2623 apostolorum
1070 2568 1122 2608 ad
1159 2579 1262 2608 nor-

228 2661 344 2690 mam
372 2645 623 2701 praesidendi
655 2645 865 2696 quantum
892 2640 944 2680 ad
976 2638 1263 2679 humilitatem

229 2719 360 2760 animi
380 2721 421 2759 et
444 2714 805 2769 aequanimitatem
825 2711 915 2759 zeli,
937 2710 1006 2750 hic
1031 2709 1153 2749 tertio
1172 2708 1263 2749 loco

230 2791 431 2832 informat
466 2799 536 2828 eos
570 2787 780 2838 quantum
813 2782 865 2823 ad
903 2779 1264 2833 perspicacitatem

226 2861 397 2915 Jurlicii3
429 2862 469 2900 et
498 2859 578 2899 hoc
600 2869 674 2910 per
693 2853 938 2906 exemplum
966 2851 1065 2892 Jesu
1094 2849 1259 2891 Christi.

231 2930 532 2984 Perspicacitas
558 2930 701 2969 autem
722 2924 871 2978 judicii
903 2923 1193 2963 manifestatur
1220 2922 1265 2962 in

232 3005 351 3057 parte
382 3003 462 3042 ista
492 2999 710 3052 tripliciter
744 3009 754 3037 :
786 2995 939 3049 primo,
962 2995 1006 3034 in
1027 2993 1265 3046 repulsione

231 3073 484 3128 duplicium3
514 3069 717 3119 secundo,
745 3067 791 3107 in
810 3065 1084 3108 advocatione
1104 3064 1265 3118 simpli-

232 3146 359 3197 cium,
383 3144 442 3184 ibi
473 3143 526 3195 (v.
556 3141 619 3193 59)
652 3153 662 3179 ι
691 3139 767 3181 Au
798 3141 941 3180 autem
973 3135 1032 3178 ad
1065 3136 1262 3186 alterum,

232 3220 335 3267 etc.;
382 3215 529 3262 tertio,
578 3212 621 3252 in
670 3209 969 3262 redargutione
1014 3207 1261 3258 mobilium,

232 3289 289 3328 ibi
311 3290 366 3338 (v.
389 3286 452 3338 61)
479 3298 490 3325 2
510 3284 564 3326 Ec
585 3283 648 3324 ait
666 3282 768 3323 alter
787 3294 800 3319 .·
817 3281 977 3333 Sequar
997 3281 1050 3329 te,
1074 3278 1262 3328 Domine,

233 3363 311 3400 etc.
340 3357 458 3398 Circa
492 3353 777 3408 repulsionem
806 3352 1039 3404 duplicium
1072 3349 1263 3391 introdu-

276 3443 285 3462 ¹
308 3439 441 3478 Matth„
463 3447 504 3479 x,
529 3438 580 3469 23.
605 3453 644 3460 -
669 3435 680 3454 ²
701 3435 796 3473 Gen„
818 3441 900 3474 xm,
921 3428 1010 3473 8,'9.
1033 3451 1068 3455 -
1088 3434 1101 3455 ³
1124 3433 1264 3472 11Tc‘m„

234 3496 280 3528 11,
299 3490 350 3519 24.
375 3504 414 3510 —
441 3487 455 3509 ¹·
480 3487 563 3525 dac„
592 3491 622 3524 1,
654 3484 711 3522 19,
737 3484 788 3513 20.
815 3499 855 3504 —
880 3482 893 3503 ὅ
922 3482 946 3512 ll
975 3481 1071 3519 Tim„
1101 3489 1148 3521 1v,
1178 3483 1204 3512 1.
1226 3498 1264 3503 —

235 3535 248 3557 ⁸
267 3534 357 3566 Psal.
377 3541 529 3573 Lxxx1x,
554 3535 604 3564 10.
624 3549 664 3554 —
686 3530 700 3552 ⁷
721 3529 815 3567 Gen„
837 3536 889 3568 w,
909 3530 938 3560 9.
967 3545 1001 3549 -
1023 3528 1033 3545 ⁸
1057 3527 1153 3567 lbid.,
1177 3535 1264 3567 xxn,

238 3585 266 3614 1.
297 3600 332 3605 —
360 3582 373 3603 ⁹
400 3583 478 3621 Iso„
509 3587 595 3619 xxx,
627 3580 680 3609 2¹.
712 3594 750 3600 -
784 3577 806 3595 ¹⁰
834 3576 920 3615 Act„
946 3582 1026 3615 viu,
1061 3578 1114 3614 12,
1147 3576 1193 3605 125.
1225 3592 1265 3597 -

966 276 1251 321 EVANGELII
1282 277 1471 321 SANCTI
1502 280 1653 323 LUCAE

1343 372 1498 410 cuntur
1517 371 1600 410 dno
1625 384 1633 410 :
1667 369 1856 422 primum
1883 370 1944 409 est
1969 369 2182 411 simulatio
2211 370 2372 424 simpli-

1342 437 1495 489 citatis;
1519 440 1765 489 secundum,
1788 439 1961 479 detectio
1980 439 2246 491 duplicitatis.

1397 507 1539 549 Primo
1567 522 1686 561 ergo,
1710 511 1919 561 quantum
1944 509 1996 549 ad
2017 510 2289 562 simplicitatis
2316 511 2374 551 si-

1341 579 1633 631 mulationem,
1656 581 1806 620 dicitur
1836 579 1887 631 (a)
1909 593 1917 619 ε
1941 580 2116 621 Factum
2133 585 2195 623 est
2215 586 2369 631 atatem,

1341 650 1654 693 ambulantibus
1680 652 1769 692 illis
1796 652 1844 692 iu
1872 651 1961 700 υῖα,
1984 650 2139 690 scilicet
2159 651 2374 704 discipulis

1339 723 1655 765 ambulantibus
1696 736 1794 764 cum
1825 723 2004 767 Domino
2043 723 2087 762 in
2114 723 2185 762 via
2215 724 2372 775 perfec-

1338 793 1481 844 tionis,
1517 795 1624 836 sicut
1660 795 1812 835 dicitur
1844 794 1895 834 de
1924 792 2011 834 Noe
2043 793 2056 814 ⁷
2092 807 2100 832 :
2139 809 2158 832 α
2189 792 2277 834 Noe
2307 794 2375 835 vir

1333 865 1478 916 justus
1495 868 1620 918 atque
1639 866 1846 918 perfectus
1866 864 1944 904 fuit
1965 864 2010 904 in
2029 864 2374 915 generationibus

1338 935 1440 985 suis,
1466 948 1565 977 cum
1587 936 1669 977 Deo
1691 935 1940 977 ambulavit.
1964 949 1983 972 ›)
2010 935 2059 975 Et
2086 935 2280 976 similiter
2300 936 2375 976 Do-

1337 1007 1481 1047 minus
1501 1008 1552 1047 ad
1569 1007 1785 1047 Abraham
1805 1008 1818 1030 ⁸
1842 1019 1851 1047 ε
1880 1022 1899 1044 ι(
1919 1005 2103 1046 Ambula
2126 990 2267 1047 coram
2288 1019 2371 1058 me,

1337 1079 1377 1116 et
1404 1080 1492 1117 esto
1524 1077 1790 1129 perfectus.»
1824 1077 1880 1117 De
1906 1089 1991 1130 qua
2025 1076 2093 1117 via
2112 1077 2125 1098 ⁹
2159 1090 2167 1115 :
2200 1077 2375 1118 «Aures

1336 1148 1422 1186 tuae
1440 1147 1613 1187 audient
1626 1148 1808 1189 verbum
1828 1150 1922 1200 post
1935 1150 2110 1199 tergum
2131 1148 2344 1188 monentis
2363 1162 2370 1188 :

1337 1216 1437 1257 Haec
1462 1220 1524 1258 est
1549 1218 1632 1267 via,
1655 1217 1869 1258 ambulate
1894 1218 1940 1257 in
1970 1230 2032 1258 ea.
2056 1233 2074 1255 ›)
2113 1217 2163 1258 Et
2200 1218 2300 1270 quia
2329 1217 2373 1257 in

1336 1288 1415 1329 hac
1445 1289 1514 1330 via
1545 1290 1787 1342 frequenter
1818 1288 1922 1329 mali
1953 1288 2220 1329 simulatione
2247 1288 2374 1340 jungi

1336 1360 1488 1401 volunt
1518 1361 1653 1411 bonis,
1681 1360 1775 1400 ideo
1799 1359 1968 1400 additur
2000 1373 2009 1400 :
2043 1360 2168 1401 Dioeu
2195 1358 2374 1411 quidam

1336 1432 1394 1473 ad
1425 1432 1547 1474 illum
1579 1444 1593 1472 .·
1629 1431 1789 1484 Sequar
1817 1435 1873 1482 te,
1895 1441 2153 1483 quocumque
2183 1431 2303 1472 ieris,
2327 1429 2374 1469 In

1336 1515 1421 1554 quo
1454 1503 1697 1543 ostendebat
1735 1514 1778 1542 se
1813 1502 1970 1541 habere
2003 1501 2267 1543 voluntatem
2306 1512 2370 1540 se-

1336 1573 1492 1626 quendi
1516 1574 1709 1626 perfecte,
1732 1585 1830 1613 cum
1859 1575 2003 1612 tamen
2032 1571 2148 1612 aliud
2177 1571 2222 1610 in
2250 1571 2374 1611 corde

1335 1643 1523 1694 haberet,
1554 1645 1661 1684 sicut
1696 1644 1842 1683 Simon
1872 1643 2039 1693 Magus,
2070 1642 2122 1682 de
2154 1653 2238 1693 quo
2271 1640 2375 1681 dici-

1335 1716 1405 1754 tur
1425 1715 1453 1735 ¹0
1476 1729 1516 1754 :«
1533 1715 1638 1755 Cum
1658 1714 1985 1766 baptizabantur
1998 1711 2139 1754 viriet
2157 1711 2371 1759 mulieres,

1334 1787 1437 1825 tunc
1459 1784 1608 1825 Simon
1635 1788 1676 1825 et
1698 1784 1787 1837 ipse
1807 1783 1998 1834 credidit,
2018 1797 2036 1821 n
2071 1785 2112 1823 et
2139 1781 2375 1835 baptizatus

1335 1859 1411 1906 est,
1441 1856 1553 1896 malo
1580 1859 1722 1896 tamen
1755 1855 1879 1896 corde
1911 1857 1951 1895 et
1982 1853 2154 1907 duplici,
2179 1853 2286 1893 sicut
2320 1865 2374 1893 ex

1336 1927 1610 1980 sequentihus
1624 1929 1750 1980 patet.
1765 1926 1881 1967 Unde
1892 1925 2178 1978 Hieronymus
2188 1924 2215 1946 ¹¹
2231 1936 2239 1962 :
2260 1938 2279 1961 <‹
2294 1923 2374 1964 Iste

1334 1997 1415 2039 hac
1454 1999 1686 2039 intentione
1720 1998 1888 2040 volebat
1922 1998 2041 2050 sequi
2077 1996 2245 2046 Jesum,
2288 2007 2375 2048 qua

1336 2069 1487 2110 Simon
1534 2069 1690 2121 Magus
1729 2069 1990 2110 desiderabat
2034 2069 2191 2109 habere
2237 2068 2374 2119 potes-

1337 2143 1463 2181 tatem
1484 2140 1690 2181 miracula
1710 2140 1911 2190 faciendi,
1933 2141 1982 2180 ut
2001 2139 2052 2180 de
2073 2137 2288 2179 miraculis
2309 2136 2371 2177 di-

1334 2211 1459 2251 vitias
1497 2211 1747 2251 lucraretur.
1775 2224 1794 2247 ))
1833 2209 1963 2262 Cujus
1999 2209 2261 2250 contrarium
2298 2208 2374 2248 do-

1334 2285 1454 2322 cetur
1478 2296 1486 2323 :
1507 2297 1526 2320 (‹
1545 2283 1604 2321 Ne
1623 2281 1860 2331 accesseris,
1878 2294 1897 2317 >2
1919 2280 2056 2332 inquit
2079 2281 2123 2330 ¹2,
2147 2294 2167 2317 «
2183 2279 2235 2319 ad
2251 2278 2372 2318 illum

1335 2352 1490 2405 duplici
1525 2352 1663 2393 corde.
1694 2350 1755 2392 Ne
1782 2351 1911 2392 fueris
1949 2350 2168 2403 hypocrita
2198 2349 2242 2389 in
2273 2361 2371 2390 con-

1335 2427 1482 2476 spectu
1518 2423 1758 2463 hominum.
1782 2436 1800 2459 >³
1827 2420 1949 2462 Tales
1978 2424 2076 2461 sunt
2103 2420 2178 2473 qui
2212 2432 2373 2472 magna

1334 2494 1602 2547 promittunt,
1633 2496 1674 2534 et
1703 2504 1835 2546 parva
1865 2492 2040 2532 faciunt.
2079 2490 2231 2532 Contra
2265 2502 2373 2543 quos

1335 2565 1489 2606 dicitur
1518 2566 1548 2591 1³
1578 2580 1585 2605 :
1615 2580 1634 2603 «
1655 2563 1748 2605 Noli
1769 2564 1920 2605 citatus
1939 2575 2029 2604 esse
2049 2563 2093 2602 in
2111 2562 2266 2613 lingua
2282 2564 2370 2611 tua,

1336 2639 1377 2677 et
1398 2636 1559 2676 inutilis
1579 2638 1620 2676 et
1638 2635 1844 2676 remissus
1864 2634 1909 2674 in
1928 2633 2128 2687 operibus
2148 2633 2244 2673 tuis.
2267 2646 2287 2670 D

1390 2706 1584 2747 Secundo
1602 2718 1719 2755 vero,
1743 2708 1951 2758 quantum
1966 2705 2019 2745 ad
2035 2703 2289 2756 duplicitatis
2305 2703 2373 2744 de-

1335 2777 1575 2828 tectionem,
1597 2777 1852 2829 adjungitur
1870 2777 1927 2826 (v,
1951 2776 2016 2826 58)
2039 2786 2049 2815 :
2070 2776 2129 2817 Ec
2148 2775 2212 2817 ait
2235 2774 2281 2827 (b)
2302 2774 2371 2816 illi

1335 2848 1477 2890 Jesus:
1505 2847 1656 2900 Vulpes
1683 2848 1825 2899 foveas
1855 2846 2023 2897 habeut,
2047 2845 2092 2886 in
2118 2846 2273 2898 quibus
2292 2845 2370 2885 sci-

1335 2919 1431 2960 licet
1450 2919 1622 2969 lateant,
1644 2923 1680 2960 et
1707 2918 1898 2960 volucres
1926 2916 2018 2960 coelz'
2044 2915 2186 2967 nidos,
2209 2916 2255 2956 in
2281 2915 2373 2968 qui-

1336 2990 1416 3030 bus
1444 2992 1708 3043 pernoctent3
1739 2988 1878 3031 Filius
1904 2991 2044 3031 autem
2070 2987 2256 3029 hominis
2284 2997 2372 3029 non

1337 3062 1459 3104 habet
1476 3062 1548 3103 ubi
1563 3066 1693 3114 caput
1708 3072 1833 3103 suum
1848 3060 2019 3102 reclinet
2028 3073 2038 3108 3
2058 3059 2101 3098 in
2116 3070 2200 3111 quo
2215 3058 2369 3099 miram

1337 3133 1519 3174 ostendit
1539 3132 1741 3184 inopiam,
1762 3130 1883 3184 quasi
1911 3130 2065 3170 diceret
2091 3140 2134 3170 se
2154 3128 2265 3170 nolle
2293 3129 2368 3170 ha-

1337 3205 1437 3245 bere
1465 3204 1663 3245 comitem
1683 3203 1758 3256 qui
1785 3205 1955 3243 terrena
1980 3200 2143 3252 diligat.
2168 3200 2286 3242 Unde
2310 3200 2371 3241 in-

1336 3276 1400 3317 fra
1425 3275 1451 3297 ¹⁴
1476 3289 1484 3315 z
1520 3291 1539 3314 ε(
1568 3274 1649 3324 Qui
1679 3286 1766 3314 non
1801 3271 2017 3313 renuntiat
2043 3272 2240 3312 omnibus
2271 3283 2369 3324 quae

1336 3347 1534 3401 possidet,
1555 3358 1643 3388 non
1664 3347 1799 3399 potest
1817 3355 1938 3385 meus
1957 3355 2046 3385 esse
2073 3343 2322 3398 discipulus,
2343 3359 2363 3383 ›>

1340 3461 1361 3479 ¹¹
1382 3460 1537 3500 Hieron„
1564 3459 1599 3490 in
1623 3457 1756 3495 Martii„
1782 3466 1812 3488 c.
1840 3464 1912 3488 V111.
1937 3473 1978 3480 —-
2000 3456 2025 3479 ¹²
2049 3456 2164 3497 Eccli„
2186 3464 2217 3497 1,
2238 3457 2295 3498 36,
2316 3457 2368 3489 37.

1339 3525 1375 3530 —
1399 3508 1422 3530 ¹³
1443 3507 1542 3546 lbid.,
1564 3513 1609 3546 ῐν,
1631 3506 1683 3536 34.
1706 3521 1742 3526 -
1767 3504 1788 3522 ¹⁴
1809 3503 1884 3544 inf„
1905 3511 1976 3545 x1v,
1998 3506 2049 3536 33.

1379 3574 1422 3613 (a)
1446 3572 1527 3603 Gaet.
1547 3570 1626 3601 edit.
1649 3569 1741 3601 dicit.
1757 3586 1799 3593 —
1818 3568 1864 3610 (b)
1886 3569 1988 3611 vulg.
2010 3571 2118 3601 Dixit.
