2634 3853
252 226 330 267 408

256 312 399 355 bibens
412 314 578 365 vinum,
592 314 748 356 scilicet
763 316 814 368 (a)
831 316 873 356 in
893 317 963 358 via
981 318 1216 359 securitatis
1228 319 1275 371 (b)

254 385 294 423 et
321 383 520 435 justitize,
546 385 654 426 sicut
680 386 861 426 dicitur¹
887 401 895 427 :
926 402 944 426 (1
971 386 1094 428 Venit
1124 388 1175 428 ad
1204 399 1279 429 vos

254 452 436 494 Joannes
462 455 505 495 in
525 456 595 496 via
609 456 801 508 justitiae.
824 470 843 493 1>
873 457 1004 507 Unde,
1035 459 1133 510 quia
1165 460 1281 501 venit

255 536 353 565 cum
370 526 610 566 austeritate
631 526 908 578 poenitentiae3
928 527 1020 568 ideo
1040 529 1156 570 venit
1175 530 1280 571 sicut

255 596 491 636 lamentans
511 598 550 636 et
585 608 762 646 gemens
792 600 961 649 propter
992 599 1170 641 salutem
1200 613 1280 654 po-

255 667 365 719 puli,
387 667 494 706 sicut
519 667 728 708 Daniel’:
759 683 777 707 (1
798 668 891 720 Ego
917 669 1058 711 Daniel
1077 672 1281 724 lugebam

256 737 385 777 trium
405 736 767 779 hebdomadarum
793 739 963 791 diebus;
985 754 1139 794 panem
1169 744 1282 785 desi-

256 806 484 847 derabilem
519 819 604 847 non
639 809 822 860 comedi,
854 813 895 851 et
930 823 1027 853 caro
1058 816 1099 854 et
1129 814 1283 855 vinum

257 889 343 917 non
375 877 629 918 introierunt
662 879 706 919 in
739 891 785 920 os
811 892 971 923 meum.
993 897 1012 920 ›)
1041 883 1122 925 Sed
1142 887 1285 927 tamen

257 960 332 1001 per
350 960 449 989 eum
466 960 552 989 non
571 952 631 990 est
651 951 837 992 emollita
863 965 1012 994 eorum
1046 956 1202 997 duritia
1234 958 1285 999 ad

258 1020 535 1072 plorandum;
558 1021 628 1061 sed
648 1025 770 1063 aucta
795 1024 958 1066 malitia
988 1027 1040 1067 ad
1066 1028 1287 1069 detrahen-

259 1091 377 1131 dum.
412 1090 529 1131 Unde
561 1091 756 1133 subditur
783 1106 793 1134 :
824 1095 880 1137 Ec
911 1095 1060 1139 dicitis
1087 1110 1101 1139 .·
1119 1100 1285 1143 Doemo-

260 1162 381 1202 m'um
402 1161 544 1211 habet,
568 1163 669 1214 quia
688 1163 902 1205 dissimilis
920 1170 982 1208 est
1001 1169 1100 1209 vitae
1120 1170 1284 1212 alienae.

261 1230 329 1271 Sic
348 1231 541 1272 dicebant
562 1233 771 1275 Salvatori
792 1236 805 1257 ³
829 1249 839 1277 ε
872 1252 891 1276 α
911 1238 1177 1281 Daemonium
1211 1243 1287 1283 ha-

260 1303 357 1352 bet,
387 1305 427 1343 et
445 1303 601 1344 insanit
624 1318 633 1344 ε
657 1306 760 1357 quid
787 1319 886 1348 eum
918 1300 1105 1351 auditis?
1126 1327 1145 1350 ›)
1177 1313 1290 1355 Unde

262 1385 388 1425 opera
403 1373 635 1425 virtutum,
660 1387 755 1428 quae
779 1380 878 1418 sunt
897 1392 921 1420 a
941 1379 1103 1432 Spiritu
1122 1387 1264 1425 sancto
1277 1418 1288 1436 ,

261 1444 339 1496 ipsi
357 1456 411 1485 ex
429 1445 617 1498 nequitia
636 1447 772 1488 cordis
797 1450 1079 1493 attribuebant
1100 1454 1288 1508 diabolo,

264 1516 371 1557 sicut
395 1517 506 1557 infra
539 1518 700 1560 dicebat
719 1521 761 1561 *ε
787 1536 807 1561 ε(
834 1522 880 1563 ln
911 1523 1145 1566 Beelzebub
1175 1529 1293 1580 prin-

265 1587 355 1639 cipe
380 1587 692 1630 daemoniorum
731 1592 844 1644 ejicit
874 1593 1098 1636 daemonia.
1123 1611 1141 1634 ›)
1164 1598 1214 1639 Et
1233 1600 1294 1640 sic

265 1658 530 1699 verificatum
550 1663 611 1700 est
630 1661 733 1702 illud
763 1662 807 1702 in
836 1664 895 1704 eis
916 1667 929 1689 ⁵
951 1679 959 1705 :
986 1681 1005 1704 «
1033 1666 1150 1709 Bona
1178 1671 1294 1710 enim

265 1728 309 1768 in
328 1729 440 1769 mala
465 1735 714 1771 convertens
743 1733 986 1787 insidiatur,
1011 1740 1052 1777 et
1079 1738 1124 1778 in
1156 1739 1295 1780 electis

265 1799 453 1850 imponet
484 1801 710 1843 maculam.
733 1817 752 1840 ›>
778 1803 828 1844 Et
858 1808 1080 1858 propterea
1111 1821 1178 1851 vae
1206 1811 1292 1862 eis,

266 1869 498 1911 secundum
522 1871 659 1913 11111116
683 1887 692 1913 z
720 1889 739 1912 α
759 1873 854 1926 Vae,
879 1877 952 1928 qui
974 1878 1108 1920 dicitis
1133 1881 1296 1923 malum

265 1940 452 1992 bonum,
474 1945 514 1983 et
533 1943 696 1985 bonum
716 1945 899 1998 malum,
922 1961 940 1985 ›>
967 1952 1044 1990 etc.

319 2011 497 2064 Quarto,
521 2017 731 2066 quantum
762 2017 813 2057 ad
843 2020 986 2058 notam
1021 2020 1297 2074 blasphemiae

266 2084 310 2123 in
326 2083 603 2126 obduratione
622 2088 768 2127 contra
787 2087 929 2139 ipsum
951 2089 1180 2144 Christum,
1202 2095 1298 2135 sub-

267 2155 380 2196 ditur
401 2156 469 2208 (v.
507 2157 576 2208 34)
603 2171 613 2197 z
647 2157 770 2200 Vem’c
799 2159 939 2202 Filius
965 2160 1153 2205 hominis
1179 2163 1299 2207 'man-

267 2225 431 2268 ducans
451 2231 490 2270 et
523 2228 691 2279 bibens,
720 2231 760 2270 et
780 2230 838 2270 ita
870 2231 913 2271 in
939 2232 1009 2273 via
1038 2233 1296 2287 elementiae,

269 2294 390 2346 quasi
421 2295 608 2336 medicus
623 2327 634 2345 ‚
658 2299 700 2336 et
727 2299 930 2351 tanquam
963 2309 1170 2353 sponsus,
1193 2304 1299 2345 sicut

269 2377 396 2417 supra
418 2369 431 2390 ⁷
458 2377 467 2404 :
497 2381 517 2404 «
542 2365 760 2420 Numquid
792 2370 965 2421 potestis
990 2371 1099 2412 filios
1128 2376 1295 2426 sponsi,

270 2433 371 2474 dum
389 2446 487 2474 cum
506 2434 589 2474 illis
605 2437 666 2475 est
679 2447 872 2488 sponsus,
889 2438 1024 2479 facere
1037 2441 1258 2492 jejunare?
1273 2458 1292 2481 n

269 2504 320 2546 Et
351 2508 493 2546 tamen
518 2518 605 2547 non
637 2510 735 2548 sunt
767 2508 870 2549 moti
904 2510 955 2550 ad
988 2511 1265 2555 exultandum
1284 2548 1296 2566 ,

269 2577 341 2617 sed
357 2577 574 2629 depravati
598 2578 649 2619 ad
672 2578 1070 2631 blasphemandum.
1092 2584 1185 2626 Ideo
1205 2587 1300 2627 sub-

269 2647 383 2688 ditur
405 2659 415 2688 :
438 2649 493 2691 Ετ
513 2649 693 2692 dicitis:
715 2650 824 2692 Ecce
844 2651 964 2695 homo
988 2653 1235 2708 devorator,
1262 2663 1300 2703 et

271 2719 412 2761 bibens
432 2721 596 2762 vinum.
626 2721 713 2762 Hoc
733 2722 884 2763 dicitur
904 2728 1112 2777 quantum
1141 2730 1193 2770 ad
1225 2743 1297 2771 su-

269 2790 554 2842 perfluitatem
574 2793 732 2844 victus,
758 2795 879 2847 quasi
907 2795 1047 2837 dicant
1070 2813 1078 2838 z
1101 2798 1194 2840 Non
1222 2813 1297 2853 po-

271 2864 351 2901 test
381 2874 470 2903 esse
501 2863 691 2916 sapiens;
723 2866 956 2907 secundum
987 2867 1090 2910 illud
1121 2871 1297 2914 Prover-

271 2932 386 2973 bium
405 2933 418 2955 ⁸
442 2947 451 2974 :
481 2949 499 2972 «
520 2933 757 2977 Luxuriosa
787 2948 855 2977 res
883 2938 1032 2979 vinum
1048 2971 1060 2990 ,
1083 2944 1123 2981 et
1143 2944 1300 2985 tumul-

270 3014 394 3043 suosa
426 3004 605 3045 ebrietas
626 3019 634 3044 :
660 3006 921 3060 quicumque
954 3009 1019 3049 his
1045 3011 1294 3065 delectatur,

270 3085 357 3114 non
373 3074 452 3114 erit
471 3076 650 3127 sapiens,
671 3091 689 3114 >³
710 3078 885 3120 Amicus
911 3080 1235 3132 publicanorum
1257 3091 1298 3131 ec

266 3148 554 3195 peccatorum,
574 3150 781 3199 quantum
802 3149 854 3189 ad
873 3150 1184 3196 inhonestatem
1203 3170 1298 3199 con-

268 3215 431 3267 victus;
453 3217 575 3269 quasi
596 3218 704 3259 dicat
722 3234 730 3258 :
754 3219 847 3261 Non
865 3224 1001 3274 potest
1021 3235 1110 3266 esse
1131 3227 1268 3271 bonus
1283 3263 1293 3282 ,

269 3286 390 3339 quia.
413 3288 521 3329 sicut
541 3288 694 3330 dicitur
713 3294 727 3315 ⁹
751 3306 758 3331 :
789 3307 807 3329 «
829 3292 906 3341 Qui
927 3294 1116 3347 tetigciit
1136 3300 1292 3352 picem,

309 3370 457 3402 1Mattlz.
465 3379 566 3411 ,,ΧΧ1
587 3373 637 3403 32.
661 3389 695 3394 -
719 3374 1166 3420 21)(1η.,Χ,2.-1,.Ι.οαη
1186 3389 1219 3422 Χ,
1242 3385 1293 3416 20.

268 3417 663 3459 --11111.,Χι,15.-5
685 3420 727 3451 Ε
715 3420 799 3460 r·‚clz'.
823 3429 872 3461 xl,
893 3424 923 3453 3.
937 3439 977 3446 -
998 3425 1107 3465 ⁶1sa„
1129 3404 1166 3467 νζ
1182 3432 1232 3463 20.
1255 3449 1294 3454 -

266 3464 392 3504 '¹Sup.,
412 3473 445 3506 v,
465 3468 516 3498 34.
537 3483 572 3489 -
593 3467 732 3507 ⁸.‚Prov
752 3475 810 3505 ΧΧ,
832 3471 859 3499 1.
880 3485 919 3491 —-
941 3471 1074 3502 ”Ec-elz.
1082 3482 1186 3515 ,Χ111,
1208 3480 1235 3508 1.
1254 3495 1293 3502 -

266 3510 293 3532 ¹⁰
317 3512 451 3554 Jerem„
474 3521 531 3554 xv,
557 3516 606 3547 19.
633 3530 668 3538 —
696 3515 722 3536 1¹
741 3514 876 3556 Manli„
903 3523 956 3557 ix,
983 3520 1032 3551 13.
1056 3536 1091 3542 —
1120 3522 1145 3543 ¹²
1168 3524 1179 3555 1
1202 3524 1292 3567 007„

976 228 1262 272 EVANGELII
1291 229 1478 273 SANCTI
1507 232 1656 276 LUCAE

1354 320 1650 374 inquinabitur
1668 322 1720 362 ab
1740 333 1814 372 ea3
1837 325 1878 364 et
1902 325 1975 376 qui
2006 325 2381 366 communicaverit

1354 393 1537 445 superbo
1554 425 1564 443 ,
1595 392 1741 433 induet
1772 394 2028 445 superbiam.
2052 410 2071 433 ›>
2104 396 2185 437 Sed
2206 397 2380 438 maledi-

1355 465 1469 512 cunt,
1492 463 1591 515 quia
1604 463 1646 502 in
1660 463 1844 504 Jeremz‘a
1856 462 1902 515 (c)
1917 463 1974 504 ait
1986 465 2013 486 ¹⁰
2028 479 2036 504 :
2049 465 2381 508 «Convertentur

1354 532 1433 585 ipsi
1453 534 1504 573 ad
1526 537 1585 584 te,
1602 537 1642 574 et
1662 536 1708 574 tu
1726 545 1812 573 non
1832 535 2090 575 converteris
2111 537 2163 576 ad
2186 549 2270 578 eos.
2291 553 2310 576 1)
2330 538 2382 579 Et

1356 603 1400 642 in
1411 603 1606 646 Matthoeo
1624 604 1677 656 (cl)
1694 604 1718 626 ¹¹
1739 617 1747 643 :
1766 619 1784 642 α
1800 603 1956 644 Euntes
1968 606 2111 645 autem
2125 606 2268 647 discite
2281 609 2381 660 quid

1356 675 1418 712 est
1437 687 1445 713 :
1466 672 1797 715 Misericordiam
1815 674 1932 725 volo,
1949 676 1991 714 et
2005 686 2091 714 non
2109 675 2379 718 sacrificium.

1359 742 1453 784 Non
1482 744 1596 784 enim
1616 745 1713 785 veni
1745 756 1895 785 vocare
1919 746 2079 797 justOS,
2103 745 2174 786 sed
2194 748 2383 798 peccato-

1358 825 1445 865 res,
1465 827 1483 852 1)
1509 815 1663 855 scilicet
1683 815 1734 855 ad
1754 814 2062 867 poenitentiam.
2085 815 2135 855 Et
2155 815 2255 868 quia
2275 816 2384 857 blas-

1358 885 1528 937 phemia
1542 885 1562 926 J
1567 886 1789 927 udaeorum
1804 887 2071 937 aggravatur
2090 898 2143 927 ex
2164 898 2265 927 vera
2280 899 2388 940 prae-

1359 956 1566 997 dicatione
1605 957 1890 1009 apostolorum
1908 988 1919 1006 ,
1951 956 2045 997 ideo
2079 957 2306 998 subditur:
2331 960 2390 1000 Ec

1354 1026 1597 1079 Justificaca
1627 1033 1689 1069 esc
1718 1028 1935 1080 sapientia
1975 1028 2025 1069 ab
2059 1028 2251 1070 omnibus
2282 1029 2390 1080 filiis

1361 1098 1470 1139 suis.
1492 1097 1750 1150 Sapientiam
1781 1110 1965 1150 namque
1983 1097 2252 1150 Evangelista
2270 1104 2392 1142 vocat

1365 1168 1606 1219 Christum,
1638 1168 1871 1208 secundum
1892 1168 2045 1209 11111(112
2074 1182 2083 1209 :
2113 1183 2131 1207 (t
2153 1169 2232 1219 Qui
2260 1170 2393 1210 factus

1366 1241 1428 1279 est
1446 1239 1567 1279 nobis
1586 1239 1812 1291 sapientia,
1834 1241 1876 1279 et
1890 1239 2077 1291 justitia,
2101 1242 2141 1279 et
2159 1240 2391 1281 sanctifica-

1363 1310 1446 1360 tio,
1480 1312 1521 1349 et
1551 1308 1807 1360 redemptio.
1836 1323 1854 1347 7>
1892 1308 1985 1350 Filii
2022 1310 2142 1351 istius
2178 1312 2394 1364 sapientiae

1366 1382 1466 1421 sunt
1491 1380 1688 1433 apostoli,
1710 1392 1784 1432 per
1814 1380 1992 1420 verbum
2025 1381 2146 1422 istius
2177 1383 2394 1434 sapientiae

1366 1451 1604 1503 regenerati
1623 1454 1664 1491 et
1691 1463 1767 1503 per
1790 1451 1996 1504 Spiritum
2017 1455 2208 1493 sanctum
2236 1454 2392 1505 justiti-

1367 1522 1470 1573 cati,
1507 1521 1741 1562 secundum
1773 1522 1878 1563 illud
1908 1523 1935 1544 ¹⁸
1971 1536 1979 1562 :
2018 1522 2264 1575 «Sapientia
2300 1525 2397 1566 filiis

1367 1594 1455 1634 suis
1475 1594 1606 1635 vitam
1627 1593 1824 1646 inspirat,
1846 1608 1864 1631 n
1891 1596 1938 1635 ut
1970 1594 2160 1635 Christus
2184 1596 2394 1648 apostolis.

1369 1664 1488 1704 Unde
1527 1667 1566 1704 et
1602 1664 1753 1704 Petrus
1783 1664 1946 1704 dicebat
1976 1664 2002 1687 11
2033 1679 2042 1705 :
2076 1680 2094 1703 (‹
2126 1666 2324 1716 Domine,
2347 1667 2399 1708 ad

1369 1744 1497 1784 quem
1518 1732 1702 1772 ibimus?
1723 1732 1855 1773 verba
1873 1732 1972 1774 vitae
1995 1735 2167 1774 aeternae
2184 1733 2340 1785 habes3
2360 1737 2401 1775 et

1369 1815 1446 1843 nos
1466 1803 1721 1844 credidimus
1744 1803 1809 1856 (e),
1833 1805 1874 1843 et
1894 1804 2205 1855 eognovimus,
2228 1805 2329 1857 quia
2353 1808 2401 1847 tu

1370 1885 1414 1914 es
1434 1873 1625 1914 Christus
1646 1873 1758 1914 filius
1779 1873 1865 1914 Dei.
1888 1888 1906 1911 ›)
1934 1873 2005 1914 Isti
2026 1874 2370 1927 Justificaverunt
2383 1908 2395 1926 ,

1370 1945 1412 1985 id
1432 1947 1514 1994 est,
1538 1944 1750 1986 Christum
1766 1946 1933 1997 Justum
1952 1948 2274 1998 reputaverunt,
2298 1947 2401 1988 dum

1372 2017 1464 2068 eJus
1483 2016 1614 2057 verba
1633 2027 1707 2068 per
1723 2017 1935 2068 Justitiam
1951 2019 1992 2056 et
2014 2016 2298 2057 obedientiam
2317 2017 2403 2057 im-

1370 2086 1615 2139 pleverunt,
1634 2087 1867 2128 secundum
1887 2087 1991 2128 illud
2008 2089 2037 2113 15
2062 2101 2071 2128 2
2089 2102 2108 2125 (ι
2128 2087 2222 2128 Filii
2243 2089 2403 2141 sapien-

1371 2158 1463 2209 tiae,
1503 2158 1675 2199 ecclesia
1706 2160 1921 2210 Justorum
1952 2173 1961 2207 ;
2003 2161 2044 2198 et
2080 2159 2195 2199 natio
2231 2158 2403 2199 illorum

1372 2229 1609 2269 obedientia
1637 2231 1677 2268 et
1698 2229 1877 2269 dilectio.
1911 2242 1929 2266 ι)
1956 2228 2020 2269 Ad
2045 2240 2229 2280 quorum
2258 2240 2402 2269 exem-

1372 2301 1493 2353 plum
1514 2300 1721 2341 Pharisaei
1749 2300 1985 2340 debuerunt
2018 2299 2205 2348 moveri;
2237 2299 2308 2339 sed
2338 2301 2402 2338 ta-

1372 2383 1472 2411 men
1485 2374 1655 2424 propter
1670 2369 1943 2423 pertinaciam
1961 2381 2083 2409 suam
2104 2372 2403 2409 remanserunt

1371 2442 1416 2481 in
1436 2442 1610 2482 faecibus
1629 2442 1728 2482 suis.
1752 2440 1868 2482 Unde
1900 2441 2002 2493 ipsis
2031 2440 2194 2480 dicebat
2225 2439 2253 2461 ¹⁶
2276 2453 2284 2479 :
2312 2439 2402 2479 «Et

1372 2514 1408 2553 si
1438 2525 1518 2566 ego
1550 2513 1596 2552 in
1628 2512 1858 2553 Beelzebub
1891 2510 2014 2563 ejicio
2050 2510 2293 2560 daemones,
2326 2509 2402 2549 filii

1371 2584 1501 2626 vestri
1520 2585 1562 2624 in
1582 2596 1667 2637 quo
1690 2584 1898 2636 eJiciunt‘?
1916 2582 2012 2622 Ideo
2031 2581 2111 2633 ipsi
2131 2581 2295 2634 judices
2314 2592 2404 2622 ves-

1371 2655 1426 2695 tri
1445 2658 1590 2696 erunt:
1615 2669 1634 2693 1>
1660 2655 1760 2708 quia
1789 2654 1867 2706 ipsi
1892 2652 1994 2705 justi
2025 2654 2277 2704 reputantur
2296 2663 2321 2691 a
2340 2662 2403 2692 sa-

1371 2727 1554 2780 pientia,
1583 2738 1712 2778 quam
1738 2724 2004 2777 justificant;
2027 2726 2067 2763 et
2100 2722 2301 2763 Pharisaei
2333 2723 2402 2762 in-

1363 2795 1469 2847 Justi
1506 2797 1546 2835 et
1585 2793 1754 2846 reprobi
1797 2794 2050 2844 reputantur
2082 2791 2134 2831 ab
2163 2791 2310 2830 eadem
2335 2801 2400 2830 sa-

1369 2865 1561 2919 pientia,
1593 2876 1723 2918 quam
1758 2863 1960 2904 Pharisaei
2006 2862 2289 2903 condemnant
2328 2871 2402 2912 per

1370 2936 1645 2991 pertinaciam
1665 2938 1706 2976 et
1727 2933 2052 2987 blasphemiam.

1424 3013 1489 3051 36.
1513 3008 1701 3062 Boqabat
1720 3011 1862 3050 autem
1881 3007 2003 3048 illum
2021 3003 2197 3057 quidam
2216 3002 2267 3044 de
2289 3002 2400 3044 Pha-

1369 3082 1525 3131 rz'soez's,
1542 3083 1620 3121 etc.
1636 3079 1774 3132 Supra
1793 3077 1973 3118 ostendit
1984 3073 2257 3125 Evangelista
2267 3073 2398 3113 subli-

1368 3152 1559 3192 mitatem
1568 3150 1733 3191 Domini
1742 3148 1874 3190 nostri
1886 3145 2115 3188 Salvatoris
2128 3146 2336 3197 quantum
2346 3144 2399 3185 ad
2435 3150 2559 3180 Divisio.

1368 3222 1659 3263 excellentiam
1684 3218 1910 3273 potestatis,
1934 3220 1974 3257 et
1999 3218 2206 3269 quantum
2227 3215 2279 3256 ad
2307 3215 2395 3255 evi-

1368 3332 1398 3363 1,
1424 3325 1536 3355 30.-
1560 3322 1587 3344 ¹⁸
1606 3320 1722 3360 Eccli„
1748 3327 1792 3359 IV,
1816 3321 1866 3350 12.
1889 3336 1930 3342 -
1959 3318 1984 3339 ¹⁶
2003 3318 2110 3358 Joan„
2130 3324 2182 3357 VI,
2204 3318 2260 3356 69,
2281 3317 2332 3347 70.
2357 3332 2396 3338 —-

1370 3369 1534 3409 ¹⁵Eccli„
1561 3371 1665 3408 111,1.
1686 3365 2011 3406 -16Mattla.,x11‚
2033 3365 2083 3396 2.7

1411 3434 1456 3475 (α)
1477 3435 1554 3465 Loco
1579 3431 1723 3470 scilicet,
1743 3432 1812 3462 caet
1834 3430 1915 3462 edit.
1937 3429 2057 3462 habent
2079 3429 2160 3460 vita.
2170 3445 2210 3451 —
2229 3426 2273 3468 (b)
2296 3427 2396 3458 Fmte

1366 3483 1429 3522 leq.
1450 3479 1650 3521 severitatis.
1672 3496 1712 3502 -
1733 3478 1768 3518 (c)
1798 3477 1878 3510 Coet.
1901 3478 1979 3510 edasst
2002 3477 2220 3510 ieremias—
2248 3474 2289 3515 (d)
2313 3475 2393 3506 Item

1366 3530 1560 3563 Matthaeus.
1587 3527 1625 3568 (e)
1648 3526 1728 3559 Item
1748 3525 1919 3559 credimus
1905 3541 1931 3559 5.
