2634 3853
63 467 177 493 Tetrar-

36 506 89 532 cha
106 505 176 540 quid

195 218 273 258 284

196 303 391 345 subditur
413 317 422 344 z
445 304 499 346 Et
524 304 714 356 Lysam'a
745 301 944 354 Abylt’noe
973 296 1185 342 tetrarcha
1205 327 1217 346 ,

195 375 237 417 id
264 378 353 427 est,
378 375 550 417 alterius
580 374 793 427 regionis,
825 383 921 426 quae
955 372 1044 411 erat
1071 370 1219 421 quarta

195 458 293 500 pars
312 446 439 499 regni
466 461 474 486 :
499 446 652 486 dieitur
677 444 791 485 enim
825 456 849 483 a
870 446 999 490 tetra,
1022 438 1134 491 quod
1162 439 1223 478 est

196 520 392 571 quatuor,
415 521 454 558 et
474 517 621 560 archos
647 517 672 566 ¹,
697 515 808 567 quod
830 517 891 553 est
910 512 1118 565 princeps.
1142 509 1222 549 Ar-

196 589 341 631 chelao
372 589 485 630 enim
517 588 603 628 filio
635 586 811 627 Herodis
841 582 1014 635 magni,
1050 583 1223 634 propter

195 660 437 713 superbiam
468 670 590 699 suam
628 658 672 697 in
705 655 881 697 exilium
907 653 1018 707 apud
1043 651 1221 704 Lugdu-

196 743 301 772 num
327 731 567 783 deportato,
602 738 787 780 regnum
808 726 854 767 iu
873 727 1057 778 quatuor
1076 726 1223 764 tetrar-

195 802 309 843 chias
329 804 390 842 651
409 800 613 849 divisum,
638 800 687 839 ut
706 798 766 838 sic
786 796 1052 837 minueretur
1072 806 1223 846 super-

195 873 266 913 bia
284 871 544 913 Judaeorum.
569 869 687 911 Unde
718 868 829 909 Beda
851 882 860 908 :
890 882 909 905 α
935 866 1037 907 Tres
1070 867 1224 905 tetrar-

195 943 309 984 chias
329 942 535 995 regebant
556 944 640 982 tres
663 940 740 980 filii
760 938 938 980 Herodis
957 936 1122 988 magni,
1143 935 1222 976 sub

195 1026 280 1068 quo
297 1013 501 1055 Dominus
522 1014 648 1054 natus
667 1014 743 1052 est.
770 1024 789 1048 1)
820 1009 982 1051 Pilatus
1004 1019 1106 1049 vero
1124 1018 1223 1060 pro-

196 1088 365 1128 curator
394 1086 484 1126 erat
514 1083 687 1125 alterius
726 1079 981 1122 tetrarchiae.
1017 1079 1066 1119 Et
1100 1080 1222 1129 nota,

196 1158 309 1211 quod
326 1157 499 1198 fuerunt
515 1154 598 1196 duo
619 1152 812 1206 Lysaniae
834 1166 843 1192 z
867 1151 972 1191 alter
991 1149 1104 1190 filius
1128 1149 1225 1189 Hir-

195 1229 309 1279 cani‚
330 1228 381 1268 de
407 1237 492 1280 quo
525 1223 790 1277 Josephus23
821 1222 926 1263 alter
953 1221 1153 1272 Herodis,
1176 1221 1226 1261 de

196 1310 281 1354 quo
302 1298 412 1339 Beda
431 1297 638 1350 loquitur.

250 1371 465 1421 Quantum
485 1381 587 1410 vero
607 1367 659 1408 ad
688 1366 942 1408 divisionem
975 1364 1223 1415 sacerdotii,

197 1442 391 1485 subditur
411 1440 520 1494 (11.2)
547 1439 655 1481 :Sub
672 1437 944 1491 principibus
962 1436 1228 1479 sacerdotum

199 1516 327 1557 Anna
358 1516 395 1555 et
430 1511 618 1564 Caipha,
641 1509 717 1563 qui
744 1508 973 1549 ambitione
1009 1507 1147 1557 moti,
1182 1508 1230 1547 ut

199 1586 298 1628 dicit
316 1584 428 1626 Beda
444 1616 454 1634 ,
475 1594 694 1624 summum
731 1580 1011 1622 sacerdotium
1033 1579 1230 1620 emebant

200 1670 225 1699 a
244 1656 456 1698 Romanis.
491 1654 608 1695 Unde
640 1653 742 1707 quia
756 1654 848 1705 Jam
863 1684 875 1703 ,
898 1650 1132 1692 secundum
1151 1649 1227 1690 Be-

201 1729 298 1770 dam
319 1731 359 1769 et
388 1726 618 1779 josephum
635 1757 645 1774 ,
669 1724 903 1765 sacerdotes
930 1734 1016 1763 non
1034 1722 1228 1762 institue-

201 1801 356 1842 bantur
386 1811 463 1852 per
492 1798 770 1846 unctionem,
803 1795 874 1836 sed
909 1806 984 1847 per
1018 1796 1231 1834 terrenam

202 1873 449 1926 potestatem
467 1885 476 1921 ;
500 1869 593 1910 ideo
610 1869 845 1910 cessaverat
869 1865 1013 1906 unctio
1033 1864 1230 1905 sacerdo-

203 1944 299 1985 talis
317 1975 328 1994 ‚
362 1945 402 1983 et
429 1941 573 1983 unctio
600 1939 770 1993 regalis.
804 1938 896 1979 Jam
928 1948 1035 1988 ergo
1063 1938 1232 1988 tempus

203 2016 431 2057 advenerat
452 2015 501 2055 ut
521 2011 709 2054 Christus
732 2009 973 2058 adveniret,
996 2007 1233 2048 secundum

202 2086 308 2128 illud
327 2089 340 2111 ⁸
368 2097 378 2126 :
414 2100 432 2124 ε(
463 2083 558 2125 Νο11
589 2083 803 2123 auferetur
835 2082 1047 2133 sceptrum
1082 2079 1133 2119 de
1165 2078 1235 2119 Ju-

203 2159 280 2209 da,
301 2160 379 2199 616.
404 2171 423 2194 1)
451 2156 555 2197 Item
569 2156 662 2208 jam
682 2154 917 2194 cessaverat
940 2150 1084 2192 unctio
1102 2162 1235 2191 sacer-

203 2229 304 2271 dotii
323 2227 517 2278 Levitici‚
537 2229 577 2267 et
596 2225 689 2266 ideo
709 2227 877 2276 tempus
907 2225 1017 2273 erat,
1041 2225 1088 2263 ut
1119 2221 1233 2262 veni-

205 2302 269 2342 ret
300 2298 492 2340 sacerdos
523 2295 758 2338 secundum
792 2293 986 2335 ordinem
1017 2292 1234 2333 Melchise-

204 2372 329 2422 dech,
352 2374 399 2412 ut
430 2370 679 2423 impleretur
706 2367 834 2418 illud,
858 2366 972 2419 quod
991 2365 1151 2406 dictum
1169 2366 1233 2405 est

204 2445 256 2486 de
269 2442 500 2484 sacerdotio
515 2440 716 2489 Levitico,
735 2441 777 2480 et
792 2437 1023 2479 sacerdotio
1038 2435 1191 2477 Christi
1206 2435 1233 2475 ¹⁵:

211 2531 231 2556 ((
253 2514 474 2568 Expellam
496 2515 535 2553 te
564 2512 615 2553 de
643 2511 819 2552 statione
840 2512 935 2560 tua,
956 2510 996 2549 et
1022 2507 1073 2549 de
1094 2507 1235 2548 minis-

205 2587 310 2627 terio
330 2588 404 2626 tuo
436 2584 646 2637 deponam
672 2585 728 2623 te.
750 2596 769 2619 »
795 2580 846 2622 Ε1
863 2582 958 2634 11051
977 2580 1027 2621 de
1048 2578 1235 2629 Christo,

207 2658 285 2698 51111
302 2657 446 2708 figura
476 2654 651 2695 Eliacim
668 2653 681 2675 ⁵
703 2666 712 2693 :
741 2667 760 2691 «
786 2652 836 2693 Et
865 2652 944 2692 erit
972 2651 1017 2691 in
1050 2650 1117 2691 die
1135 2649 1234 2700 illa,

207 2728 366 2771 vocabo
386 2738 559 2768 servum
589 2736 734 2764 meum
761 2722 955 2771 Eliacim,
988 2724 1027 2762 et
1062 2721 1239 2762 induam

209 2799 331 2840 illum
344 2797 489 2838 tunica
503 2799 592 2836 tua.
606 2795 685 2836 »Et
698 2795 807 2835 infra
823 2806 833 2834 ε
857 2793 940 2835 «Et
958 2793 1065 2834 dabo
1075 2793 1239 2835 clavem

211 2871 363 2913 domus
394 2868 524 2910 David
556 2879 682 2921 super
724 2867 955 2907 humerum
994 2866 1102 2918 ejus.
1135 2879 1155 2902 1)
1194 2864 1240 2905 111

212 2954 297 2996 (1110
317 2940 565 2990 ostenditur,
582 2938 696 2992 quod
714 2938 792 2978 iste
813 2937 989 2978 Eliacim
1011 2937 1133 2978 debet
1153 2948 1242 2977 esse

211 3025 289 3055 rex
307 3015 347 3053 et
375 3011 591 3052 sacerdos:
615 3010 727 3063 quod
761 3009 901 3050 solum
929 3009 974 3049 in
998 3008 1164 3050 Christo
1183 3011 1244 3049 est

213 3084 455 3137 impletum,
478 3082 552 3135 qui
573 3082 652 3122 fuit
669 3080 862 3122 sacerdos
878 3079 1116 3121 secundum
1137 3079 1245 3120 ordi-

213 3168 314 3198 nem
326 3153 651 3204 Melchisedech,
668 3153 741 3205 qui
756 3151 884 3193 simul
901 3164 977 3193 rex
990 3154 1032 3192 et
1049 3151 1245 3192 sacerdos

214 3227 294 3269 fuit
312 3259 323 3279 ‚
353 3225 587 3267 secundum
622 3224 725 3265 illud
744 3224 757 3245 ⁶
785 3238 795 3265 :
830 3239 850 3263 «
877 3223 1098 3264 Translato
1131 3223 1247 3263 enim

217 3299 448 3341 sacerdotio
461 3328 471 3348 ‚
497 3306 667 3338 necesse
686 3298 749 3346 est
768 3298 815 3336 ut
832 3297 873 3336 et
891 3294 1002 3347 legis
1027 3293 1248 3335 translatio

260 3433 270 3454 1
307 3429 441 3464 Scilicet
479 3438 499 3461 a
535 3428 677 3461 vocibus
712 3427 829 3469 graecis
868 3439 1022 3469 τεσσαρες
1058 3435 1116 3459 5611
1151 3427 1248 3459 attice

220 3489 386 3521 τετταρες,
414 3479 572 3519 quatuor,
604 3476 657 3508 vel
690 3476 856 3519 τεταρτὸς,
886 3478 1042 3516 quartus,
1069 3477 1103 3507 et
1122 3476 1248 3517 ἅρχων,

219 3525 396 3566 princeps,
420 3524 475 3556 vel
499 3525 596 3567 ἀρχη,
619 3523 840 3565 principatus.
859 3539 899 3546 -
917 3523 931 3544 ²
945 3521 1086 3563 Joseph,
1105 3521 1144 3554 de
1165 3522 1250 3554 Bell.

918 206 1198 252 EVANGELH
1231 205 1425 248 SANCTI·
1449 205 1596 248 LUCAE

1294 296 1382 338 fiat.
1399 310 1419 335 »
1442 296 1535 339 Jam
1572 296 1662 337 erat
1708 295 1877 348 tempus
1915 296 2192 349 evangelium
2211 308 2321 352 prae-

1295 368 1483 418 dicandi3
1515 370 1556 408 et
1581 367 1625 406 in
1655 365 1727 406 tali
1758 367 1945 418 tempore
1974 379 1999 408 a
2026 369 2324 422 praedicatione

1295 436 1469 479 Joannis
1515 437 1663 479 debuit
1715 436 1988 488 evangelium
2040 439 2230 482 inchoari
2277 454 2324 483 ac

1297 507 1532 558 praedicari.
1571 507 1688 548 Patet
1728 518 1858 558 ergo,
1890 519 2020 559 quam
2069 510 2324 552 sufficienter

1297 578 1531 619 secundum
1553 578 1790 631 Scripturas
1812 578 2029 620 constituit
2051 579 2326 633 Evangelista

1297 650 1655 700 opportunitatem
1676 649 1721 689 in
1741 648 1927 689 adventu
1950 649 2125 701 Christi,
2149 653 2191 692 et
2212 663 2324 704 11166-

1297 719 1503 760 dicatione
1527 719 1828 769 praecursoris3
1846 720 1958 772 quod
1975 720 1996 761 J
2002 720 2110 762 udaei
2126 721 2223 762 caeci
2241 734 2327 763 non

1298 790 1509 832 viderunt.
1532 790 1630 833 Ideo
1651 792 1883 833 Jeremias⁷
1908 805 1916 833 :
1946 791 2138 834 «Milvus
2157 794 2203 834 in
2223 794 2328 836 coelo

1299 862 1499 914 cognovit
1518 864 1685 916 tempus
1705 875 1831 904 suum
1854 877 1863 904 z
1887 866 2043 914 turtur,
2064 866 2105 905 et
2123 864 2325 915 hirundo,

1299 936 1340 974 et
1376 933 1538 974 ciconia
1577 934 1868 976 custodierunt
1910 938 2080 989 tempus
2122 936 2330 978 adventus

1299 1003 1368 1044 sui
1391 1018 1400 1045 ε
1422 1005 1606 1057 populus
1626 1008 1767 1046 autem
1789 1018 1908 1047 meus
1927 1019 2014 1048 non
2037 1008 2239 1059 cognovit
2254 1009 2327 1061 ju-

1299 1074 1457 1115 dicium
1484 1074 1667 1115 Domini.
1692 1089 1711 1112 »
1738 1075 1789 1116 Et
1820 1076 1930 1117 infra
1947 1077 1961 1099 ⁸
1985 1090 1994 1118 ε
2026 1093 2044 1116 (ι
2065 1078 2327 1131 Hypocritae,

1301 1145 1449 1186 faciem
1482 1145 1575 1186 coeli
1608 1148 1649 1186 et
1680 1147 1806 1186 terrae
1838 1148 1970 1188 nostis
2007 1149 2213 1201 probare;
2251 1148 2332 1189 hoc

1301 1220 1444 1259 autem
1476 1220 1642 1270 tempus
1682 1217 1895 1270 quomodo
1933 1231 2018 1260 non
2056 1218 2272 1272 probatis?
2305 1233 2324 1257 »

1299 1291 1497 1330 Poterant
1519 1290 1661 1329 autem
1681 1288 1762 1329 hoc
1782 1291 1950 1342 tempus
1970 1302 2225 1342 cognoscere
2244 1303 2330 1331 non

1303 1360 1440 1402 solum
1461 1372 1536 1413 per
1570 1359 1832 1413 Scripturas,
1861 1361 1933 1402 sed
1966 1361 2093 1402 etiam
2121 1374 2197 1415 per
2221 1362 2332 1416 ipsas

1303 1444 1370 1474 res
1398 1432 1444 1472 111
1473 1432 1737 1484 temporibus
1769 1435 1932 1485 gestas,
1956 1433 2189 1475 secundum
2219 1433 2334 1486 quod

1303 1503 1403 1544 dicit
1430 1503 1659 1556 Gregorius
1682 1515 1691 1544 ε
1719 1519 1739 1543 (ι
1771 1503 1946 1557 Liquet,
1967 1505 2081 1557 quod
2115 1505 2167 1546 ad
2199 1505 2331 1545 finem

1303 1575 1448 1616 Judaea
1465 1579 1665 1626 venerat,
1690 1587 1787 1628 quae
1806 1578 1868 1616 tot
1889 1576 2064 1628 regibus
2083 1576 2219 1617 divisa
2238 1577 2334 1616 sub-

1299 1648 1490 1701 jacebat3
1512 1651 1552 1688 et
1572 1659 1669 1688 cum
1692 1647 1851 1688 subditi
1873 1650 2011 1687 essent
2036 1647 2172 1687 alieno
2192 1647 2332 1699 impe-

1303 1718 1388 1769 rio,
1406 1720 1496 1771 jam
1517 1720 1686 1770 tempus
1707 1719 1816 1767 erat,
1844 1719 1892 1757 ut
1912 1716 2118 1758 Dominus
2147 1729 2336 1769 regnum

1305 1788 1581 1829 israeliticum
1634 1788 1871 1839 revelaret,
1926 1788 2040 1840 quod
2088 1789 2338 1841 promiserat

1309 1860 1427 1901 omni
1453 1859 1580 1900 modo
1600 1859 1787 1900 stabilire
1812 1859 1857 1899 in
1877 1859 2199 1912 sempiternum.
2217 1874 2237 1897 1)
2254 1859 2333 1900 Pa-

1306 1934 1369 1973 tet
1391 1932 1543 1983 etiam,
1567 1943 1698 1984 quam
1717 1930 2026 1971 rationabiliter
2045 1930 2333 1983 Evangelista‚

1307 2004 1402 2044 licet
1431 2004 1482 2044 de
1514 2002 1745 2044 sacerdotio
1777 2001 1927 2043 Christi
1955 2002 2166 2053 intendat,
2194 2005 2338 2043 tamen

1306 2087 1462 2127 regum
1493 2077 1533 2116 et
1554 2074 1822 2115 sacerdotum
1848 2076 2020 2127 tempus
2052 2074 2266 2125 enuntiet,
2291 2075 2340 2116 ut

1307 2146 1498 2187 ostendat
1515 2145 1665 2186 Christi
1695 2145 1977 2186 sacerdotium
2009 2145 2136 2185 simul
2168 2148 2209 2186 et
2235 2157 2337 2197 reg-

1308 2230 1415 2258 num
1451 2228 1538 2257 6556
1574 2218 1850 2269 conjunctum
1880 2230 1889 2254 ε
1923 2218 1964 2256 61
1997 2227 2072 2268 per
2107 2217 2339 2268 utrumque

1308 2289 1457 2342 probat
1476 2290 1644 2341 tempus
1664 2287 1871 2329 adventus
1888 2288 2002 2340 ejus,
2029 2289 2070 2327 et
2090 2285 2219 2327 simul
2240 2298 2341 2338 reg-

1309 2372 1416 2401 num
1436 2371 1601 2410 eorum,
1620 2359 1661 2399 id
1682 2362 1744 2399 est
1760 2390 1771 2409 ,
1791 2358 2038 2399 Judaeorum
2059 2360 2100 2398 et
2122 2357 2337 2410 gentium,

1310 2432 1410 2485 quia
1442 2434 1674 2483 utrumque
1707 2430 1835 2470 simul
1860 2431 2036 2470 venerat
2068 2429 2265 2482 copulare
2295 2428 2342 2468 in

1310 2515 1462 2544 unum.
1484 2502 1589 2543 Item
1602 2501 1697 2551 hoc‚
1719 2500 1762 2541 id
1774 2502 1835 2541 est
1852 2499 1873 2540 J
1877 2499 2114 2550 udaeorum,
2131 2499 2339 2550 divisum3

1311 2579 1352 2617 et
1371 2575 1498 2625 illud,
1518 2574 1561 2615 id
1581 2575 1643 2614 est
1681 2571 1898 2624 gentium,
1921 2582 2059 2611 unum
2083 2584 2093 2611 z
2115 2570 2217 2623 quia
2237 2582 2341 2623 gen-

1312 2647 1420 2688 tium
1441 2644 1657 2699 plenitudo
1687 2642 1865 2684 debebat
1896 2642 2076 2692 intrare,
2101 2644 2142 2682 et
2171 2641 2344 2683 Judaeo-

1313 2731 1410 2760 rum
1439 2715 1669 2758 multitudo
1702 2713 1891 2766 dispergi
1922 2716 2093 2766 propter
2126 2717 2344 2766 peccatum

1313 2787 1634 2831 incredulitatis,

1368 2862 1543 2902 Factum
1573 2860 1633 2900 est
1656 2855 1827 2899 verbum
1843 2886 1855 2906 ‚
1877 2856 1954 2896 etc.
1980 2854 2056 2894 Hic
2076 2854 2348 2895 commenda-

1316 2936 1387 2974 tur
1403 2932 1575 2974 Joannis
1594 2926 1837 2982 praedicatio
1859 2925 1911 2966 ab
1931 2925 2057 2966 officii
2081 2926 2343 2978 auctoritate,

1318 3017 1447 3059 quam
1468 3003 1605 3058 primo
1635 2998 1903 3041 commendat
1920 2996 2193 3049 Evangelista
2208 3009 2262 3038 ex
2283 3009 2346 3038 se-

1318 3078 1434 3131 ipsa3
1459 3073 1642 3117 secundo
1662 3083 1765 3114 vero
1794 3083 1847 3111 ex
1866 3069 2130 3110 attestatione
2161 3070 2350 3123 prophe-

1319 3149 1422 3199 tica,
1439 3146 1495 3187 ibi
1516 3157 1527 3186 ε
1548 3145 1673 3187 Sicut
1695 3142 1904 3194 scriptum
1924 3143 1986 3184 esc
1999 3171 2012 3191 ‚
2035 3142 2113 3181 etc.
2135 3139 2348 3189 Quantum

1321 3220 1374 3262 ad
1404 3218 1594 3272 primum
1615 3247 1626 3266 ,
1659 3212 1896 3255 notandum
1921 3242 1934 3262 ,
1976 3210 2091 3264 quod
2126 3212 2353 3254 auctoritas

1321 3290 1474 3335 Joanni
1493 3287 1717 3330 commissa
1749 3282 2071 3326 commendatur
2089 3294 2114 3322 a
2134 3282 2288 3337 tribus,
2310 3283 2354 3325 id

1323 3424 1413 3461 Jud..
1433 3423 1491 3455 lib.
1516 3422 1558 3462 11,
1577 3430 1608 3453 6.
1629 3427 1678 3452 xi.
1694 3435 1736 3443 -
1753 3417 1767 3440 ³
1782 3417 1982 3457 Gen.,xr„»x,
2004 3417 2056 3447 10.
2075 3428 2117 3442 —-
2135 3414 2150 3437 δ
2169 3416 2250 3456 Im„
2266 3423 2354 3454 xxn,

1328 3475 1380 3507 19,
1396 3470 1464 3496 -5
1487 3469 1590 3515 ibid„v
1606 3470 1658 3504 21,
1682 3467 1733 3498 22.
1753 3481 1794 3488 ·—
1816 3466 1828 3484 ⁶
1847 3463 1962 3504 Hebr„
1982 3470 2043 3503 vn,
2066 3464 2120 3495 12.
2139 3478 2179 3487 --
2196 3463 2205 3482 's
2221 3463 2356 3502 Jerem.,

1326 3528 1403 3561 vm,
1423 3521 1454 3551 7.
1476 3534 1516 3542 —
1533 3516 1546 3539 ⁸
1566 3517 1659 3554 Luc„
1678 3521 1742 3553 xll,
1763 3514 1816 3544 56.
