2634 3853
161 2226 263 2253 Pulve-

124 2275 185 2293 rem
211 2275 262 2301 pe-

123 2308 193 2334 dum
212 2316 261 2336 ex—

123 2353 230 2384 cutere,

125 2395 204 2431 quid.

300 286 375 323 4502

299 368 576 422 impatientiae
603 369 736 408 mater
764 370 825 407 est
853 367 1071 419 superbia,
1101 378 1197 419 quae
1223 378 1321 406 cum

298 440 414 480 nullo
438 442 571 492 potest
603 439 647 478 in
670 450 769 490 pace
794 437 1049 487 cohabitare,
1088 436 1320 476 secundum

296 511 398 550 illud
422 513 453 550 ¹:
477 527 493 547 1(
516 510 626 549 Inter
647 508 848 559 superbos
867 519 1032 559 semper
1048 507 1212 559 jurgia.
1232 522 1250 543 ›)
1270 506 1319 546 Et

296 582 499 632 quoniam
527 592 639 619 vera:
666 578 915 617 humilitatis
935 577 1169 617 6511111111115
1190 576 1320 617 socie-

296 654 423 691 tatem
458 661 677 698 recusare,
711 660 787 688 nec
823 648 951 688 etiam
988 648 1058 687 alii
1089 659 1320 688 onerosum

296 734 402 764 esse,
428 721 519 759 ideo
549 720 600 759 ad
628 719 923 771 perfectionem
945 719 1197 759 humilitatis
1217 719 1317 758 sub--

294 791 517 840 1111111·1ν.ῖ“»)
533 805 541 828 ;
562 790 609 828 Et
620 790 868 841 quicumque
887 800 973 829 uon
988 790 1216 840 receperint
1228 783 1315 837 ties,

292 861 554 913 despiciendo
571 861 724 900 seilicet
738 863 922 900 vestram
940 861 1188 908 doctrinam,
1211 860 1318 899 sicut

289 931 349 970 illi
375 932 448 984 qui
472 933 598 972 ctiam
630 932 856 971 Dominum
886 945 971 973 non
993 934 1242 984 receperunt
1268 932 1281 952 ‘³
1305 946 1313 971 :

296 1018 313 1039 «
336 1002 381 1042 ln
409 1004 577 1055 propria
604 1003 734 1052 venit,
770 1006 810 1042 et
830 1004 893 1042 sui
915 1015 1015 1043 enm
1038 1015 1123 1042 non
1144 1013 1314 1054 recepe-

288 1077 404 1113 runt.
428 1089 445 1110 »
473 1074 521 1114 Ε1
541 1074 640 1126 quia
671 1074 751 1113 hoc.
784 1077 845 1112 est
866 1086 1077 1124 magnum
1099 1073 1313 1121 delictum,

288 1145 354 1183 cui
377 1156 462 1183 non
482 1147 543 1183 est
565 1143 988 1193 communicandum,
1023 1144 1115 1184 ideo
1147 1143 1313 1184 subdit:

287 1215 501 1256 Eoeeuntes
521 1215 571 1255 de
591 1215 766 1256 civitate
782 1214 872 1265 illa,
896 1215 1143 1255 declinando
1163 1215 1317 1255 scilicet

286 1299 434 1327 eorum
457 1286 706 1339 nequitiam,
728 1287 852 1338 Juxta
871 1286 975 1326 1111111
996 1287 1008 1308 ³
1031 1300 1039 1326 :
1080 1301 1098 1323 «
1124 1285 1316 1325 Recedite

285 1369 308 1396 a
331 1356 610 1397 tabernaculis
630 1356 855 1395 hominum
887 1356 1116 1408 impiorum
1131 1387 1141 1403 ,
1177 1358 1218 1395 61
1237 1367 1313 1395 110-

284 1427 356 1466 1116
374 1430 550 1478 16113616
571 1438 668 1478 quae
690 1426 740 1466 ad
761 1438 831 1466 eos
851 1426 1073 1478 pertinent,
1103 1438 1155 1466 116
1174 1426 1311 1467 invol-

286 1499 446 1538 vamini
480 1499 524 1537 in
556 1498 734 1550 peccatis
772 1509 933 1538 eorum.
968 1512 986 1535 ))
1027 1497 1076 1536 Ε1
1110 1496 1312 1537 13(ιῑα8’*;

291 1569 540 1618 «Recedite,
576 1568 777 1616 recedite,
812 1568 923 1607 exite
952 1567 1072 1616 111116,
1103 1566 1315 1619 pollutum

285 1641 413 1680 nolite
433 1643 656 1691 tangere.»
682 1638 733 1678 Et
751 1638 955 1679 Jeremz'us
971 1642 983 1662 ὅ
1007 1650 1016 1678 :
1045 1637 1315 1688 «Relinquite

285 1712 498 1760 civitateS,
526 1713 566 1750 et
591 1709 775 1749 habitate
798 1709 841 1748 in
862 1712 992 1761 petra.
1018 1723 1036 1745 »
1066 1708 1116 1748 Et
1137 1708 1238 1758 hoc,
1261 1719 1314 1747 ne

284 1782 559 1834 inquinentur
578 1780 771 1820 sordibus
799 1779 964 1828 alienis3
996 1781 1167 1830 propter
1199 1777 1314 1829 quod

282 1854 395 1893 addit
422 1867 431 1893 ε
464 1853 607 1894 Etiam
642 1852 857 1904 pulverem
892 1849 1048 1902 pedum
1082 1851 1314 1890 vestrorum

285 1925 469 1966 excutite
492 1924 536 1964 iu
557 1924 843 1966 testimonium
872 1931 1004 1972 supra
1023 1919 1118 1961 illos
1135 1950 1147 1968 ‚
1169 1919 1221 1959 ad
1244 1931 1313 1960 os-

283 1995 541 2035 tendendum
553 1994 706 2034 scilicet
718 1995 902 2033 vestran:
913 1990 1214 2031 innocentiam.
1227 1989 1314 2030 Hoc

283 2067 471 2106 fecerunt
489 2065 704 2105 Barnabas
723 2067 763 2103 et
779 2062 932 2103 Paulus
944 2094 953 2111 ,
971 2062 1021 2102 de
1042 2062 1197 2114 quibus
1218 2061 1314 2101 dici-

282 2137 389 2187 11116,
415 2136 526 2188 quod
544 2146 748 2176 «excusso
760 2134 934 2186 pulvere
947 2133 1102 2184 pedum
1119 2144 1309 2184 suorum,

282 2209 493 2246 venerunt
530 2205 732 2245 iconium.
761 2218 780 2240 »
823 2203 1048 2244 Pulverem
1083 2206 1226 2242 autem
1261 2203 1312 2243 de

283 2277 459 2329 pedibus
479 2278 698 2326 excutere,
727 2278 789 2315 est
815 2273 923 2313 nihil
954 2273 1005 2313 de
1033 2285 1144 2314 vana
1171 2273 1312 2313 homi-

282 2360 388 2388 num
408 2347 544 2398 gloria
564 2345 806 2398 permittere
827 2344 913 2384 suis
935 2343 1154 2384 affectibus
1170 2343 1311 2384 6111166-

282 2430 390 2458 rere.
419 2417 537 2458 Vana
555 2416 670 2456 enim
691 2415 829 2467 gloria
857 2417 968 2454 recte
988 2426 1063 2467 per
1089 2414 1311 2466 pulverem

285 2488 549 2539 designatur,
584 2498 679 2540 quae
704 2486 894 2526 elevatur
913 2497 988 2537 per
1019 2488 1211 2535 ventum,
1240 2496 1311 2524 se-

282 2560 470 2601 cundnm
490 2559 594 2599 illud
615 2557 774 2600 Psalmi
790 2561 803 2583 ⁷
827 2572 835 2598 ε
862 2556 983 2597 «Erit
1004 2559 1208 2609 tanquam
1220 2556 1312 2609 pul-

281 2631 362 2681 vis,
388 2642 514 2682 quem
535 2629 701 2681 proj‘icit
720 2631 874 2668 ventus
897 2641 921 2668 a
945 2627 1048 2667 facie
1067 2630 1207 2668 terrae.
1236 2641 1255 2664 »

335 2704 373 2740 6.
410 2701 580 2752 Ege-esst
609 2703 746 2742 autem
774 2698 1075 2748 circumibunt,
1110 2701 1189 2738 etc.
1213 2697 1312 2738 Post

281 2771 574 2810 auctoritatem
594 2769 862 2810 commissam
889 2772 929 2810 et
955 2769 1219 2809 honestatem
1240 2769 1310 2808 in-

277 2843 485 2892 Junctam,
518 2840 744 2892 subjungit
780 2840 849 2880 hic
879 2840 1003 2880 tertio
1037 2839 1310 2890 Evangelista

282 2912 504 2951 utilitatem
518 2911 582 2962 adj
592 2913 775 2950 unctam.
791 2909 1061 2961 Quadruplex
1071 2912 1214 2949 autem
1226 2909 1310 2949 uti-

282 2981 377 3021 litas
397 2981 628 3021 ostenditur
646 2981 698 3021 ad
723 2980 1064 3033 praedicationem
1085 2980 1309 3032 Apostolo-

281 3064 380 3092 rum
409 3053 655 3101 snbsecuta,
690 3051 844 3091 scilicet
866 3050 1061 3091 excitatio
1082 3051 1308 3091 hominum

281 3123 333 3162 ad
354 3122 625 3170 audiendum,
644 3121 835 3161 excitatio
855 3121 1117 3161 audientium
1137 3121 1188 3160 ad
1203 3133 1306 3161 con·

280 3192 515 3241 ferendum,
539 3191 732 3230 excitatio
752 3191 1059 3231 conferentium
1087 3191 1139 3231 ad
1166 3190 1306 3231 admi-

279 3263 486 3313 randum,
509 3261 702 3302 excitatio
722 3261 1029 3301 admirantium
1060 3261 1112 3301 ad
1136 3261 1303 3313 conspi-

278 3333 490 3373 ciendum.
514 3331 709 3373 Primum
729 3343 834 3382 ergo
849 3363 859 3382 ,
883 3335 1092 3383 quantum
1119 3331 1172 3371 ad
1191 3331 1305 3371 exci-

278 3404 478 3444 tationem
497 3402 723 3443 hominum
743 3402 795 3441 ad
819 3402 1094 3453 audiendum,
1118 3401 1271 3442 dicitur
1290 3414 1301 3442 :

319 3510 327 3529 ¹
350 3510 459 3550 Prota,
478 3516 560 3547 xiii,
578 3509 628 3539 10.
653 3523 692 3529 —
717 3506 731 3526 ²
753 3507 858 3541 Jocm„
884 3515 909 3545 1,
932 3509 978 3538 11.
1000 3524 1041 3529 -
1059 3507 1071 3525 ³
1092 3506 1206 3546 Num„
1228 3515 1302 3547 XVI,

276 3556 329 3586 26.
346 3573 385 3578 —
403 3556 416 3577 4
435 3558 515 3595 lsu„
532 3563 592 3594 Lu,
614 3557 664 3586 11.
678 3570 718 3576 —
738 3553 748 3570 ⁵
764 3553 897 3593 levem„
918 3561 1041 3593 vani,
1059 3555 1167 3584 211-
1183 3556 1194 3571 ⁶
1210 3556 1302 3593 Act„

1032 277 1311 320 EVANGELII
1338 277 1525 319 SANCTI
1555 278 1703 320 LUCAE

1396 367 1567 419 Eqresst
1589 372 1730 409 autem
1740 366 2021 409 circumibant
2028 378 2104 419 per
2114 367 2286 411 castella
2299 379 2423 411 evan-

1395 437 1630 488 qeltzantes
1649 441 1684 479 et
1701 440 1896 478 curantes
1916 437 2084 490 ubique,
2106 439 2165 480 ita
2185 442 2233 480 ut
2247 442 2339 492 jam
2357 439 2420 480 in-

1396 507 1550 559 ciperet
1567 508 1731 560 impleri
1759 507 1863 547 illud
1888 507 1902 529 ⁸
1924 521 1932 547 :
1960 523 1979 545 «
2010 508 2056 548 In
2076 521 2245 549 omnem
2264 513 2422 550 terram

1395 578 1527 618 exivit
1548 590 1675 618 sonus
1694 590 1840 619 eorum
1855 610 1866 628 ,
1896 580 1937 617 et
1955 578 1998 617 in
2019 579 2123 619 fines
2151 581 2264 620 orbis
2295 583 2420 621 terrae

1393 648 1524 688 verba
1543 660 1706 689 eorum.
1729 663 1747 686 ›>
1773 649 1885 689 Licet
1910 648 2025 688 enim
2048 660 2134 689 non
2153 661 2299 690 omnes
2317 651 2417 691 doc-

1394 718 1548 758 trinam
1571 732 1719 759 eorum
1738 721 1955 777 caperent,
1982 721 2123 758 tamen
2149 723 2318 771 propter
2339 721 2418 761 mi-

1394 788 1534 828 racula
1562 790 1761 831 volebant
1791 789 2025 830 doctrinam
2047 789 2207 829 audire.
2229 788 2344 830 Unde
2361 791 2421 831 di-

1393 858 1502 898 citur
1520 864 1533 883 ⁹
1557 874 1566 899 ι
1585 874 1603 898 <‹
1627 859 1901 899 Intendebant
1921 861 2061 898 autem
2083 858 2222 898 turhae
2243 858 2308 899 his
2328 872 2423 912 quae

1393 941 1416 969 a
1432 928 1626 982 Philippo
1645 930 1908 980 dicebantur,
1931 929 2191 970 unanimiter
2205 929 2423 970 audientes

1392 1004 1432 1040 61
1469 1001 1659 1042 videntes
1691 1002 1816 1053 signa
1845 1011 1942 1053 quae
1974 1000 2162 1041 faciebat.
2196 1014 2215 1038 »
2248 999 2298 1041 Et
2330 1000 2423 1040 ideo

1392 1071 1460 1110 isti
1481 1083 1567 1111 non
1589 1071 1728 1111 solum
1750 1071 2059 1124 praedicabant3
2083 1070 2153 1110 sed
2173 1070 2301 1111 etiam
2321 1071 2418 1111 ubi-

1392 1153 1475 1192 que
1507 1141 1728 1191 curabant,
1770 1144 1818 1181 ut
1849 1153 1997 1182 omnes
2027 1141 2167 1182 studio
2202 1153 2352 1181 eorum
2383 1144 2423 1181 et

1392 1213 1522 1252 verbo
1533 1216 1574 1252 et
1585 1212 1711 1263 signo
1730 1212 2014 1253 excitarentur
2026 1212 2077 1252 ad
2088 1211 2361 1252 audiendum.
2375 1211 2423 1251 111

1392 1295 1476 1334 quo
1498 1283 1732 1335 explicatur
1758 1296 1845 1323 non
1877 1283 2015 1323 solum
2046 1282 2291 1323 auditorum
2310 1281 2423 1323 utili·

1390 1357 1469 1403 tas,
1494 1355 1565 1394 sed
1580 1358 1620 1394 et
1634 1354 1961 1407 praedicatorum
1981 1353 2172 1394 fidelitas.
2191 1353 2295 1402 Quia
2309 1353 2422 1394 enim

1390 1425 1692 1473 circumibant,
1716 1425 1997 1465 ostenduntur
2016 1425 2230 1464 immunes
2250 1426 2302 1464 ab
2323 1425 2421 1465 otio-

1391 1494 1530 1545 sitate3
1545 1495 1916 1547 qui-apercastelltt,
1929 1495 2142 1535 immunes
2152 1495 2205 1535 ab
2218 1495 2396 1536 elatione
2408 1509 2417 1546 ;

1389 1565 1491 1616 quia
1531 1567 1903 1618 evauqelt'zuutes,
1938 1566 2154 1606 immunes
2184 1578 2209 1605 a
2240 1566 2417 1617 nugaci-

1390 1638 1494 1686 tate;
1518 1637 1618 1689 qnia
1634 1642 1832 1678 curantes
1850 1636 2015 1688 ubique,
2040 1637 2252 1676 immunes
2273 1649 2297 1676 a
2322 1648 2418 1688 per-

1389 1719 1590 1747 sonarum
1610 1707 1860 1759 acceptione.
1881 1707 1931 1747 Et
1951 1707 2044 1747 ideo
2057 1708 2188 1747 finem
2208 1707 2421 1748 habebant

1388 1778 1433 1818 in
1453 1790 1510 1830 56,
1542 1779 1616 1831 qui
1635 1781 1697 1819 est
1717 1778 1930 1818 sufficiens
1951 1779 2003 1819 ad
2023 1778 2356 1831 persuasionem,
2379 1782 2420 1820 et

1388 1848 1630 1889 auditorum
1649 1848 1962 1889 excitationem.
1989 1848 2040 1889 Et
2071 1849 2224 1890 1116651
2254 1850 2419 1901 primus

1387 1920 1487 1960 finis
1507 1923 1547 1961 et
1564 1921 1792 1973 generalis.

1442 1991 1662 2032 Secundus
1685 1992 1802 2043 finis,
1838 1992 1927 2033 sive
1948 1991 2106 2031 utilitas
2126 1991 2336 2044 specialis,
2359 1995 2420 2032 est

1389 2062 1586 2102 excitatio
1605 2062 1872 2103 audientium
1886 2061 1938 2102 ad
1952 2062 2269 2102 conferendum.
2283 2061 2420 2110 Quan-

1387 2135 1480 2172 tum
1502 2133 1553 2173 ad
1574 2133 1684 2172 hanc
1704 2133 1859 2177 dicitur
1883 2135 1940 2183 (x.
1973 2134 2009 2183 7)
2031 2146 2040 2172 :
2064 2132 2251 2174 Audivic
2282 2135 2418 2174 autem

1388 2202 1573 2244 Herodes
1593 2203 1804 2245 tetrarcha
1824 2204 1968 2244 omnia
1989 2213 2082 2255 quoe
2101 2203 2261 2253 flebant
2283 2203 2334 2243 ab
2357 2213 2415 2253 eo,

1385 2272 1444 2313 ita
1475 2274 1588 2326 quod
1621 2275 1733 2314 fama
1767 2274 1953 2314 nominis
1986 2273 2137 2314 Christi
2164 2285 2248 2313 non
2280 2273 2417 2313 solum

1385 2355 1460 2395 per
1498 2344 1718 2396 Apostolos
1755 2344 2020 2385 deferebatur
2053 2343 2105 2383 ad
2138 2342 2304 2395 plebes,
2344 2343 2416 2384 sed

1386 2413 1512 2453 etiam
1532 2415 1584 2454 ad
1606 2426 1752 2466 reges,
1789 2414 1897 2454 sicut
1930 2414 1981 2454 de
2012 2413 2145 2454 Paulo
2176 2414 2329 2454 dicitur
2350 2415 2378 2436 ¹⁰
2400 2426 2410 2454 z

1391 2499 1411 2522 «
1429 2483 1512 2525 Vas
1532 2484 1746 2525 electionis
1775 2489 1837 2525 est
1857 2484 1964 2525 mihi
1989 2484 2087 2534 iste,
2109 2487 2157 2524 ut
2183 2487 2320 2536 portet
2337 2496 2415 2525 no-

1385 2566 1485 2594 men
1506 2566 1653 2595 meum
1682 2567 1825 2596 coram
1847 2555 2046 2607 gentibus
2079 2556 2120 2594 et
2151 2554 2352 2605 regibus,
2375 2557 2416 2595 et

1385 2625 1482 2665 filiis
1504 2625 1647 2666 Israel.
1666 2625 1757 2678 Ego
1784 2626 1898 2667 enim
1917 2624 2135 2666 ostendam
2154 2624 2234 2676 illi,
2259 2628 2417 2678 quanta

1384 2699 1575 2749 oporteat
1593 2709 1694 2738 eum
1715 2709 1792 2750 pro
1812 2697 1986 2739 nomine
2006 2708 2101 2737 meo
2120 2697 2221 2749 pati.
2243 2711 2263 2735 »
2299 2696 2414 2738 Unde

1380 2767 1472 2818 jam
1506 2767 1718 2808 auditores
1750 2770 1945 2820 poterant
1975 2767 2112 2808 dicere
2142 2766 2270 2817 illud,
2303 2767 2415 2819 quod

1385 2836 1588 2876 dixerunt
1615 2837 1858 2878 Gabaonitae
1878 2837 2006 2878 Josue
2027 2838 2053 2859 ¹1
2084 2849 2094 2877 t
2122 2836 2414 2879 «Audivimus

1384 2906 1542 2947 samam
1561 2908 1761 2959 potentiae
1782 2907 1854 2948 Dei
1874 2907 1953 2958 tui,
1975 2909 2125 2948 cuncta
2144 2919 2240 2959 quae
2259 2906 2354 2947 fecit
2370 2907 2414 2946 in

1383 2976 1584 3030 AEgypto,
1614 2981 1654 3018 et
1673 2978 1841 3019 duobus
1859 2978 2122 3031 principibus
2141 2977 2414 3018 Amorrhaeo-

1383 3060 1501 3098 rum,
1536 3048 1609 3100 qui
1644 3049 1817 3088 fuerunt
1843 3051 1958 3088 trans
1987 3047 2234 3097 Jorda11em,
2272 3046 2413 3088 Sehon

1383 3118 1478 3169 regi
1498 3118 1714 3168 Ilesebon,
1742 3120 1782 3158 et
1813 3117 1879 3169 03
1898 3116 1989 3168 regi
2011 3116 2168 3168 Basan,
2197 3117 2412 3170 quierant

1382 3189 1428 3228 in
1449 3189 1663 3229 Astaroth.
1690 3188 1979 3238 Dixeruntque
1999 3187 2121 3227 nobis
2145 3187 2350 3238 561110165,
2372 3190 2412 3228 61

1382 3271 1530 3300 omnes
1549 3259 1805 3299 habitatores
1831 3259 1954 3297 terrae
1973 3260 2128 3298 nostrae
2147 3270 2157 3298 ε
2178 3258 2299 3300 Servi
2320 3269 2412 3299 ves-

1383 3330 1438 3369 tri
1458 3340 1632 3379 sumus,
1663 3328 1799 3368 foedus
1828 3327 1929 3366 inite
1960 3327 2198 3368 nobiscum.
2222 3343 2241 3365 »
2276 3328 2326 3368 Et
2358 3340 2411 3369 ex

1380 3399 1463 3441 hoc
1481 3399 1629 3441 auditu
1646 3398 1853 3439 excitatus
1873 3399 1935 3438 est
1958 3398 2011 3438 ad
2030 3398 2347 3451 inquirendum,
2371 3401 2412 3439 et

1382 3515 1467 3546 11111,
1490 3508 1540 3537 152
1559 3522 1600 3527 —
1622 3505 1634 3525 ⁷
1655 3505 1745 3536 Psul.
1766 3512 1789 3542 i,
1810 3507 1841 3535 4.
1859 3521 1899 3526 —
1919 3504 1932 3525 ⁸
1951 3504 2042 3536 Psal.
2063 3513 2163 3545 xviii,
2181 3507 2211 3538 5.
2232 3522 2272 3529 —
2289 3506 2302 3526 ⁹
2322 3505 2409 3545 Act„

1382 3562 1456 3592 vin,
1477 3554 1507 3584 6.
1527 3568 1569 3574 —
1590 3552 1615 3573 ²⁰
1636 3551 1735 3592 lbid„
1754 3559 1802 3592 lx,
1824 3553 1874 3591 15,
1899 3552 1946 3582 16.
1963 3567 2005 3574 -
2026 3553 2048 3574 ¹¹
2069 3553 2152 3592 JOS„
2172 3560 2221 3593 111,
2239 3554 2330 3584 9-11.
