2634 3853
266 73 344 112 :260

264 171 417 212 parans
433 159 485 200 ad
498 159 755 201 audiendum
770 159 847 200 fuit
862 161 1078 211 pastorum
1098 158 1285 208 attentio,

264 242 360 283 quae
387 233 528 272 ortum
558 230 704 271 habuit
732 243 756 270 a
784 229 938 282 duplici
964 240 1108 276 causa,
1135 228 1290 268 scilicet

263 312 317 341 ex
345 301 526 354 propriae
562 300 850 341 sollicitudinis
884 298 1130 350 vigilantia,
1165 302 1205 339 et
1236 312 1289 339 ex

262 371 445 422 angelici
471 370 643 410 luminis
663 369 1046 420 circumfulgentia.
1074 369 1288 418 Quantum

261 441 312 481 ad
337 440 605 492 vigilantiam
639 440 820 491 propria}
850 439 1160 489 sollicitudinis,
1185 441 1287 481 dici-

259 514 347 551 tur:
369 511 424 553 Ec
442 514 635 562 pastores
656 514 778 552 erant
800 511 847 552 in
867 512 1035 564 ’10910710
1055 512 1199 554 eadem
1219 514 1285 554 vi-

258 582 454 634 qz‘lantes.
478 581 564 621 IIoc
590 581 725 633 igitur
747 584 905 634 spectat
928 582 980 622 ad
1002 583 1205 635 pastorale
1227 584 1289 623 of-

257 653 416 692 ficium.
440 651 557 693 Unde
573 651 701 693 Jacob
723 656 867 705 pastor
886 654 1035 694 ovium
1064 654 1206 694 Laban
1226 654 1287 694 di-

256 723 374 763 cebat
406 724 448 763 ¹:
483 738 501 761 «
540 723 613 763 Die
644 726 855 776 noctuque
886 726 994 764 aestu
1031 725 1219 776 urgebar
1248 728 1286 764 et

255 794 377 846 gelu,
402 794 678 847 fugiebatque
697 807 873 835 somnus
893 795 945 835 ab
967 795 1098 835 oculis
1119 795 1239 835 meis.
1261 809 1280 832 ))

255 864 305 904 Et
339 865 391 905 ad
433 865 607 917 majoris
646 865 890 905 attentionis
928 866 1283 917 insinuationem,

254 936 419 976 subdit:
441 937 497 978 Ec
515 936 801 979 custodientes
815 937 991 989 riqc'lz'as
1006 938 1143 978 noctis
1160 947 1288 989 super

253 1016 415 1059 qreyem
438 1018 576 1048 suum.
601 1006 729 1047 Nocte
750 1008 864 1047 enim
887 1007 1153 1059 potissimum
1173 1008 1284 1059 vigi-

254 1077 428 1117 landum
448 1080 531 1128 est,
554 1081 724 1130 propter
746 1078 941 1118 hostilem
972 1078 1194 1118 incursum
1216 1090 1285 1118 re-

254 1147 512 1200 pellendum,
526 1147 727 1200 luporum
743 1148 896 1189 scilicet
910 1149 1190 1189 etlatronum.
1207 1148 1287 1189 Per

253 1217 334 1259 1100
352 1221 494 1258 autem
523 1219 769 1260 insinuatur
789 1219 1017 1272 spiritualis
1038 1220 1282 1271 vigilantia,

253 1301 349 1342 quae
380 1290 503 1330 debet
533 1302 622 1330 esse
655 1290 699 1330 in
727 1290 925 1342 praelatis.
958 1289 1076 1330 Unde
1102 1295 1142 1330 2:
1173 1305 1192 1328 «
1222 1290 1286 1331 Tu

253 1372 355 1400 vero
386 1360 550 1412 vigila:
583 1361 627 1400 in
655 1361 852 1401 omnibus
885 1361 1050 1412 labora3
1082 1373 1189 1413 opus
1223 1362 1285 1401 fac

252 1431 554 1483 evangelistae:
579 1431 862 1472 ministerium
888 1435 1011 1473 tuum
1040 1433 1194 1485 imple:
1216 1445 1283 1473 so-

251 1502 373 1542 brius
395 1505 499 1543 esto.
522 1517 540 1540 »
559 1502 609 1543 Et
630 1502 723 1542 ideo
747 1502 785 1542 3:
815 1517 834 1541 α
856 1503 1028 1543 Obedite
1048 1504 1284 1556 praepositis

251 1572 424 1622 vestris,
447 1575 487 1612 et
507 1572 722 1623 subjacete
742 1572 827 1611 eis:
851 1572 930 1624 ipsi
951 1572 1065 1612 enim
1095 1573 1283 1624 pervigi-

250 1642 338 1682 lant
371 1642 490 1694 quasi
522 1642 729 1683 rationem
762 1654 839 1694 pro
875 1642 1099 1683 animabus
1135 1644 1286 1684 vestris

250 1712 470 1753 reddituri.
494 1727 513 1750 >>
541 1711 647 1761 Quia
664 1716 701 1753 ¹:
732 1727 751 1750 «
772 1712 853 1761 Qui
873 1716 1038 1766 praeest,
1062 1713 1108 1753 in
1127 1713 1284 1754 sollici-

249 1783 409 1824 tudine.
425 1798 444 1822 »
458 1783 644 1836 Vigilare
658 1784 786 1824 etiam
806 1784 929 1824 debet
947 1785 1123 1837 quilibet
1140 1788 1285 1826 contra

249 1853 416 1894 hostem
430 1854 707 1906 spiritualem,
727 1855 962 1895 secundum
979 1855 1084 1896 illud
1097 1856 1130 1896 5;
1150 1871 1168 1894 ε(
1183 1856 1284 1897 Con-

250 1937 404 1984 surge,
437 1925 563 1966 lauda
583 1926 629 1965 in
654 1929 776 1966 nocte
799 1926 843 1965 in
872 1926 1078 1978 principio
1108 1927 1280 1978 vigilia-

250 2008 381 2037 rum:
412 1996 581 2037 eflunde
610 1996 721 2037 sicut
749 2008 904 2049 aquam
935 2008 1006 2037 cor
1033 2000 1158 2037 tuum
1188 2001 1283 2038 ante

250 2071 519 2121 conspectum
553 2068 750 2108 Domini:
791 2067 883 2108 leva
912 2068 965 2109 ad
998 2080 1098 2108 eum
1130 2081 1283 2109 manus

250 2142 344 2178 tuas
378 2150 455 2191 pro
485 2139 627 2179 anima
664 2139 944 2192 parvulorum
975 2142 1172 2191 tuorum,
1209 2140 1283 2193 qui

249 2209 493 2250 defecerunt
517 2210 626 2250 fame
646 2211 690 2250 in
711 2211 845 2263 capite
864 2211 1058 2251 omnium
1078 2212 1280 2264 compito-

249 2291 362 2320 rum.
390 2295 409 2318 »
435 2280 621 2332 Vigilare
650 2281 776 2321 etiam
803 2281 926 2321 debet
950 2281 993 2320 in
1022 2281 1282 2333 contempla-

248 2351 375 2392 tione.
398 2351 444 2391 In
466 2351 631 2394 Psalmo
645 2352 658 2373 ‘⁵
674 2365 687 2390 :
708 2351 789 2392 «Et
808 2351 897 2392 dixi
916 2366 925 2392 ι
950 2350 1145 2391 Forsitan
1163 2356 1280 2392 tene-

248 2422 339 2463 brae
368 2423 676 2463 conculcabunt
711 2435 799 2473 me3
832 2426 873 2463 et
907 2435 993 2463 11οΧ
1026 2423 1281 2464 illuminatio

250 2505 345 2533 mea
363 2493 408 2533 in
428 2494 584 2534 deliciis
606 2494 726 2534 meis.
749 2508 768 2532 ))
795 2493 844 2534 Et
870 2493 998 2534 Isaias
1015 2498 1028 2519 ⁷
1047 2506 1060 2534 .·
1089 2509 1107 2531 α
1126 2493 1282 2534 Anima

251 2575 346 2603 mea
373 2563 625 2604 desideravit
652 2567 692 2604 te
714 2564 758 2603 in
787 2566 926 2615 nocte,
960 2564 1032 2604 sed
1062 2567 1103 2604 et
1130 2565 1281 2616 spiritu

205 2688 210 2690 γ
251 2644 346 2673 meo
359 2633 404 2673 in
424 2634 666 2686 praecordiis
689 2635 794 2675 meis
813 2635 863 2675 de
884 2647 1009 2675 mane
1026 2635 1215 2686 vigilabo
1229 2637 1281 2677 ad

250 2707 304 2745 te.
324 2719 342 2742 ›)
367 2704 417 2746 Et
436 2706 517 2746 hoc
536 2709 611 2757 est,
636 2707 737 2759 quia
755 2707 850 2747 talis
871 2707 979 2748 hora
996 2709 1195 2760 competit
1215 2709 1276 2749 di-

251 2775 362 2817 vinae
391 2777 672 2829 inspirationi.
695 2777 806 2818 Talis
834 2778 960 2818 etiam
989 2778 1096 2818 hora
1123 2791 1276 2821 conve-

250 2847 391 2886 niebat
416 2847 571 2888 divinae
595 2849 830 2900 nativitati,
859 2850 1094 2890 secundum
1114 2850 1217 2891 illud
1237 2851 1276 2891 ⁸:

256 2932 275 2955 «
296 2917 399 2958 Cum
419 2918 611 2971 quietum
633 2920 846 2961 silentium
866 2921 1099 2962 contineret
1118 2922 1275 2972 onmia,

251 2991 291 3030 et
312 3001 398 3029 nox
424 2990 468 3029 in
500 3002 576 3030 suo
600 3003 725 3032 cursu
753 2992 942 3032 medium
972 2992 1050 3033 iter
1079 2993 1276 3044 haberet,

250 3060 516 3113 omnipotens
538 3073 676 3102 sermo
696 3065 809 3110 tuus,
828 3062 1019 3112 Domine,
1035 3063 1212 3103 exiliens
1229 3064 1279 3104 de

293 3169 301 3189 ¹
325 3168 419 3208 Gen„
451 3176 551 3205 xxm,
583 3171 633 3199 4=·.
661 3186 694 3189 —
723 3169 735 3189 2
762 3169 786 3199 tt
815 3169 913 3205 Tim..
941 3177 985 3208 iv,
1007 3172 1038 3201 5.
1059 3186 1099 3192 —-
1125 3170 1138 3191 3
1164 3170 1277 3210 deora,

250 3222 331 3252 xm,
359 3216 405 3247 17.
431 3231 471 3238 —
496 3215 510 3237 Β
535 3215 639 3253 Rom„
666 3223 734 3254 x11,
761 3216 792 3245 8.
817 3232 858 3238 —-
886 3217 899 3237 ⁵
929 3216 1057 3255 Tmen„
1088 3225 1132 3257 11,
1170 3219 1215 3247 19.
1238 3234 1276 3240 -

250 3260 264 3282 ⁶
286 3261 375 3292 Psal.
402 3269 581 3301 cxxxvm,
611 3264 659 3293 11.
686 3279 726 3284 -
757 3262 766 3279 ⁷
792 3262 873 3295 Iso„
901 3270 1000 3302 xxvi,
1027 3265 1057 3293 9.
1084 3280 1125 3286 --
1153 3265 1164 3281 Β
1184 3264 1276 3304 Sap..

250 3315 356 3348 xviii,
379 3310 428 3340 14.
448 3327 489 3332 —
511 3309 524 3330 ⁹
544 3309 654 3346 Prov„
685 3315 799 3346 xxvn,
824 3310 874 3340 23.
894 3325 936 3331 —-—
956 3309 980 3329 ¹⁰
1007 3309 1120 3350 Zaclz„
1146 3317 1199 3350 xx,
1226 3311 1275 3341 17.

251 3370 289 3378 -
311 3356 333 3376 ¹¹
369 3356 502 3394 Jwem..
529 3364 596 3395 ΧΗ,
621 3357 658 3387 20
681 3357 713 3387 et
737 3364 807 3395 seq.
836 3372 875 3378 -—
906 3356 932 3376 ¹2
952 3356 1051 3395 Dan„
1082 3364 1152 3394 xii,
1188 3361 1209 3386 1.
1237 3375 1273 3379 κ-

994 68 1277 110 EVANGELM
1307 60 1493 111 SANcTi
1525 70 1673 112 LUCAE

1365 159 1490 210 coelo,
1517 162 1556 200 et
1578 172 1602 200 a
1630 158 1853 210 regalibus
1872 159 2040 200 sedibus
2070 161 2199 201 venit..
2224 175 2242 199 ))
2268 162 2318 203 Et
2338 163 2395 203 si-

1366 233 1549 280 gnanter
1579 229 1706 270 dicit:
1735 230 1866 280 Super
1891 240 2052 282 qreqem
2076 242 2226 283 suum,
2249 245 2399 273 500011-

1364 300 1466 340 dum
1505 301 1609 341 illuct
1628 304 1665 339 ¹³:
1697 315 1715 338 <‹
1745 299 1977 350 Diligenter
2006 313 2188 351 agnosce
2226 303 2398 344 vultum

1364 371 1525 421 pecoris
1561 370 1643 420 tui,
1686 372 1868 422 tuosque
1912 381 2068 420 greges
2109 372 2340 412 considera.
2374 388 2392 411 n

1364 440 1516 482 Contra
1537 442 1649 494 quod
1670 442 1822 484 dicitur
1841 442 1867 462 ¹⁰
1885 455 1925 480 z«
1946 441 1976 481 t)
1998 444 2140 492 pastor
2160 445 2200 481 et
2218 442 2397 494 idolum,

1363 512 1661 565 derelinquens
1678 524 1907 563 gregem.»
1924 511 1968 551 Et
1984 510 2218 551 Hieremias
2230 512 2255 533 ¹¹
2273 526 2311 551 :«
2322 511 2402 551 Ubi

1364 586 1426 622 est
1445 595 1579 634 grex,
1601 583 1674 635 qui
1694 583 1815 623 datus
1835 585 1896 623 est
1917 582 2012 630 tibi,
2047 594 2173 634 pecus
2193 582 2399 635 inclytum

1363 656 1513 694 tuum?
1543 654 1651 703 Quid
1676 655 1808 705 dices,
1838 666 1935 694 cum
1962 654 2204 695 visitaverit
2230 657 2304 695 te?
2338 654 2401 696 Tu

1363 725 1475 765 enim
1496 725 1671 766 docuisti
1689 738 1759 766 005
1779 726 2005 767 adversum
2028 727 2082 774 te,
2100 728 2142 765 et
2161 726 2335 766 erudisti
2358 727 2401 766 in

1363 798 1492 848 caput
1512 799 1650 836 tuum.
1675 811 1693 834 ι)

1417 867 1632 915 Quantum
1671 867 1723 907 ad
1761 866 1979 907 circumfnl
1987 868 2182 919 gentiam
2218 867 2400 919 angelici

1362 938 1561 988 luminis,
1585 937 1779 977 subditur
1812 938 1876 988 (v.
1900 941 1924 977 9
1942 940 1982 987 ):
2020 939 2070 979 Ec
2099 949 2186 979 ecce
2215 939 2400 990 Anqelzts

1362 1007 1537 1049 Domini
1556 1008 1674 1050 stetit
1689 1007 1826 1059 Juxta
1847 1008 1962 1058 illos,
1991 1011 2067 1048 etc.
2093 1008 2138 1047 [n
2161 1009 2264 1058 hoc,
2288 1009 2401 1061 quod

1357 1080 1486 1131 juxta
1504 1079 1633 1128 stetit,
1654 1079 1834 1119 ostendit
1852 1079 2183 1120 familiaritatem
2204 1082 2244 1120 et
2263 1080 2401 1120 humi-

1360 1149 1522 1190 litatem
1545 1150 1782 1200 ministerii,
1803 1162 1886 1201 quo
1905 1150 2083 1201 angelus
2104 1151 2401 1192 condescendit

1362 1221 1548 1271 homini,
1572 1223 1613 1261 et
1632 1224 1738 1261 astat
1758 1221 1816 1260 illi
1836 1222 1964 1261 modo
1986 1225 2031 1261 ut
2050 1222 2232 1273 adiutor,
2255 1234 2399 1262 secun-

1363 1292 1466 1332 dum
1492 1292 1596 1332 illud
1622 1293 1670 1332 ¹²:
1702 1307 1721 1329 «
1747 1291 1973 1344 Consurgit
1993 1292 2181 1343 Michael,
2206 1292 2399 1345 princeps

1362 1375 1572 1414 magnus,
1601 1363 1676 1415 qui
1708 1364 1788 1402 stat
1826 1374 1903 1413 pro
1938 1363 2035 1402 tiliis
2074 1363 2219 1415 populi
2253 1363 2339 1413 tui3
2374 1376 2392 1399 ))

1362 1434 1487 1474 modo
1509 1436 1554 1473 ut
1580 1433 1768 1473 eruditor
1797 1435 1838 1473 et
1861 1433 2135 1483 illuminator,
2167 1434 2398 1474 secundum

1361 1503 1467 1544 illud
1489 1505 1539 1544 ¹³:
1567 1519 1584 1542 c<
1605 1503 1814 1555 Apparuit
1842 1503 1880 1543 ei
1901 1502 2088 1552 Gabriel,
2111 1505 2224 1543 stans
2252 1516 2277 1543 a
2296 1504 2398 1544 dex-

1361 1573 1436 1612 tris
1473 1573 1614 1612 altaris
1646 1572 1820 1612 incensi.
1853 1586 1872 1609 ›)
1899 1572 2036 1612 Simili
2072 1572 2196 1613 modo
2235 1575 2275 1613 et
2305 1572 2395 1622 hic;

1362 1644 1474 1684 unde
1493 1644 1743 1684 Ambrosius
1765 1643 1817 1683 ¹¹:
1846 1658 1864 1681 «
1885 1642 2081 1694 Angelus
2101 1642 2299 1694 Mariam,
2322 1656 2397 1684 an-

1363 1715 1486 1766 gelus
1514 1714 1691 1768 Joseph,
1717 1714 1898 1766 angelus
1922 1717 2109 1766 pastores
2129 1715 2286 1755 edocet.
2309 1728 2328 1752 ))
2351 1714 2398 1755 In

1361 1788 1485 1839 cuius
1508 1787 1568 1827 rei
1591 1787 1767 1838 signnm
1796 1785 2017 1826 subditur:
2046 1787 2094 1828 Et
2119 1786 2400 1833 claritaSADei

1364 1857 1651 1908 cz'rcwnfulsz‘t
1672 1857 1782 1907 illos,
1804 1857 1845 1897 id
1863 1859 1925 1896 est
1945 1856 2061 1897 fulsit
2081 1857 2189 1897 circa
2209 1856 2317 1897 illos.
2339 1856 2400 1897 Si-

1361 1928 1461 1968 mile
1480 1928 1634 1968 dicitur
1653 1927 1703 1968 de
1723 1927 1875 1979 angelo
1894 1927 1968 1979 qui
1987 1927 2184 1979 apparuit
2203 1927 2327 1968 Petro
2345 1927 2394 1967 ¹⁵:

1367 2013 1385 2036 «
1403 1997 1507 2037 Ecce
1533 1998 1712 2049 angelus
1742 1997 1910 2037 Domini
1932 1998 2080 2048 astitit,
2104 2000 2145 2037 et
2166 1997 2312 2038 lumen
2330 2009 2396 2038 re-

1360 2068 1477 2107 fulsit
1496 2068 1540 2107 in
1566 2067 1826 2118 habitaculo,
1849 2082 1867 2104 ))
1894 2068 2049 2108 scilicet
2075 2069 2268 2108 carceris.
2300 2068 2396 2109 Ideo

1361 2141 1504 2179 autem
1524 2138 1704 2190 angelus
1722 2138 1792 2178 hic
1810 2137 1957 2178 lumen
1979 2138 2140 2189 attulit,
2164 2138 2265 2191 quia
2283 2138 2397 2179 filius

1360 2209 1466 2249 lucis
1488 2209 1592 2259 fuit3
1617 2212 1657 2249 et
1677 2209 1779 2261 quia
1805 2221 1904 2249 eum
1925 2210 2179 2250 annuntiare
2200 2211 2395 2261 venerat,

1360 2280 1435 2333 qui
1457 2283 1518 2321 est
1542 2281 1567 2301 ¹¹³
1589 2295 1607 2318 (1
1631 2280 1707 2320 1οΧ
1725 2291 1846 2329 vera,
1869 2292 1966 2332 quae
1985 2280 2198 2321 illuminat
2225 2292 2397 2321 omnem

1359 2350 1580 2391 hominem
1601 2350 1841 2391 venientem
1861 2349 1906 2389 in
1926 2350 2042 2390 hunc
2062 2351 2287 2392 mundum.
2310 2364 2329 2387 ))
2348 2349 2398 2390 Et

1361 2421 1453 2462 ideo
1475 2423 1598 2462 nocte
1618 2421 1763 2462 lumen
1783 2421 1942 2469 attulit,
1963 2424 2011 2462 ut
2030 2421 2295 2473 significetur
2314 2420 2394 2460 im-

1358 2491 1464 2544 pleri
1495 2491 1600 2531 mua
1634 2492 1761 2533 isazoe
1792 2492 1818 2513 1⁷
1841 2504 1855 2533 .·
1880 2491 2217 2533 «inhiantibus
2249 2491 2295 2532 in
2327 2503 2394 2531 re-
2444 2480 2449 2481 ’

1361 2563 1489 2613 gione
1509 2562 1674 2602 umbrae
1705 2562 1851 2602 mortis
1876 2562 1955 2602 lux
1985 2565 2076 2603 orta
2106 2564 2168 2602 est
2193 2562 2266 2602 eis.
2288 2575 2307 2599 ›)
2334 2561 2396 2602 Ex

1359 2633 1440 2673 hac
1459 2635 1603 2673 autem
1627 2632 1814 2672 claritate
1832 2636 2020 2684 pastores
2037 2632 2233 2673 sollicitos
2253 2632 2392 2672 reddi-

1357 2704 1438 2753 dit;
1472 2706 1643 2756 propter
1672 2703 1784 2756 quod
1815 2704 2012 2744 subditur
2038 2718 2046 2744 :
2080 2703 2134 2745 Et
2162 2704 2395 2744 timuerunt

1359 2776 1506 2818 timore
1537 2786 1713 2827 maqno,
1748 2775 1855 2815 sicut
1874 2778 1927 2832 *et
1960 2774 2183 2815 Zacharias
2213 2773 2259 2813 in
2291 2786 2390 2814 con-

1357 2852 1505 2902 spectu
1524 2849 1665 2901 angeli
1685 2850 1713 2872 ¹⁸
1736 2864 1744 2890 :
1773 2864 1792 2887 «
1807 2849 1856 2890 Et
1876 2849 2096 2890 Zacharias
2116 2848 2311 2888 turbatus
2331 2850 2394 2888 est

1357 2919 1521 2970 videns,
1544 2922 1585 2960 et
1605 2919 1733 2960 timor
1751 2919 1874 2959 irruit
1891 2931 2017 2971 super
2037 2931 2151 2959 eum.
2175 2918 2257 2959 »Et
2273 2920 2390 2970 nota,

1357 2990 1469 3042 quod
1501 2990 1681 3042 angelus
1720 2991 1860 3042 magis
1898 2990 2095 3042 apparuit
2127 2990 2385 3042 pastoribus,

1356 3073 1485 3114 quam
1505 3061 1576 3102 alii
1595 3061 1742 3113 generi
1765 3061 2015 3101 hominum:
2038 3063 2128 3101 tum
2159 3061 2259 3114 quia
2284 3073 2388 3113 pau-

1355 3145 1498 3185 peres,
1537 3135 1708 3186 propter
1737 3144 1842 3184 quos
1878 3132 2074 3174 veniebat
2103 3132 2293 3174 Christus
2324 3131 2383 3172 ¹⁹:

1356 3263 1383 3285 ¹³
1403 3263 1490 3301 Luc„
1519 3270 1547 3300 1,
1571 3264 1620 3293 11.
1641 3279 1680 3284 -
1705 3261 1731 3283 1⁵
1750 3261 1922 3302 Ambros„
1947 3262 1978 3293 in
2004 3263 2093 3301 Luc„
2120 3262 2178 3294 lib.
2205 3262 2256 3302 11,
2274 3271 2310 3294 11.
2331 3264 2382 3294 51.

1355 3327 1394 3332 -
1412 3310 1438 3332 ¹⁵
1458 3309 1547 3351 Act„
1565 3316 1625 3345 xii,
1646 3309 1677 3339 7.
1698 3326 1739 3332 —-
1758 3309 1784 3330 ¹⁸
1801 3310 1910 3348 ,Ιοιιιμ7
1932 3317 1955 3349 1,
1977 3312 2005 3342 9.
2033 3327 2067 3332 -
2087 3311 2112 3331 ¹⁷
2132 3310 2208 3350 lsa„
2230 3317 2278 3350 IX,
2296 3311 2384 3345 2„—

1357 3358 1382 3378 ¹⁸
1400 3358 1488 3394 Lucu,
1509 3364 1530 3395 1,
1550 3358 1599 3387 12.
1619 3373 1659 3378 —
1681 3358 1704 3377 ¹⁵³
1725 3356 1811 3388 Psal.
1838 3364 1885 3397 xr,
1907 3358 1937 3388 6.
