<?xml version="1.0" encoding="UTF-8"?>
<!DOCTYPE html PUBLIC "-//W3C//DTD XHTML 1.0 Transitional//EN"
    "http://www.w3.org/TR/xhtml1/DTD/xhtml1-transitional.dtd">
<html xmlns="http://www.w3.org/1999/xhtml" xml:lang="en" lang="en">
 <head>
  <title>
</title>
<meta http-equiv="Content-Type" content="text/html;charset=utf-8" />
  <meta name='ocr-system' content='tesseract 3.04.00' />
  <meta name='ocr-capabilities' content='ocr_page ocr_carea ocr_par ocr_line ocrx_word'/>
</head>
<body>
  <div class='ocr_page' id='page_1' title='image "./operaomniasixtiv10bonauoft/operaomniasixtiv10bonauoft_0281.png"; bbox 0 0 2634 3853; ppageno 0'>
   <div class='ocr_carea' id='block_1_1' title="bbox 970 138 1562 182">
    <p class='ocr_par' dir='ltr' id='par_1_1' title="bbox 970 138 1562 182">
     <span class='ocr_line' id='line_1_1' title="bbox 970 138 1562 182; baseline 0.003 -3"><span class='ocrx_word' id='word_1_1' title='bbox 970 138 1246 180; x_wconf 89' lang='lat' dir='ltr'>EXPOSlTlO</span> <span class='ocrx_word' id='word_1_2' title='bbox 1279 141 1329 181; x_wconf 89' lang='grc' dir='ltr'>ΙΝ</span> <span class='ocrx_word' id='word_1_3' title='bbox 1360 142 1473 182; x_wconf 79' lang='lat' dir='ltr'>CAP.</span> <span class='ocrx_word' id='word_1_4' title='bbox 1510 141 1562 181; x_wconf 91' lang='lat' dir='ltr'>ll.</span> 
     </span>
    </p>
   </div>
   <div class='ocr_carea' id='block_1_2' title="bbox 187 227 1229 2614">
    <p class='ocr_par' dir='ltr' id='par_1_2' title="bbox 188 227 1229 1906">
     <span class='ocr_line' id='line_1_2' title="bbox 209 227 1227 282; baseline -0.003 -11"><span class='ocrx_word' id='word_1_5' title='bbox 209 246 229 271; x_wconf 79' lang='grc' dir='ltr'>α</span> <span class='ocrx_word' id='word_1_6' title='bbox 260 231 435 282; x_wconf 82' lang='lat' dir='ltr'>Propter</span> <span class='ocrx_word' id='word_1_7' title='bbox 468 227 681 268; x_wconf 85' lang='lat' dir='ltr'>miseriam</span> <span class='ocrx_word' id='word_1_8' title='bbox 719 227 895 281; x_wconf 85' lang='lat' dir='ltr'>inopum</span> <span class='ocrx_word' id='word_1_9' title='bbox 939 229 979 268; x_wconf 90' lang='lat' dir='ltr'>et</span> <span class='ocrx_word' id='word_1_10' title='bbox 1017 229 1227 279; x_wconf 81' lang='lat' dir='ltr'>gemitum</span> 
     </span>
     <span class='ocr_line' id='line_1_3' title="bbox 201 298 1220 354; baseline -0.003 -14"><span class='ocrx_word' id='word_1_11' title='bbox 201 310 449 354; x_wconf 87' lang='lat' dir='ltr'>pauperum,</span> <span class='ocrx_word' id='word_1_12' title='bbox 466 310 581 338; x_wconf 90' lang='lat' dir='ltr'>nunc</span> <span class='ocrx_word' id='word_1_13' title='bbox 601 310 833 349; x_wconf 76' lang='lat' dir='ltr'>exurgam,</span> <span class='ocrx_word' id='word_1_14' title='bbox 850 298 948 338; x_wconf 85' lang='lat' dir='ltr'>dicit</span> <span class='ocrx_word' id='word_1_15' title='bbox 968 298 1185 338; x_wconf 86' lang='lat' dir='ltr'>Dominus.</span> <span class='ocrx_word' id='word_1_16' title='bbox 1202 313 1220 336; x_wconf 81' lang='lat'>›&gt;</span> 
     </span>
     <span class='ocr_line' id='line_1_4' title="bbox 198 368 1227 418; baseline 0.001 -9"><span class='ocrx_word' id='word_1_17' title='bbox 198 369 436 410; x_wconf 88' lang='lat' dir='ltr'>Bernardus</span> <span class='ocrx_word' id='word_1_18' title='bbox 456 370 467 390; x_wconf 92' lang='lat'><strong>¹</strong></span> <span class='ocrx_word' id='word_1_19' title='bbox 493 383 501 409; x_wconf 92' lang='lat'><strong>:</strong></span> <span class='ocrx_word' id='word_1_20' title='bbox 531 384 550 407; x_wconf 86' lang='lat'>«</span> <span class='ocrx_word' id='word_1_21' title='bbox 574 368 709 418; x_wconf 89' lang='lat' dir='ltr'>Quam</span> <span class='ocrx_word' id='word_1_22' title='bbox 740 369 875 410; x_wconf 87' lang='lat' dir='ltr'>multa</span> <span class='ocrx_word' id='word_1_23' title='bbox 902 369 1025 409; x_wconf 86' lang='lat' dir='ltr'>hodie</span> <span class='ocrx_word' id='word_1_24' title='bbox 1055 381 1160 409; x_wconf 91' lang='lat' dir='ltr'>auro</span> <span class='ocrx_word' id='word_1_25' title='bbox 1186 372 1227 410; x_wconf 87' lang='lat' dir='ltr'>et</span> 
     </span>
     <span class='ocr_line' id='line_1_5' title="bbox 198 439 1226 492; baseline 0 -11"><span class='ocrx_word' id='word_1_26' title='bbox 198 439 382 492; x_wconf 87' lang='lat' dir='ltr'>gemmis</span> <span class='ocrx_word' id='word_1_27' title='bbox 408 440 577 491; x_wconf 81' lang='lat' dir='ltr'><strong>fulgent</strong></span> <span class='ocrx_word' id='word_1_28' title='bbox 601 440 776 481; x_wconf 79' lang='lat' dir='ltr'>altaria!</span> <span class='ocrx_word' id='word_1_29' title='bbox 799 440 947 488; x_wconf 81' lang='lat' dir='ltr'>Putas,</span> <span class='ocrx_word' id='word_1_30' title='bbox 976 439 1028 479; x_wconf 90' lang='lat' dir='ltr'>ad</span> <span class='ocrx_word' id='word_1_31' title='bbox 1046 440 1138 480; x_wconf 83' lang='lat' dir='ltr'>haec</span> <span class='ocrx_word' id='word_1_32' title='bbox 1158 440 1226 481; x_wconf 90' lang='lat' dir='ltr'>di—</span> 
     </span>
     <span class='ocr_line' id='line_1_6' title="bbox 195 510 1229 562; baseline 0 -11"><span class='ocrx_word' id='word_1_33' title='bbox 195 512 360 552; x_wconf 85' lang='lat' dir='ltr'>vertent</span> <span class='ocrx_word' id='word_1_34' title='bbox 378 511 523 562; x_wconf 87' lang='lat' dir='ltr'>angeli</span> <span class='ocrx_word' id='word_1_35' title='bbox 543 513 583 551; x_wconf 90' lang='lat' dir='ltr'>et</span> <span class='ocrx_word' id='word_1_36' title='bbox 603 522 815 562; x_wconf 88' lang='lat' dir='ltr'>pannosos</span> <span class='ocrx_word' id='word_1_37' title='bbox 834 510 1028 550; x_wconf 87' lang='lat' dir='ltr'>homines</span> <span class='ocrx_word' id='word_1_38' title='bbox 1048 510 1229 551; x_wconf 89' lang='lat' dir='ltr'>declina-</span> 
     </span>
     <span class='ocr_line' id='line_1_7' title="bbox 193 580 1226 633; baseline 0 -11"><span class='ocrx_word' id='word_1_39' title='bbox 193 581 328 622; x_wconf 83' lang='lat' dir='ltr'>bunt?</span> <span class='ocrx_word' id='word_1_40' title='bbox 346 580 389 622; x_wconf 94' lang='lat' dir='ltr'>Si</span> <span class='ocrx_word' id='word_1_41' title='bbox 409 582 465 621; x_wconf 87' lang='lat' dir='ltr'>ita</span> <span class='ocrx_word' id='word_1_42' title='bbox 484 584 559 632; x_wconf 88' lang='lat' dir='ltr'>est,</span> <span class='ocrx_word' id='word_1_43' title='bbox 578 594 655 622; x_wconf 89' lang='lat' dir='ltr'>cur</span> <span class='ocrx_word' id='word_1_44' title='bbox 669 581 808 633; x_wconf 89' lang='lat' dir='ltr'>magis</span> <span class='ocrx_word' id='word_1_45' title='bbox 823 580 1064 633; x_wconf 79' lang='lat' dir='ltr'>pastoribus</span> <span class='ocrx_word' id='word_1_46' title='bbox 1078 582 1226 622; x_wconf 90' lang='lat' dir='ltr'>ovium</span> 
     </span>
     <span class='ocr_line' id='line_1_8' title="bbox 193 652 1225 706; baseline -0.001 -13"><span class='ocrx_word' id='word_1_47' title='bbox 193 656 503 706; x_wconf 89' lang='lat' dir='ltr'>apparuerunt,</span> <span class='ocrx_word' id='word_1_48' title='bbox 538 666 666 706; x_wconf 86' lang='lat' dir='ltr'>quam</span> <span class='ocrx_word' id='word_1_49' title='bbox 701 652 875 703; x_wconf 90' lang='lat' dir='ltr'>regibus</span> <span class='ocrx_word' id='word_1_50' title='bbox 906 654 1031 692; x_wconf 83' lang='lat' dir='ltr'>terrae</span> <span class='ocrx_word' id='word_1_51' title='bbox 1044 683 1054 700; x_wconf 91' lang='lat'>,</span> <span class='ocrx_word' id='word_1_52' title='bbox 1096 664 1225 704; x_wconf 87' lang='lat' dir='ltr'>quam</span> 
     </span>
     <span class='ocr_line' id='line_1_9' title="bbox 193 721 1226 776; baseline -0.001 -13"><span class='ocrx_word' id='word_1_53' title='bbox 193 723 478 764; x_wconf 89' lang='lat' dir='ltr'>sacerdotibus</span> <span class='ocrx_word' id='word_1_54' title='bbox 511 723 656 776; x_wconf 88' lang='lat' dir='ltr'>templi</span> <span class='ocrx_word' id='word_1_55' title='bbox 678 723 697 762; x_wconf 70' lang='grc' dir='ltr'>’ἓ</span> <span class='ocrx_word' id='word_1_56' title='bbox 728 736 746 760; x_wconf 83' lang='grc'>))</span> <span class='ocrx_word' id='word_1_57' title='bbox 779 721 890 762; x_wconf 82' lang='grc' dir='ltr'>Τ11111</span> <span class='ocrx_word' id='word_1_58' title='bbox 928 722 1055 762; x_wconf 88' lang='lat' dir='ltr'>etiam</span> <span class='ocrx_word' id='word_1_59' title='bbox 1072 754 1084 772; x_wconf 90' lang='lat'>,</span> <span class='ocrx_word' id='word_1_60' title='bbox 1123 723 1226 775; x_wconf 86' lang='lat' dir='ltr'>quia</span> 
     </span>
     <span class='ocr_line' id='line_1_10' title="bbox 193 792 1226 845; baseline 0 -13"><span class='ocrx_word' id='word_1_61' title='bbox 193 792 403 845; x_wconf 86' lang='lat' dir='ltr'>simplices</span> <span class='ocrx_word' id='word_1_62' title='bbox 422 795 459 834; x_wconf 76' lang='lat'>²:</span> <span class='ocrx_word' id='word_1_63' title='bbox 489 808 508 831; x_wconf 70' lang='grc' dir='ltr'>(ι</span> <span class='ocrx_word' id='word_1_64' title='bbox 526 793 792 834; x_wconf 81' lang='lat' dir='ltr'>Abominatio</span> <span class='ocrx_word' id='word_1_65' title='bbox 820 792 984 832; x_wconf 87' lang='lat' dir='ltr'>Domini</span> <span class='ocrx_word' id='word_1_66' title='bbox 1005 795 1065 832; x_wconf 91' lang='lat' dir='ltr'>est</span> <span class='ocrx_word' id='word_1_67' title='bbox 1085 793 1226 833; x_wconf 90' lang='lat' dir='ltr'>omnis</span> 
     </span>
     <span class='ocr_line' id='line_1_11' title="bbox 192 862 1225 916; baseline 0.001 -13"><span class='ocrx_word' id='word_1_68' title='bbox 192 862 360 914; x_wconf 86' lang='lat' dir='ltr'>illusor,</span> <span class='ocrx_word' id='word_1_69' title='bbox 402 866 442 904; x_wconf 91' lang='lat' dir='ltr'>et</span> <span class='ocrx_word' id='word_1_70' title='bbox 485 876 584 904; x_wconf 90' lang='lat' dir='ltr'>cum</span> <span class='ocrx_word' id='word_1_71' title='bbox 624 863 884 916; x_wconf 84' lang='lat' dir='ltr'>simplicibus</span> <span class='ocrx_word' id='word_1_72' title='bbox 931 864 1225 904; x_wconf 80' lang='lat' dir='ltr'>sermocinatio</span> 
     </span>
     <span class='ocr_line' id='line_1_12' title="bbox 192 933 1225 986; baseline 0.003 -15"><span class='ocrx_word' id='word_1_73' title='bbox 192 935 334 986; x_wconf 83' lang='lat' dir='ltr'>ejus.»</span> <span class='ocrx_word' id='word_1_74' title='bbox 357 933 408 975; x_wconf 83' lang='lat' dir='ltr'>Et</span> <span class='ocrx_word' id='word_1_75' title='bbox 421 934 464 974; x_wconf 91' lang='lat' dir='ltr'>in</span> <span class='ocrx_word' id='word_1_76' title='bbox 476 934 676 977; x_wconf 75' lang='lat' dir='ltr'>Matthoeo</span> <span class='ocrx_word' id='word_1_77' title='bbox 695 934 744 986; x_wconf 74' lang='lat' dir='ltr'>(al</span> <span class='ocrx_word' id='word_1_78' title='bbox 762 934 799 974; x_wconf 77' lang='lat'>3:</span> <span class='ocrx_word' id='word_1_79' title='bbox 821 948 839 971; x_wconf 89' lang='lat'>«</span> <span class='ocrx_word' id='word_1_80' title='bbox 854 933 1119 975; x_wconf 82' lang='lat' dir='ltr'>Abscondisti</span> <span class='ocrx_word' id='word_1_81' title='bbox 1133 935 1225 975; x_wconf 84' lang='lat' dir='ltr'>haec</span> 
     </span>
     <span class='ocr_line' id='line_1_13' title="bbox 193 1006 1226 1059; baseline 0.001 -13"><span class='ocrx_word' id='word_1_82' title='bbox 193 1018 217 1047; x_wconf 86' lang='lat' dir='ltr'>a</span> <span class='ocrx_word' id='word_1_83' title='bbox 233 1007 493 1059; x_wconf 80' lang='lat' dir='ltr'>sapientibus</span> <span class='ocrx_word' id='word_1_84' title='bbox 513 1009 553 1047; x_wconf 91' lang='lat' dir='ltr'>et</span> <span class='ocrx_word' id='word_1_85' title='bbox 574 1006 872 1059; x_wconf 85' lang='lat' dir='ltr'>prudentibus,</span> <span class='ocrx_word' id='word_1_86' title='bbox 894 1008 936 1046; x_wconf 89' lang='lat' dir='ltr'>et</span> <span class='ocrx_word' id='word_1_87' title='bbox 954 1006 1150 1047; x_wconf 82' lang='lat' dir='ltr'>revelasti</span> <span class='ocrx_word' id='word_1_88' title='bbox 1177 1019 1226 1047; x_wconf 85' lang='lat' dir='ltr'>ea</span> 
     </span>
     <span class='ocr_line' id='line_1_14' title="bbox 192 1077 1223 1130; baseline 0.001 -12"><span class='ocrx_word' id='word_1_89' title='bbox 192 1078 398 1130; x_wconf 84' lang='lat' dir='ltr'>parvulis.</span> <span class='ocrx_word' id='word_1_90' title='bbox 421 1077 564 1119; x_wconf 82' lang='lat' dir='ltr'>»Tum</span> <span class='ocrx_word' id='word_1_91' title='bbox 585 1078 727 1125; x_wconf 89' lang='lat' dir='ltr'>etiam,</span> <span class='ocrx_word' id='word_1_92' title='bbox 748 1078 848 1130; x_wconf 86' lang='lat' dir='ltr'>quia</span> <span class='ocrx_word' id='word_1_93' title='bbox 870 1078 1049 1129; x_wconf 56' lang='lat' dir='ltr'>vigiles³</span> <span class='ocrx_word' id='word_1_94' title='bbox 1066 1092 1075 1118; x_wconf 87' lang='lat'>:</span> <span class='ocrx_word' id='word_1_95' title='bbox 1094 1094 1112 1115; x_wconf 78' lang='grc' dir='ltr'>α</span> <span class='ocrx_word' id='word_1_96' title='bbox 1131 1078 1223 1130; x_wconf 79' lang='lat' dir='ltr'>Ego</span> 
     </span>
     <span class='ocr_line' id='line_1_15' title="bbox 193 1148 1225 1201; baseline 0.002 -14"><span class='ocrx_word' id='word_1_97' title='bbox 193 1148 415 1199; x_wconf 84' lang='lat' dir='ltr'>diligentes</span> <span class='ocrx_word' id='word_1_98' title='bbox 424 1161 492 1189; x_wconf 87' lang='lat' dir='ltr'>me</span> <span class='ocrx_word' id='word_1_99' title='bbox 506 1148 654 1199; x_wconf 89' lang='lat' dir='ltr'>diligo,</span> <span class='ocrx_word' id='word_1_100' title='bbox 670 1151 710 1189; x_wconf 90' lang='lat' dir='ltr'>et</span> <span class='ocrx_word' id='word_1_101' title='bbox 725 1149 796 1201; x_wconf 86' lang='lat' dir='ltr'>qui</span> <span class='ocrx_word' id='word_1_102' title='bbox 810 1160 933 1188; x_wconf 87' lang='lat' dir='ltr'>mane</span> <span class='ocrx_word' id='word_1_103' title='bbox 949 1148 1225 1200; x_wconf 85' lang='lat' dir='ltr'>vigilaverint</span> 
     </span>
     <span class='ocr_line' id='line_1_16' title="bbox 193 1218 1224 1271; baseline 0 -13"><span class='ocrx_word' id='word_1_104' title='bbox 193 1218 245 1258; x_wconf 90' lang='lat' dir='ltr'>ad</span> <span class='ocrx_word' id='word_1_105' title='bbox 259 1230 341 1268; x_wconf 91' lang='lat' dir='ltr'>me,</span> <span class='ocrx_word' id='word_1_106' title='bbox 358 1219 575 1265; x_wconf 86' lang='lat' dir='ltr'>invenient</span> <span class='ocrx_word' id='word_1_107' title='bbox 590 1231 669 1259; x_wconf 90' lang='lat' dir='ltr'>me.</span> <span class='ocrx_word' id='word_1_108' title='bbox 687 1233 706 1256; x_wconf 74' lang='lat' dir='ltr'>n</span> <span class='ocrx_word' id='word_1_109' title='bbox 729 1219 971 1270; x_wconf 63' lang='lat' dir='ltr'>Sapientia-³</span> <span class='ocrx_word' id='word_1_110' title='bbox 983 1233 997 1259; x_wconf 92' lang='lat'>.·</span> <span class='ocrx_word' id='word_1_111' title='bbox 1011 1219 1224 1271; x_wconf 81' lang='lat' dir='ltr'>Sapientia</span> 
     </span>
     <span class='ocr_line' id='line_1_17' title="bbox 199 1288 1224 1341; baseline 0.002 -15"><span class='ocrx_word' id='word_1_112' title='bbox 199 1303 219 1326; x_wconf 84' lang='lat'>&lt;‹</span> <span class='ocrx_word' id='word_1_113' title='bbox 245 1292 512 1341; x_wconf 79' lang='lat' dir='ltr'>praeoccupat</span> <span class='ocrx_word' id='word_1_114' title='bbox 541 1289 614 1341; x_wconf 87' lang='lat' dir='ltr'>qui</span> <span class='ocrx_word' id='word_1_115' title='bbox 643 1288 687 1328; x_wconf 81' lang='lat' dir='ltr'>&#39;se</span> <span class='ocrx_word' id='word_1_116' title='bbox 713 1289 1034 1340; x_wconf 84' lang='lat' dir='ltr'>concupiscunt,</span> <span class='ocrx_word' id='word_1_117' title='bbox 1068 1291 1114 1329; x_wconf 84' lang='lat' dir='ltr'>ut</span> <span class='ocrx_word' id='word_1_118' title='bbox 1143 1289 1224 1328; x_wconf 88' lang='lat' dir='ltr'>illis</span> 
     </span>
     <span class='ocr_line' id='line_1_18' title="bbox 190 1358 1223 1410; baseline 0.001 -12"><span class='ocrx_word' id='word_1_119' title='bbox 190 1370 234 1399; x_wconf 89' lang='lat' dir='ltr'>se</span> <span class='ocrx_word' id='word_1_120' title='bbox 253 1358 369 1410; x_wconf 89' lang='lat' dir='ltr'>prior</span> <span class='ocrx_word' id='word_1_121' title='bbox 388 1359 590 1399; x_wconf 88' lang='lat' dir='ltr'>ostendat.</span> <span class='ocrx_word' id='word_1_122' title='bbox 619 1373 638 1396; x_wconf 70' lang='lat'>&gt;³</span> <span class='ocrx_word' id='word_1_123' title='bbox 664 1358 715 1398; x_wconf 86' lang='lat' dir='ltr'>Et</span> <span class='ocrx_word' id='word_1_124' title='bbox 739 1359 953 1410; x_wconf 89' lang='lat' dir='ltr'>sequitur:</span> <span class='ocrx_word' id='word_1_125' title='bbox 986 1374 1004 1395; x_wconf 69' lang='grc' dir='ltr'>(ι</span> <span class='ocrx_word' id='word_1_126' title='bbox 1029 1358 1223 1410; x_wconf 86' lang='lat' dir='ltr'>Cogitare</span> 
     </span>
     <span class='ocr_line' id='line_1_19' title="bbox 192 1428 1220 1482; baseline 0 -13"><span class='ocrx_word' id='word_1_127' title='bbox 192 1440 298 1480; x_wconf 86' lang='lat' dir='ltr'>ergo</span> <span class='ocrx_word' id='word_1_128' title='bbox 314 1429 365 1469; x_wconf 91' lang='lat' dir='ltr'>de</span> <span class='ocrx_word' id='word_1_129' title='bbox 382 1428 466 1478; x_wconf 87' lang='lat' dir='ltr'>illa,</span> <span class='ocrx_word' id='word_1_130' title='bbox 490 1440 638 1470; x_wconf 87' lang='lat' dir='ltr'>sensus</span> <span class='ocrx_word' id='word_1_131' title='bbox 651 1431 712 1469; x_wconf 84' lang='lat' dir='ltr'>est</span> <span class='ocrx_word' id='word_1_132' title='bbox 730 1432 1063 1479; x_wconf 73' lang='lat' dir='ltr'>consummatus,</span> <span class='ocrx_word' id='word_1_133' title='bbox 1087 1432 1127 1469; x_wconf 91' lang='lat' dir='ltr'>et</span> <span class='ocrx_word' id='word_1_134' title='bbox 1147 1431 1220 1482; x_wconf 88' lang='lat' dir='ltr'>qui</span> 
     </span>
     <span class='ocr_line' id='line_1_20' title="bbox 188 1499 1220 1552; baseline 0 -14"><span class='ocrx_word' id='word_1_135' title='bbox 188 1499 432 1551; x_wconf 85' lang='lat' dir='ltr'>vigilaverit</span> <span class='ocrx_word' id='word_1_136' title='bbox 449 1501 621 1552; x_wconf 87' lang='lat' dir='ltr'>propter</span> <span class='ocrx_word' id='word_1_137' title='bbox 641 1499 770 1548; x_wconf 85' lang='lat' dir='ltr'>illam,</span> <span class='ocrx_word' id='word_1_138' title='bbox 794 1500 875 1540; x_wconf 89' lang='lat' dir='ltr'>cito</span> <span class='ocrx_word' id='word_1_139' title='bbox 893 1513 1068 1541; x_wconf 88' lang='lat' dir='ltr'>securus</span> <span class='ocrx_word' id='word_1_140' title='bbox 1089 1501 1180 1541; x_wconf 86' lang='lat' dir='ltr'>erit.</span> <span class='ocrx_word' id='word_1_141' title='bbox 1201 1516 1220 1538; x_wconf 74' lang='lat' dir='ltr'>n</span> 
     </span>
     <span class='ocr_line' id='line_1_21' title="bbox 191 1570 1218 1625; baseline 0.002 -14"><span class='ocrx_word' id='word_1_142' title='bbox 191 1570 290 1612; x_wconf 87' lang='lat' dir='ltr'>Sive</span> <span class='ocrx_word' id='word_1_143' title='bbox 303 1573 475 1623; x_wconf 89' lang='lat' dir='ltr'>propter</span> <span class='ocrx_word' id='word_1_144' title='bbox 488 1571 754 1623; x_wconf 80' lang='lat' dir='ltr'>mysterium,</span> <span class='ocrx_word' id='word_1_145' title='bbox 771 1573 819 1610; x_wconf 91' lang='lat' dir='ltr'>ut</span> <span class='ocrx_word' id='word_1_146' title='bbox 832 1571 1088 1622; x_wconf 75' lang='lat' dir='ltr'>insinuetur,</span> <span class='ocrx_word' id='word_1_147' title='bbox 1108 1573 1218 1625; x_wconf 87' lang='lat' dir='ltr'>quod</span> 
     </span>
     <span class='ocr_line' id='line_1_22' title="bbox 191 1641 1222 1694; baseline 0 -12"><span class='ocrx_word' id='word_1_148' title='bbox 191 1641 379 1682; x_wconf 88' lang='lat' dir='ltr'>doctrina</span> <span class='ocrx_word' id='word_1_149' title='bbox 396 1641 585 1682; x_wconf 89' lang='lat' dir='ltr'>veritatis</span> <span class='ocrx_word' id='word_1_150' title='bbox 606 1641 728 1681; x_wconf 89' lang='lat' dir='ltr'>debet</span> <span class='ocrx_word' id='word_1_151' title='bbox 747 1653 771 1681; x_wconf 90' lang='lat' dir='ltr'>a</span> <span class='ocrx_word' id='word_1_152' title='bbox 791 1642 973 1693; x_wconf 80' lang='lat' dir='ltr'>praelatis</span> <span class='ocrx_word' id='word_1_153' title='bbox 1000 1643 1222 1694; x_wconf 87' lang='lat' dir='ltr'>pervenire</span> 
     </span>
     <span class='ocr_line' id='line_1_23' title="bbox 190 1710 1222 1766; baseline 0.002 -14"><span class='ocrx_word' id='word_1_154' title='bbox 190 1712 243 1752; x_wconf 86' lang='lat' dir='ltr'>ad</span> <span class='ocrx_word' id='word_1_155' title='bbox 262 1712 467 1754; x_wconf 87' lang='lat' dir='ltr'>subditos.</span> <span class='ocrx_word' id='word_1_156' title='bbox 497 1710 611 1752; x_wconf 71' lang='lat' dir='ltr'>Unde</span> <span class='ocrx_word' id='word_1_157' title='bbox 632 1712 771 1764; x_wconf 86' lang='lat' dir='ltr'>glossa</span> <span class='ocrx_word' id='word_1_158' title='bbox 795 1725 812 1752; x_wconf 87' lang='lat'>:.</span> <span class='ocrx_word' id='word_1_159' title='bbox 828 1727 846 1750; x_wconf 89' lang='lat'>«</span> <span class='ocrx_word' id='word_1_160' title='bbox 866 1712 929 1753; x_wconf 91' lang='lat' dir='ltr'>llli</span> <span class='ocrx_word' id='word_1_161' title='bbox 949 1725 1037 1766; x_wconf 76' lang='lat' dir='ltr'>pree</span> <span class='ocrx_word' id='word_1_162' title='bbox 1060 1714 1222 1754; x_wconf 82' lang='lat' dir='ltr'>caeteris</span> 
     </span>
     <span class='ocr_line' id='line_1_24' title="bbox 189 1782 1222 1836; baseline 0 -12"><span class='ocrx_word' id='word_1_163' title='bbox 189 1782 388 1824; x_wconf 88' lang='lat' dir='ltr'>sublimia</span> <span class='ocrx_word' id='word_1_164' title='bbox 407 1783 553 1823; x_wconf 94' lang='lat' dir='ltr'>videre</span> <span class='ocrx_word' id='word_1_165' title='bbox 577 1786 809 1833; x_wconf 86' lang='lat' dir='ltr'>merentur,</span> <span class='ocrx_word' id='word_1_166' title='bbox 833 1784 908 1836; x_wconf 85' lang='lat' dir='ltr'>qui</span> <span class='ocrx_word' id='word_1_167' title='bbox 928 1784 1123 1824; x_wconf 85' lang='lat' dir='ltr'>fidelibus</span> <span class='ocrx_word' id='word_1_168' title='bbox 1142 1784 1222 1824; x_wconf 88' lang='lat' dir='ltr'>sol-</span> 
     </span>
     <span class='ocr_line' id='line_1_25' title="bbox 188 1854 564 1906; baseline -0.011 -12"><span class='ocrx_word' id='word_1_169' title='bbox 188 1854 298 1894; x_wconf 86' lang='lat' dir='ltr'>licite</span> <span class='ocrx_word' id='word_1_170' title='bbox 318 1855 522 1906; x_wconf 80' lang='lat' dir='ltr'>praesunt.</span> <span class='ocrx_word' id='word_1_171' title='bbox 545 1866 564 1890; x_wconf 68' lang='lat'>&gt;³</span> 
     </span>
    </p>

    <p class='ocr_par' dir='ltr' id='par_1_3' title="bbox 187 1923 1221 2614">
     <span class='ocr_line' id='line_1_26' title="bbox 242 1923 1220 1976; baseline 0.002 -12"><span class='ocrx_word' id='word_1_172' title='bbox 242 1928 308 1965; x_wconf 90' lang='lat'>10.</span> <span class='ocrx_word' id='word_1_173' title='bbox 343 1924 396 1966; x_wconf 79' lang='lat' dir='ltr'>Et</span> <span class='ocrx_word' id='word_1_174' title='bbox 428 1923 547 1966; x_wconf 76' lang='lat' dir='ltr'>clz&#39;oeit</span> <span class='ocrx_word' id='word_1_175' title='bbox 576 1924 748 1976; x_wconf 69' lang='lat' dir='ltr'>anqelzcs</span> <span class='ocrx_word' id='word_1_176' title='bbox 763 1956 773 1974; x_wconf 92' lang='lat'>,</span> <span class='ocrx_word' id='word_1_177' title='bbox 807 1926 886 1964; x_wconf 87' lang='lat' dir='ltr'>etc.</span> <span class='ocrx_word' id='word_1_178' title='bbox 926 1923 1002 1964; x_wconf 86' lang='lat' dir='ltr'>Hic</span> <span class='ocrx_word' id='word_1_179' title='bbox 1035 1925 1220 1966; x_wconf 83' lang='lat' dir='ltr'>secundo</span> 
     </span>
     <span class='ocr_line' id='line_1_27' title="bbox 187 1994 1219 2036; baseline 0 -1"><span class='ocrx_word' id='word_1_180' title='bbox 187 1994 438 2036; x_wconf 88' lang='lat' dir='ltr'>describitur</span> <span class='ocrx_word' id='word_1_181' title='bbox 456 1994 721 2034; x_wconf 88' lang='lat' dir='ltr'>annuntiatio</span> <span class='ocrx_word' id='word_1_182' title='bbox 742 1994 927 2034; x_wconf 90' lang='lat' dir='ltr'>invitans</span> <span class='ocrx_word' id='word_1_183' title='bbox 947 1995 998 2034; x_wconf 88' lang='lat' dir='ltr'>ad</span> <span class='ocrx_word' id='word_1_184' title='bbox 1019 1995 1219 2035; x_wconf 84' lang='lat' dir='ltr'>exultan-</span> 
     </span>
     <span class='ocr_line' id='line_1_28' title="bbox 187 2065 1221 2118; baseline 0 -11"><span class='ocrx_word' id='word_1_185' title='bbox 187 2065 312 2116; x_wconf 90' lang='lat' dir='ltr'>dum;</span> <span class='ocrx_word' id='word_1_186' title='bbox 328 2066 374 2106; x_wconf 92' lang='lat' dir='ltr'>in</span> <span class='ocrx_word' id='word_1_187' title='bbox 390 2077 475 2118; x_wconf 88' lang='lat' dir='ltr'>qua</span> <span class='ocrx_word' id='word_1_188' title='bbox 493 2065 767 2118; x_wconf 64' lang='lat' dir='ltr'>praemittitur</span> <span class='ocrx_word' id='word_1_189' title='bbox 785 2065 1022 2106; x_wconf 81' lang='lat' dir='ltr'>exhortatio</span> <span class='ocrx_word' id='word_1_190' title='bbox 1043 2066 1095 2106; x_wconf 92' lang='lat' dir='ltr'>ad</span> <span class='ocrx_word' id='word_1_191' title='bbox 1114 2066 1221 2107; x_wconf 86' lang='lat' dir='ltr'>fidu-</span> 
     </span>
     <span class='ocr_line' id='line_1_29' title="bbox 187 2136 1218 2187; baseline -0.001 -9"><span class='ocrx_word' id='word_1_192' title='bbox 187 2137 295 2178; x_wconf 87' lang='lat' dir='ltr'>ciam</span> <span class='ocrx_word' id='word_1_193' title='bbox 315 2139 356 2177; x_wconf 87' lang='lat' dir='ltr'>et</span> <span class='ocrx_word' id='word_1_194' title='bbox 376 2137 429 2177; x_wconf 87' lang='lat' dir='ltr'>ad</span> <span class='ocrx_word' id='word_1_195' title='bbox 447 2136 652 2187; x_wconf 86' lang='lat' dir='ltr'>laetitiam,</span> <span class='ocrx_word' id='word_1_196' title='bbox 673 2139 713 2177; x_wconf 91' lang='lat' dir='ltr'>et</span> <span class='ocrx_word' id='word_1_197' title='bbox 732 2136 928 2177; x_wconf 88' lang='lat' dir='ltr'>subditur</span> <span class='ocrx_word' id='word_1_198' title='bbox 949 2138 1218 2178; x_wconf 83' lang='lat' dir='ltr'>annuntiatio</span> 
     </span>
     <span class='ocr_line' id='line_1_30' title="bbox 187 2206 1219 2261; baseline -0.001 -12"><span class='ocrx_word' id='word_1_199' title='bbox 187 2207 432 2261; x_wconf 83' lang='lat' dir='ltr'>exprimens</span> <span class='ocrx_word' id='word_1_200' title='bbox 448 2207 606 2247; x_wconf 84' lang='lat' dir='ltr'>laetitiae</span> <span class='ocrx_word' id='word_1_201' title='bbox 621 2219 806 2247; x_wconf 88' lang='lat' dir='ltr'>causam.</span> <span class='ocrx_word' id='word_1_202' title='bbox 822 2206 1062 2247; x_wconf 82' lang='lat' dir='ltr'>Exhortans</span> <span class='ocrx_word' id='word_1_203' title='bbox 1080 2208 1219 2260; x_wconf 88' lang='lat' dir='ltr'>igitur</span> 
     </span>
     <span class='ocr_line' id='line_1_31' title="bbox 187 2277 1220 2332; baseline 0.001 -13"><span class='ocrx_word' id='word_1_204' title='bbox 187 2278 368 2332; x_wconf 88' lang='lat' dir='ltr'>angelus</span> <span class='ocrx_word' id='word_1_205' title='bbox 392 2278 444 2319; x_wconf 89' lang='lat' dir='ltr'>ad</span> <span class='ocrx_word' id='word_1_206' title='bbox 474 2277 694 2326; x_wconf 87' lang='lat' dir='ltr'>fiduciam,</span> <span class='ocrx_word' id='word_1_207' title='bbox 722 2277 828 2317; x_wconf 86' lang='lat' dir='ltr'>dixit</span> <span class='ocrx_word' id='word_1_208' title='bbox 857 2277 965 2317; x_wconf 89' lang='lat' dir='ltr'>illis:</span> <span class='ocrx_word' id='word_1_209' title='bbox 998 2277 1136 2320; x_wconf 69' lang='lat' dir='ltr'>Nolite</span> <span class='ocrx_word' id='word_1_210' title='bbox 1164 2280 1220 2320; x_wconf 74' lang='grc' dir='ltr'>τί-</span> 
     </span>
     <span class='ocr_line' id='line_1_32' title="bbox 188 2348 1218 2399; baseline -0.004 -8"><span class='ocrx_word' id='word_1_211' title='bbox 188 2360 311 2391; x_wconf 77' lang='lat' dir='ltr'>mere.</span> <span class='ocrx_word' id='word_1_212' title='bbox 342 2348 434 2389; x_wconf 92' lang='lat' dir='ltr'>Non</span> <span class='ocrx_word' id='word_1_213' title='bbox 468 2348 584 2388; x_wconf 92' lang='lat' dir='ltr'>enim</span> <span class='ocrx_word' id='word_1_214' title='bbox 610 2351 785 2388; x_wconf 83' lang='lat' dir='ltr'>venerat</span> <span class='ocrx_word' id='word_1_215' title='bbox 814 2348 997 2399; x_wconf 87' lang='lat' dir='ltr'>angelus</span> <span class='ocrx_word' id='word_1_216' title='bbox 1022 2349 1218 2388; x_wconf 88' lang='lat' dir='ltr'>nuntiare</span> 
     </span>
     <span class='ocr_line' id='line_1_33' title="bbox 189 2417 1215 2470; baseline -0.001 -11"><span class='ocrx_word' id='word_1_217' title='bbox 189 2430 280 2459; x_wconf 88' lang='lat' dir='ltr'>rem</span> <span class='ocrx_word' id='word_1_218' title='bbox 310 2417 562 2467; x_wconf 83' lang='lat' dir='ltr'>terribilem,</span> <span class='ocrx_word' id='word_1_219' title='bbox 598 2417 669 2457; x_wconf 92' lang='lat' dir='ltr'>sed</span> <span class='ocrx_word' id='word_1_220' title='bbox 698 2418 838 2469; x_wconf 89' lang='lat' dir='ltr'>potius</span> <span class='ocrx_word' id='word_1_221' title='bbox 873 2417 1215 2470; x_wconf 81' lang='lat' dir='ltr'>desiderabilem,</span> 
     </span>
     <span class='ocr_line' id='line_1_34' title="bbox 190 2489 1220 2542; baseline 0.002 -12"><span class='ocrx_word' id='word_1_222' title='bbox 190 2490 298 2530; x_wconf 87' lang='lat' dir='ltr'>sicut</span> <span class='ocrx_word' id='word_1_223' title='bbox 314 2492 355 2530; x_wconf 90' lang='lat' dir='ltr'>et</span> <span class='ocrx_word' id='word_1_224' title='bbox 377 2489 446 2530; x_wconf 90' lang='lat' dir='ltr'>ille</span> <span class='ocrx_word' id='word_1_225' title='bbox 475 2489 546 2542; x_wconf 87' lang='lat' dir='ltr'>qui</span> <span class='ocrx_word' id='word_1_226' title='bbox 568 2489 922 2529; x_wconf 85' lang='lat' dir='ltr'>resurrectionem</span> <span class='ocrx_word' id='word_1_227' title='bbox 949 2491 1220 2532; x_wconf 86' lang='lat' dir='ltr'>annuntiavit</span> 
     </span>
     <span class='ocr_line' id='line_1_35' title="bbox 190 2559 1219 2614; baseline 0.001 -13"><span class='ocrx_word' id='word_1_228' title='bbox 190 2559 488 2601; x_wconf 76' lang='lat' dir='ltr'>mulieribus⁶t</span> <span class='ocrx_word' id='word_1_229' title='bbox 510 2575 529 2598; x_wconf 83' lang='lat'>(‹</span> <span class='ocrx_word' id='word_1_230' title='bbox 549 2559 685 2600; x_wconf 91' lang='lat' dir='ltr'>Nolite</span> <span class='ocrx_word' id='word_1_231' title='bbox 704 2572 1007 2613; x_wconf 84' lang='lat' dir='ltr'>expavescere:</span> <span class='ocrx_word' id='word_1_232' title='bbox 1030 2575 1049 2598; x_wconf 72' lang='lat' dir='ltr'>n</span> <span class='ocrx_word' id='word_1_233' title='bbox 1066 2561 1112 2601; x_wconf 91' lang='grc'>111</span> <span class='ocrx_word' id='word_1_234' title='bbox 1133 2574 1219 2614; x_wconf 86' lang='lat' dir='ltr'>quo</span> 
     </span>
    </p>
   </div>
   <div class='ocr_carea' id='block_1_3' title="bbox 2255 147 2327 184">
    <p class='ocr_par' dir='ltr' id='par_1_4' title="bbox 2255 147 2327 184">
     <span class='ocr_line' id='line_1_36' title="bbox 2255 147 2327 184; baseline 0.014 -1"><span class='ocrx_word' id='word_1_235' title='bbox 2255 147 2327 184; x_wconf 76' lang='lat'>261</span> 
     </span>
    </p>
   </div>
   <div class='ocr_carea' id='block_1_4' title="bbox 1292 227 2353 2610">
    <p class='ocr_par' dir='ltr' id='par_1_5' title="bbox 1292 227 2353 2610">
     <span class='ocr_line' id='line_1_37' title="bbox 1303 227 2333 281; baseline 0.002 -13"><span class='ocrx_word' id='word_1_236' title='bbox 1303 230 1416 281; x_wconf 79' lang='lat' dir='ltr'>Magi</span> <span class='ocrx_word' id='word_1_237' title='bbox 1449 229 1487 269; x_wconf 80' lang='lat'>⁸:</span> <span class='ocrx_word' id='word_1_238' title='bbox 1524 227 1764 269; x_wconf 81' lang='lat' dir='ltr'>«videntes</span> <span class='ocrx_word' id='word_1_239' title='bbox 1801 230 1944 269; x_wconf 90' lang='lat' dir='ltr'>autem</span> <span class='ocrx_word' id='word_1_240' title='bbox 1977 229 2164 278; x_wconf 88' lang='lat' dir='ltr'>stellam,</span> <span class='ocrx_word' id='word_1_241' title='bbox 2194 231 2333 281; x_wconf 89' lang='lat' dir='ltr'>gavisi</span> 
     </span>
     <span class='ocr_line' id='line_1_38' title="bbox 1301 298 2334 351; baseline 0.001 -12"><span class='ocrx_word' id='word_1_242' title='bbox 1301 302 1399 340; x_wconf 88' lang='lat' dir='ltr'>sunt</span> <span class='ocrx_word' id='word_1_243' title='bbox 1427 299 1585 351; x_wconf 91' lang='lat' dir='ltr'>gaudio</span> <span class='ocrx_word' id='word_1_244' title='bbox 1612 310 1773 350; x_wconf 90' lang='lat' dir='ltr'>magno</span> <span class='ocrx_word' id='word_1_245' title='bbox 1792 298 1929 339; x_wconf 88' lang='lat' dir='ltr'>valde.</span> <span class='ocrx_word' id='word_1_246' title='bbox 1952 313 1970 335; x_wconf 73' lang='lat' dir='ltr'>n</span> <span class='ocrx_word' id='word_1_247' title='bbox 1997 298 2048 340; x_wconf 91' lang='lat' dir='ltr'>Et</span> <span class='ocrx_word' id='word_1_248' title='bbox 2071 299 2223 340; x_wconf 90' lang='lat' dir='ltr'>dicitur</span> <span class='ocrx_word' id='word_1_249' title='bbox 2243 311 2334 340; x_wconf 79' lang='lat' dir='ltr'>ma-</span> 
     </span>
     <span class='ocr_line' id='line_1_39' title="bbox 1299 368 2332 422; baseline -0.001 -13"><span class='ocrx_word' id='word_1_250' title='bbox 1299 380 1443 420; x_wconf 71' lang='lat' dir='ltr'>qmcm,</span> <span class='ocrx_word' id='word_1_251' title='bbox 1463 369 1514 409; x_wconf 89' lang='lat' dir='ltr'>ad</span> <span class='ocrx_word' id='word_1_252' title='bbox 1533 368 1814 409; x_wconf 86' lang='lat' dir='ltr'>differentiam</span> <span class='ocrx_word' id='word_1_253' title='bbox 1835 369 1983 420; x_wconf 88' lang='lat' dir='ltr'>gaudii</span> <span class='ocrx_word' id='word_1_254' title='bbox 1996 368 2332 422; x_wconf 82' lang='lat' dir='ltr'>hypocritarum,</span> 
     </span>
     <span class='ocr_line' id='line_1_40' title="bbox 1300 438 2334 491; baseline 0 -12"><span class='ocrx_word' id='word_1_255' title='bbox 1300 439 1415 491; x_wconf 84' lang='lat' dir='ltr'>quod</span> <span class='ocrx_word' id='word_1_256' title='bbox 1436 442 1497 479; x_wconf 88' lang='lat' dir='ltr'>est</span> <span class='ocrx_word' id='word_1_257' title='bbox 1518 440 1862 479; x_wconf 89' lang='lat' dir='ltr'>momentaneum</span> <span class='ocrx_word' id='word_1_258' title='bbox 1880 454 1889 489; x_wconf 93' lang='lat'>;</span> <span class='ocrx_word' id='word_1_259' title='bbox 1923 439 1993 481; x_wconf 85' lang='lat' dir='ltr'>Job</span> <span class='ocrx_word' id='word_1_260' title='bbox 2013 439 2026 461; x_wconf 80' lang='lat'>⁹</span> <span class='ocrx_word' id='word_1_261' title='bbox 2044 454 2052 479; x_wconf 79' lang='lat' dir='ltr'><em>z</em></span> <span class='ocrx_word' id='word_1_262' title='bbox 2084 455 2102 478; x_wconf 80' lang='lat'>(‹</span> <span class='ocrx_word' id='word_1_263' title='bbox 2124 438 2334 480; x_wconf 86' lang='lat' dir='ltr'>Gaudium</span> 
     </span>
     <span class='ocr_line' id='line_1_41' title="bbox 1299 509 2332 562; baseline 0.001 -13"><span class='ocrx_word' id='word_1_264' title='bbox 1299 509 1533 561; x_wconf 67' lang='lat' dir='ltr'>hypocritae</span> <span class='ocrx_word' id='word_1_265' title='bbox 1564 509 1616 549; x_wconf 90' lang='lat' dir='ltr'>ad</span> <span class='ocrx_word' id='word_1_266' title='bbox 1645 509 1776 549; x_wconf 88' lang='lat' dir='ltr'>instar</span> <span class='ocrx_word' id='word_1_267' title='bbox 1804 510 1962 562; x_wconf 89' lang='lat' dir='ltr'>puncti.</span> <span class='ocrx_word' id='word_1_268' title='bbox 1986 524 2005 547; x_wconf 90' lang='lat'>»</span> <span class='ocrx_word' id='word_1_269' title='bbox 2043 510 2094 551; x_wconf 89' lang='lat' dir='ltr'>Et</span> <span class='ocrx_word' id='word_1_270' title='bbox 2115 512 2142 534; x_wconf 87' lang='lat'>¹⁰</span> <span class='ocrx_word' id='word_1_271' title='bbox 2170 523 2184 551; x_wconf 93' lang='lat'>.·</span> <span class='ocrx_word' id='word_1_272' title='bbox 2215 526 2234 549; x_wconf 75' lang='grc' dir='ltr'>α</span> <span class='ocrx_word' id='word_1_273' title='bbox 2255 510 2332 550; x_wconf 91' lang='grc' dir='ltr'>Το-</span> 
     </span>
     <span class='ocr_line' id='line_1_42' title="bbox 1299 580 2335 633; baseline 0.003 -14"><span class='ocrx_word' id='word_1_274' title='bbox 1299 582 1400 620; x_wconf 91' lang='lat' dir='ltr'>nent</span> <span class='ocrx_word' id='word_1_275' title='bbox 1428 582 1685 632; x_wconf 78' lang='lat' dir='ltr'>tympanum</span> <span class='ocrx_word' id='word_1_276' title='bbox 1708 582 1747 619; x_wconf 87' lang='lat' dir='ltr'>et</span> <span class='ocrx_word' id='word_1_277' title='bbox 1767 580 1973 620; x_wconf 86' lang='lat' dir='ltr'>citharam</span> <span class='ocrx_word' id='word_1_278' title='bbox 1986 612 1997 631; x_wconf 94' lang='lat'>,</span> <span class='ocrx_word' id='word_1_279' title='bbox 2020 583 2060 621; x_wconf 91' lang='lat' dir='ltr'>et</span> <span class='ocrx_word' id='word_1_280' title='bbox 2078 580 2265 633; x_wconf 84' lang='lat' dir='ltr'>gaudent</span> <span class='ocrx_word' id='word_1_281' title='bbox 2283 581 2335 622; x_wconf 88' lang='lat' dir='ltr'>ad</span> 
     </span>
     <span class='ocr_line' id='line_1_43' title="bbox 1299 649 2331 701; baseline 0.003 -12"><span class='ocrx_word' id='word_1_282' title='bbox 1299 649 1487 690; x_wconf 87' lang='lat' dir='ltr'>sonitum</span> <span class='ocrx_word' id='word_1_283' title='bbox 1507 649 1680 701; x_wconf 86' lang='lat' dir='ltr'>organi,</span> <span class='ocrx_word' id='word_1_284' title='bbox 1704 649 1863 690; x_wconf 91' lang='lat' dir='ltr'>ducunt</span> <span class='ocrx_word' id='word_1_285' title='bbox 1889 651 1933 690; x_wconf 91' lang='lat' dir='ltr'>in</span> <span class='ocrx_word' id='word_1_286' title='bbox 1956 651 2078 692; x_wconf 90' lang='lat' dir='ltr'>bonis</span> <span class='ocrx_word' id='word_1_287' title='bbox 2097 652 2184 692; x_wconf 89' lang='lat' dir='ltr'>dies</span> <span class='ocrx_word' id='word_1_288' title='bbox 2211 663 2331 701; x_wconf 90' lang='lat' dir='ltr'>suos,</span> 
     </span>
     <span class='ocr_line' id='line_1_44' title="bbox 1299 719 2332 772; baseline 0.004 -13"><span class='ocrx_word' id='word_1_289' title='bbox 1299 725 1339 759; x_wconf 84' lang='lat' dir='ltr'>et</span> <span class='ocrx_word' id='word_1_290' title='bbox 1370 719 1416 759; x_wconf 91' lang='lat' dir='ltr'>in</span> <span class='ocrx_word' id='word_1_291' title='bbox 1446 723 1603 772; x_wconf 88' lang='lat' dir='ltr'>puncto</span> <span class='ocrx_word' id='word_1_292' title='bbox 1632 721 1683 759; x_wconf 90' lang='lat' dir='ltr'>ad</span> <span class='ocrx_word' id='word_1_293' title='bbox 1715 720 1879 761; x_wconf 87' lang='lat' dir='ltr'>inferna</span> <span class='ocrx_word' id='word_1_294' title='bbox 1908 722 2179 763; x_wconf 87' lang='lat' dir='ltr'>descendunt.</span> <span class='ocrx_word' id='word_1_295' title='bbox 2198 737 2217 760; x_wconf 89' lang='lat'>»</span> <span class='ocrx_word' id='word_1_296' title='bbox 2245 722 2332 762; x_wconf 88' lang='lat' dir='ltr'>Ma-</span> 
     </span>
     <span class='ocr_line' id='line_1_45' title="bbox 1298 792 2332 846; baseline 0.004 -15"><span class='ocrx_word' id='word_1_297' title='bbox 1298 804 1434 843; x_wconf 87' lang='lat' dir='ltr'>gnum</span> <span class='ocrx_word' id='word_1_298' title='bbox 1454 795 1515 832; x_wconf 91' lang='lat' dir='ltr'>est</span> <span class='ocrx_word' id='word_1_299' title='bbox 1533 792 1681 842; x_wconf 88' lang='lat' dir='ltr'>etiam,</span> <span class='ocrx_word' id='word_1_300' title='bbox 1706 792 1806 844; x_wconf 86' lang='lat' dir='ltr'>quia</span> <span class='ocrx_word' id='word_1_301' title='bbox 1828 793 2038 845; x_wconf 83' lang='lat' dir='ltr'>amplum3</span> <span class='ocrx_word' id='word_1_302' title='bbox 2062 794 2176 846; x_wconf 83' lang='lat' dir='ltr'>quod</span> <span class='ocrx_word' id='word_1_303' title='bbox 2198 796 2332 845; x_wconf 80' lang='lat' dir='ltr'>notat,</span> 
     </span>
     <span class='ocr_line' id='line_1_46' title="bbox 1299 863 2335 916; baseline 0.003 -14"><span class='ocrx_word' id='word_1_304' title='bbox 1299 875 1397 903; x_wconf 89' lang='lat' dir='ltr'>cum</span> <span class='ocrx_word' id='word_1_305' title='bbox 1419 863 1585 904; x_wconf 86' lang='lat' dir='ltr'>subdit:</span> <span class='ocrx_word' id='word_1_306' title='bbox 1613 863 1737 914; x_wconf 77' lang='lat' dir='ltr'>Quod</span> <span class='ocrx_word' id='word_1_307' title='bbox 1759 865 1840 905; x_wconf 79' lang='lat' dir='ltr'>erit</span> <span class='ocrx_word' id='word_1_308' title='bbox 1859 865 1975 906; x_wconf 74' lang='lat' dir='ltr'>omni</span> <span class='ocrx_word' id='word_1_309' title='bbox 1993 864 2169 916; x_wconf 79' lang='lat' dir='ltr'>popul03</span> <span class='ocrx_word' id='word_1_310' title='bbox 2193 867 2234 904; x_wconf 84' lang='lat' dir='ltr'>et</span> <span class='ocrx_word' id='word_1_311' title='bbox 2254 865 2335 905; x_wconf 87' lang='grc'>1100</span> 
     </span>
     <span class='ocr_line' id='line_1_47' title="bbox 1297 933 2333 987; baseline 0.003 -15"><span class='ocrx_word' id='word_1_312' title='bbox 1297 933 1350 973; x_wconf 92' lang='grc' dir='ltr'><em>ἃᾶ</em></span> <span class='ocrx_word' id='word_1_313' title='bbox 1378 933 1655 974; x_wconf 84' lang='lat' dir='ltr'>differentiam</span> <span class='ocrx_word' id='word_1_314' title='bbox 1677 934 1824 985; x_wconf 89' lang='lat' dir='ltr'>gaudii</span> <span class='ocrx_word' id='word_1_315' title='bbox 1852 935 2189 984; x_wconf 89' lang='lat' dir='ltr'>mundanorum,</span> <span class='ocrx_word' id='word_1_316' title='bbox 2219 934 2333 987; x_wconf 88' lang='lat' dir='ltr'>quod</span> 
     </span>
     <span class='ocr_line' id='line_1_48' title="bbox 1298 1004 2353 1057; baseline 0.003 -14"><span class='ocrx_word' id='word_1_317' title='bbox 1298 1015 1384 1044; x_wconf 87' lang='lat' dir='ltr'>non</span> <span class='ocrx_word' id='word_1_318' title='bbox 1417 1006 1480 1045; x_wconf 88' lang='lat' dir='ltr'>est</span> <span class='ocrx_word' id='word_1_319' title='bbox 1513 1004 1752 1045; x_wconf 84' lang='lat' dir='ltr'>universale</span> <span class='ocrx_word' id='word_1_320' title='bbox 1776 1005 1803 1027; x_wconf 82' lang='lat'>¹¹</span> <span class='ocrx_word' id='word_1_321' title='bbox 1827 1017 1838 1045; x_wconf 79' lang='lat'>2</span> <span class='ocrx_word' id='word_1_322' title='bbox 1866 1020 1886 1043; x_wconf 85' lang='lat'>&lt;‹</span> <span class='ocrx_word' id='word_1_323' title='bbox 1907 1005 2093 1046; x_wconf 87' lang='lat' dir='ltr'>Mundus</span> <span class='ocrx_word' id='word_1_324' title='bbox 2112 1005 2353 1057; x_wconf 88' lang='lat' dir='ltr'>gaudebit,-</span> 
     </span>
     <span class='ocr_line' id='line_1_49' title="bbox 1297 1076 2334 1129; baseline 0.002 -14"><span class='ocrx_word' id='word_1_325' title='bbox 1297 1087 1373 1115; x_wconf 89' lang='lat' dir='ltr'>vos</span> <span class='ocrx_word' id='word_1_326' title='bbox 1408 1077 1550 1115; x_wconf 86' lang='lat' dir='ltr'>autem</span> <span class='ocrx_word' id='word_1_327' title='bbox 1583 1076 1949 1117; x_wconf 83' lang='lat' dir='ltr'>contristabimini.</span> <span class='ocrx_word' id='word_1_328' title='bbox 1980 1091 1999 1113; x_wconf 79' lang='lat'>›)</span> <span class='ocrx_word' id='word_1_329' title='bbox 2035 1076 2186 1116; x_wconf 88' lang='lat' dir='ltr'>Contra</span> <span class='ocrx_word' id='word_1_330' title='bbox 2219 1076 2334 1129; x_wconf 88' lang='lat' dir='ltr'>quod</span> 
     </span>
     <span class='ocr_line' id='line_1_50' title="bbox 1298 1144 2334 1199; baseline 0.001 -13"><span class='ocrx_word' id='word_1_331' title='bbox 1298 1144 1450 1186; x_wconf 89' lang='lat' dir='ltr'>dicitur</span> <span class='ocrx_word' id='word_1_332' title='bbox 1470 1146 1578 1186; x_wconf 84' lang='lat' dir='ltr'>infra</span> <span class='ocrx_word' id='word_1_333' title='bbox 1600 1146 1649 1186; x_wconf 80' lang='lat'>¹²:</span> <span class='ocrx_word' id='word_1_334' title='bbox 1669 1161 1687 1184; x_wconf 86' lang='lat'>«</span> <span class='ocrx_word' id='word_1_335' title='bbox 1703 1147 1750 1186; x_wconf 79' lang='lat' dir='ltr'>Et</span> <span class='ocrx_word' id='word_1_336' title='bbox 1770 1147 1907 1187; x_wconf 89' lang='lat' dir='ltr'>omnis</span> <span class='ocrx_word' id='word_1_337' title='bbox 1926 1146 2107 1199; x_wconf 88' lang='lat' dir='ltr'>populus</span> <span class='ocrx_word' id='word_1_338' title='bbox 2122 1147 2334 1199; x_wconf 82' lang='lat' dir='ltr'>gaudebat</span> 
     </span>
     <span class='ocr_line' id='line_1_51' title="bbox 1296 1214 2326 1269; baseline 0 -14"><span class='ocrx_word' id='word_1_339' title='bbox 1296 1214 1338 1256; x_wconf 88' lang='lat' dir='ltr'>in</span> <span class='ocrx_word' id='word_1_340' title='bbox 1359 1216 1592 1267; x_wconf 87' lang='lat' dir='ltr'>universis,</span> <span class='ocrx_word' id='word_1_341' title='bbox 1624 1229 1722 1269; x_wconf 69' lang='lat' dir='ltr'>quae</span> <span class='ocrx_word' id='word_1_342' title='bbox 1753 1218 1935 1269; x_wconf 87' lang='lat' dir='ltr'>gloriose</span> <span class='ocrx_word' id='word_1_343' title='bbox 1962 1218 2116 1258; x_wconf 87' lang='lat' dir='ltr'>fiebant</span> <span class='ocrx_word' id='word_1_344' title='bbox 2145 1218 2197 1258; x_wconf 90' lang='lat' dir='ltr'>ab</span> <span class='ocrx_word' id='word_1_345' title='bbox 2222 1230 2284 1258; x_wconf 93' lang='lat' dir='ltr'>eo.</span> <span class='ocrx_word' id='word_1_346' title='bbox 2307 1232 2326 1256; x_wconf 83' lang='lat'>›)</span> 
     </span>
     <span class='ocr_line' id='line_1_52' title="bbox 1297 1283 2333 1340; baseline 0.003 -15"><span class='ocrx_word' id='word_1_347' title='bbox 1297 1283 1348 1326; x_wconf 89' lang='lat' dir='ltr'>Et</span> <span class='ocrx_word' id='word_1_348' title='bbox 1369 1286 1469 1338; x_wconf 88' lang='lat' dir='ltr'>quia</span> <span class='ocrx_word' id='word_1_349' title='bbox 1490 1299 1617 1327; x_wconf 88' lang='lat' dir='ltr'>nemo</span> <span class='ocrx_word' id='word_1_350' title='bbox 1637 1288 1795 1339; x_wconf 80' lang='lat' dir='ltr'>gaudet</span> <span class='ocrx_word' id='word_1_351' title='bbox 1815 1289 2009 1340; x_wconf 86' lang='lat' dir='ltr'>perfecte,</span> <span class='ocrx_word' id='word_1_352' title='bbox 2031 1288 2111 1328; x_wconf 89' lang='grc'>11151</span> <span class='ocrx_word' id='word_1_353' title='bbox 2132 1301 2187 1329; x_wconf 80' lang='lat' dir='ltr'>ex</span> <span class='ocrx_word' id='word_1_354' title='bbox 2206 1300 2333 1328; x_wconf 88' lang='lat' dir='ltr'>causa</span> 
     </span>
     <span class='ocr_line' id='line_1_53' title="bbox 1296 1356 2328 1411; baseline 0.003 -16"><span class='ocrx_word' id='word_1_355' title='bbox 1296 1358 1336 1396; x_wconf 92' lang='lat' dir='ltr'>et</span> <span class='ocrx_word' id='word_1_356' title='bbox 1356 1356 1541 1406; x_wconf 88' lang='lat' dir='ltr'>ratione,</span> <span class='ocrx_word' id='word_1_357' title='bbox 1564 1357 1657 1397; x_wconf 91' lang='lat' dir='ltr'>ideo</span> <span class='ocrx_word' id='word_1_358' title='bbox 1689 1358 1881 1398; x_wconf 85' lang='lat' dir='ltr'>subditur</span> <span class='ocrx_word' id='word_1_359' title='bbox 1901 1358 2162 1399; x_wconf 89' lang='lat' dir='ltr'>denuntiatio</span> <span class='ocrx_word' id='word_1_360' title='bbox 2187 1359 2328 1411; x_wconf 84' lang='lat' dir='ltr'>expri-</span> 
     </span>
     <span class='ocr_line' id='line_1_54' title="bbox 1297 1426 2327 1482; baseline 0.005 -17"><span class='ocrx_word' id='word_1_361' title='bbox 1297 1438 1418 1466; x_wconf 89' lang='lat' dir='ltr'>mens</span> <span class='ocrx_word' id='word_1_362' title='bbox 1438 1426 1595 1467; x_wconf 79' lang='lat' dir='ltr'>laetitiae</span> <span class='ocrx_word' id='word_1_363' title='bbox 1627 1439 1818 1478; x_wconf 87' lang='lat' dir='ltr'>causam,</span> <span class='ocrx_word' id='word_1_364' title='bbox 1843 1440 1940 1468; x_wconf 91' lang='lat' dir='ltr'>cum</span> <span class='ocrx_word' id='word_1_365' title='bbox 1961 1428 2113 1469; x_wconf 87' lang='lat' dir='ltr'>dicitur</span> <span class='ocrx_word' id='word_1_366' title='bbox 2134 1431 2203 1479; x_wconf 93' lang='lat' dir='ltr'>(v.</span> <span class='ocrx_word' id='word_1_367' title='bbox 2229 1430 2298 1482; x_wconf 86' lang='lat'>11)</span> <span class='ocrx_word' id='word_1_368' title='bbox 2320 1445 2327 1470; x_wconf 92' lang='lat'>:</span> 
     </span>
     <span class='ocr_line' id='line_1_55' title="bbox 1300 1497 2326 1551; baseline 0.004 -14"><span class='ocrx_word' id='word_1_369' title='bbox 1300 1497 1409 1545; x_wconf 73' lang='lat' dir='ltr'>Quia</span> <span class='ocrx_word' id='word_1_370' title='bbox 1429 1501 1556 1539; x_wconf 71' lang='lat' dir='ltr'>vatus</span> <span class='ocrx_word' id='word_1_371' title='bbox 1578 1502 1639 1541; x_wconf 77' lang='lat' dir='ltr'>est</span> <span class='ocrx_word' id='word_1_372' title='bbox 1659 1499 1775 1540; x_wconf 74' lang='lat' dir='ltr'>vobis</span> <span class='ocrx_word' id='word_1_373' title='bbox 1796 1499 1921 1541; x_wconf 71' lang='lat' dir='ltr'>hodie</span> <span class='ocrx_word' id='word_1_374' title='bbox 1946 1499 2164 1542; x_wconf 76' lang='lat' dir='ltr'>Salvator:</span> <span class='ocrx_word' id='word_1_375' title='bbox 2187 1500 2326 1551; x_wconf 78' lang='lat' dir='ltr'>Vobis,</span> 
     </span>
     <span class='ocr_line' id='line_1_56' title="bbox 1296 1567 2332 1622; baseline 0.005 -16"><span class='ocrx_word' id='word_1_376' title='bbox 1296 1567 1337 1607; x_wconf 91' lang='lat' dir='ltr'>id</span> <span class='ocrx_word' id='word_1_377' title='bbox 1358 1570 1421 1607; x_wconf 89' lang='lat' dir='ltr'>est</span> <span class='ocrx_word' id='word_1_378' title='bbox 1450 1568 1502 1608; x_wconf 91' lang='lat' dir='ltr'>ad</span> <span class='ocrx_word' id='word_1_379' title='bbox 1527 1569 1753 1609; x_wconf 86' lang='lat' dir='ltr'>utilitatem</span> <span class='ocrx_word' id='word_1_380' title='bbox 1773 1573 1980 1622; x_wconf 85' lang='lat' dir='ltr'>vestram,</span> <span class='ocrx_word' id='word_1_381' title='bbox 2013 1571 2165 1611; x_wconf 87' lang='lat' dir='ltr'>scilicet</span> <span class='ocrx_word' id='word_1_382' title='bbox 2192 1571 2332 1611; x_wconf 88' lang='lat' dir='ltr'>homi—</span> 
     </span>
     <span class='ocr_line' id='line_1_57' title="bbox 1296 1639 2330 1688; baseline 0.004 -10"><span class='ocrx_word' id='word_1_383' title='bbox 1296 1650 1424 1688; x_wconf 79' lang='lat' dir='ltr'>num3</span> <span class='ocrx_word' id='word_1_384' title='bbox 1446 1640 1588 1681; x_wconf 74' lang='lat' dir='ltr'>lsdz&#39;as</span> <span class='ocrx_word' id='word_1_385' title='bbox 1618 1641 1645 1662; x_wconf 78' lang='lat'>¹³</span> <span class='ocrx_word' id='word_1_386' title='bbox 1668 1654 1676 1679; x_wconf 89' lang='lat'>:</span> <span class='ocrx_word' id='word_1_387' title='bbox 1701 1655 1720 1678; x_wconf 76' lang='lat' dir='ltr'>c(</span> <span class='ocrx_word' id='word_1_388' title='bbox 1744 1639 1954 1682; x_wconf 89' lang='lat' dir='ltr'>Parvulus</span> <span class='ocrx_word' id='word_1_389' title='bbox 1983 1642 2098 1682; x_wconf 90' lang='lat' dir='ltr'>enim</span> <span class='ocrx_word' id='word_1_390' title='bbox 2122 1644 2247 1682; x_wconf 87' lang='lat' dir='ltr'>natus</span> <span class='ocrx_word' id='word_1_391' title='bbox 2267 1645 2330 1682; x_wconf 89' lang='lat' dir='ltr'>est</span> 
     </span>
     <span class='ocr_line' id='line_1_58' title="bbox 1296 1710 2330 1758; baseline 0.005 -10"><span class='ocrx_word' id='word_1_392' title='bbox 1296 1710 1438 1758; x_wconf 90' lang='lat' dir='ltr'>nobis,</span> <span class='ocrx_word' id='word_1_393' title='bbox 1475 1713 1516 1750; x_wconf 90' lang='lat' dir='ltr'>et</span> <span class='ocrx_word' id='word_1_394' title='bbox 1550 1710 1662 1751; x_wconf 86' lang='lat' dir='ltr'>filius</span> <span class='ocrx_word' id='word_1_395' title='bbox 1691 1711 1814 1751; x_wconf 88' lang='lat' dir='ltr'>datus</span> <span class='ocrx_word' id='word_1_396' title='bbox 1841 1714 1903 1752; x_wconf 90' lang='lat' dir='ltr'>est</span> <span class='ocrx_word' id='word_1_397' title='bbox 1941 1713 2078 1753; x_wconf 90' lang='lat' dir='ltr'>nobis.</span> <span class='ocrx_word' id='word_1_398' title='bbox 2100 1726 2119 1750; x_wconf 76' lang='lat' dir='ltr'>n</span> <span class='ocrx_word' id='word_1_399' title='bbox 2154 1712 2203 1752; x_wconf 87' lang='lat' dir='ltr'>Et</span> <span class='ocrx_word' id='word_1_400' title='bbox 2231 1725 2330 1754; x_wconf 90' lang='lat' dir='ltr'>vere</span> 
     </span>
     <span class='ocr_line' id='line_1_59' title="bbox 1295 1779 2330 1833; baseline 0.005 -15"><span class='ocrx_word' id='word_1_401' title='bbox 1295 1779 1347 1819; x_wconf 90' lang='lat' dir='ltr'>ad</span> <span class='ocrx_word' id='word_1_402' title='bbox 1367 1779 1590 1820; x_wconf 87' lang='lat' dir='ltr'>utilitatem</span> <span class='ocrx_word' id='word_1_403' title='bbox 1604 1813 1613 1831; x_wconf 81' lang='lat'>,</span> <span class='ocrx_word' id='word_1_404' title='bbox 1637 1781 1738 1833; x_wconf 87' lang='lat' dir='ltr'>quia</span> <span class='ocrx_word' id='word_1_405' title='bbox 1756 1780 1949 1822; x_wconf 90' lang='lat' dir='ltr'>Salvator</span> <span class='ocrx_word' id='word_1_406' title='bbox 1963 1782 1991 1804; x_wconf 67' lang='lat'>¹⁵</span> <span class='ocrx_word' id='word_1_407' title='bbox 2015 1795 2025 1822; x_wconf 88' lang='lat'>:</span> <span class='ocrx_word' id='word_1_408' title='bbox 2051 1798 2069 1821; x_wconf 86' lang='lat'>«</span> <span class='ocrx_word' id='word_1_409' title='bbox 2091 1782 2197 1823; x_wconf 89' lang='lat' dir='ltr'>Vere</span> <span class='ocrx_word' id='word_1_410' title='bbox 2215 1784 2262 1823; x_wconf 89' lang='lat' dir='ltr'>tu</span> <span class='ocrx_word' id='word_1_411' title='bbox 2285 1795 2330 1823; x_wconf 90' lang='lat' dir='ltr'>es</span> 
     </span>
     <span class='ocr_line' id='line_1_60' title="bbox 1295 1849 2329 1904; baseline 0.005 -15"><span class='ocrx_word' id='word_1_412' title='bbox 1295 1849 1406 1890; x_wconf 90' lang='lat' dir='ltr'>Deus</span> <span class='ocrx_word' id='word_1_413' title='bbox 1413 1851 1695 1903; x_wconf 87' lang='lat' dir='ltr'>absconditus,</span> <span class='ocrx_word' id='word_1_414' title='bbox 1709 1852 1817 1893; x_wconf 88' lang='lat' dir='ltr'>Deus</span> <span class='ocrx_word' id='word_1_415' title='bbox 1828 1852 1968 1904; x_wconf 87' lang='lat' dir='ltr'>Israel,</span> <span class='ocrx_word' id='word_1_416' title='bbox 1981 1853 2188 1894; x_wconf 88' lang='lat' dir='ltr'>Salvator.</span> <span class='ocrx_word' id='word_1_417' title='bbox 2198 1868 2217 1891; x_wconf 82' lang='lat'>›&gt;</span> <span class='ocrx_word' id='word_1_418' title='bbox 2226 1853 2329 1895; x_wconf 64' lang='lat' dir='ltr'>Etff’:</span> 
     </span>
     <span class='ocr_line' id='line_1_61' title="bbox 1301 1922 2329 1964; baseline 0.004 -4"><span class='ocrx_word' id='word_1_419' title='bbox 1301 1937 1320 1960; x_wconf 82' lang='lat'>«</span> <span class='ocrx_word' id='word_1_420' title='bbox 1340 1922 1589 1963; x_wconf 88' lang='lat' dir='ltr'>Clamabunt</span> <span class='ocrx_word' id='word_1_421' title='bbox 1615 1923 1667 1963; x_wconf 89' lang='lat' dir='ltr'>ad</span> <span class='ocrx_word' id='word_1_422' title='bbox 1688 1923 1918 1964; x_wconf 84' lang='lat' dir='ltr'>Dominum</span> <span class='ocrx_word' id='word_1_423' title='bbox 1938 1936 1963 1963; x_wconf 90' lang='lat' dir='ltr'>a</span> <span class='ocrx_word' id='word_1_424' title='bbox 1984 1924 2088 1964; x_wconf 85' lang='lat' dir='ltr'>facie</span> <span class='ocrx_word' id='word_1_425' title='bbox 2117 1924 2329 1964; x_wconf 88' lang='lat' dir='ltr'>tribulan-</span> 
     </span>
     <span class='ocr_line' id='line_1_62' title="bbox 1294 1992 2328 2047; baseline 0.003 -15"><span class='ocrx_word' id='word_1_426' title='bbox 1294 1992 1370 2043; x_wconf 89' lang='lat' dir='ltr'>tis,</span> <span class='ocrx_word' id='word_1_427' title='bbox 1394 1995 1435 2033; x_wconf 90' lang='lat' dir='ltr'>et</span> <span class='ocrx_word' id='word_1_428' title='bbox 1456 1993 1591 2033; x_wconf 87' lang='lat' dir='ltr'>mittet</span> <span class='ocrx_word' id='word_1_429' title='bbox 1611 1993 1669 2034; x_wconf 88' lang='lat' dir='ltr'>eis</span> <span class='ocrx_word' id='word_1_430' title='bbox 1695 1993 1950 2035; x_wconf 89' lang='lat' dir='ltr'>salvatorem</span> <span class='ocrx_word' id='word_1_431' title='bbox 1969 1997 2009 2035; x_wconf 89' lang='lat' dir='ltr'>et</span> <span class='ocrx_word' id='word_1_432' title='bbox 2029 1997 2328 2047; x_wconf 88' lang='lat' dir='ltr'>propugnato-</span> 
     </span>
     <span class='ocr_line' id='line_1_63' title="bbox 1294 2064 2328 2116; baseline 0.003 -13"><span class='ocrx_word' id='word_1_433' title='bbox 1294 2075 1384 2104; x_wconf 87' lang='lat' dir='ltr'>rem</span> <span class='ocrx_word' id='word_1_434' title='bbox 1399 2095 1409 2114; x_wconf 82' lang='lat'>,</span> <span class='ocrx_word' id='word_1_435' title='bbox 1437 2064 1510 2116; x_wconf 84' lang='lat' dir='ltr'>qui</span> <span class='ocrx_word' id='word_1_436' title='bbox 1530 2064 1679 2104; x_wconf 89' lang='lat' dir='ltr'>liberet</span> <span class='ocrx_word' id='word_1_437' title='bbox 1702 2076 1786 2104; x_wconf 83' lang='lat' dir='ltr'>eos.</span> <span class='ocrx_word' id='word_1_438' title='bbox 1811 2079 1830 2102; x_wconf 73' lang='lat' dir='ltr'>n</span> <span class='ocrx_word' id='word_1_439' title='bbox 1857 2065 1907 2105; x_wconf 86' lang='lat' dir='ltr'>Et</span> <span class='ocrx_word' id='word_1_440' title='bbox 1927 2077 2027 2106; x_wconf 91' lang='lat' dir='ltr'>vere</span> <span class='ocrx_word' id='word_1_441' title='bbox 2048 2065 2245 2114; x_wconf 86' lang='lat' dir='ltr'>salvator,</span> <span class='ocrx_word' id='word_1_442' title='bbox 2265 2077 2328 2106; x_wconf 88' lang='lat' dir='ltr'>se-</span> 
     </span>
     <span class='ocr_line' id='line_1_64' title="bbox 1294 2134 2332 2178; baseline 0.003 -4"><span class='ocrx_word' id='word_1_443' title='bbox 1294 2135 1483 2175; x_wconf 87' lang='lat' dir='ltr'>cundum</span> <span class='ocrx_word' id='word_1_444' title='bbox 1502 2135 1606 2175; x_wconf 87' lang='lat' dir='ltr'>illud</span> <span class='ocrx_word' id='word_1_445' title='bbox 1622 2134 1648 2157; x_wconf 77' lang='lat'>¹⁶</span> <span class='ocrx_word' id='word_1_446' title='bbox 1665 2149 1704 2175; x_wconf 80' lang='lat' dir='ltr'>z«</span> <span class='ocrx_word' id='word_1_447' title='bbox 1724 2135 1808 2176; x_wconf 89' lang='lat' dir='ltr'>Nec</span> <span class='ocrx_word' id='word_1_448' title='bbox 1827 2136 1942 2177; x_wconf 90' lang='lat' dir='ltr'>enim</span> <span class='ocrx_word' id='word_1_449' title='bbox 1963 2136 2078 2176; x_wconf 91' lang='lat' dir='ltr'>aliud</span> <span class='ocrx_word' id='word_1_450' title='bbox 2095 2148 2252 2177; x_wconf 89' lang='lat' dir='ltr'>nomen</span> <span class='ocrx_word' id='word_1_451' title='bbox 2270 2138 2332 2178; x_wconf 89' lang='lat' dir='ltr'>est</span> 
     </span>
     <span class='ocr_line' id='line_1_65' title="bbox 1293 2205 2332 2260; baseline 0.004 -16"><span class='ocrx_word' id='word_1_452' title='bbox 1293 2206 1373 2245; x_wconf 90' lang='lat' dir='ltr'>sub</span> <span class='ocrx_word' id='word_1_453' title='bbox 1388 2205 1491 2246; x_wconf 88' lang='lat' dir='ltr'>coelo</span> <span class='ocrx_word' id='word_1_454' title='bbox 1512 2206 1657 2247; x_wconf 89' lang='lat' dir='ltr'>datum</span> <span class='ocrx_word' id='word_1_455' title='bbox 1682 2207 1942 2258; x_wconf 83' lang='lat' dir='ltr'>hominihus,</span> <span class='ocrx_word' id='word_1_456' title='bbox 1966 2207 2010 2247; x_wconf 92' lang='lat' dir='ltr'>in</span> <span class='ocrx_word' id='word_1_457' title='bbox 2036 2219 2121 2260; x_wconf 86' lang='lat' dir='ltr'>quo</span> <span class='ocrx_word' id='word_1_458' title='bbox 2140 2208 2332 2260; x_wconf 88' lang='lat' dir='ltr'>oporteat</span> 
     </span>
     <span class='ocr_line' id='line_1_66' title="bbox 1293 2277 2328 2318; baseline 0.002 -2"><span class='ocrx_word' id='word_1_459' title='bbox 1293 2288 1371 2317; x_wconf 91' lang='lat' dir='ltr'>nos</span> <span class='ocrx_word' id='word_1_460' title='bbox 1401 2277 1539 2318; x_wconf 87' lang='lat' dir='ltr'>salvos</span> <span class='ocrx_word' id='word_1_461' title='bbox 1559 2278 1665 2317; x_wconf 78' lang='lat' dir='ltr'>fieri.</span> <span class='ocrx_word' id='word_1_462' title='bbox 1694 2292 1713 2315; x_wconf 88' lang='lat'>»</span> <span class='ocrx_word' id='word_1_463' title='bbox 1740 2277 1786 2317; x_wconf 89' lang='lat' dir='ltr'>In</span> <span class='ocrx_word' id='word_1_464' title='bbox 1810 2278 1890 2318; x_wconf 91' lang='lat' dir='ltr'>hoc</span> <span class='ocrx_word' id='word_1_465' title='bbox 1918 2280 2060 2318; x_wconf 89' lang='lat' dir='ltr'>autem</span> <span class='ocrx_word' id='word_1_466' title='bbox 2087 2277 2328 2318; x_wconf 89' lang='lat' dir='ltr'>insinuatur</span> 
     </span>
     <span class='ocr_line' id='line_1_67' title="bbox 1294 2347 2331 2399; baseline 0.002 -13"><span class='ocrx_word' id='word_1_467' title='bbox 1294 2358 1420 2386; x_wconf 84' lang='lat' dir='ltr'>causa</span> <span class='ocrx_word' id='word_1_468' title='bbox 1438 2347 1651 2398; x_wconf 89' lang='lat' dir='ltr'>gaudendi</span> <span class='ocrx_word' id='word_1_469' title='bbox 1667 2359 1744 2399; x_wconf 89' lang='lat' dir='ltr'>pro</span> <span class='ocrx_word' id='word_1_470' title='bbox 1765 2347 1982 2388; x_wconf 89' lang='lat' dir='ltr'>nativitate</span> <span class='ocrx_word' id='word_1_471' title='bbox 2001 2349 2028 2373; x_wconf 89' lang='lat'>¹⁷</span> <span class='ocrx_word' id='word_1_472' title='bbox 2047 2362 2087 2388; x_wconf 79' lang='lat' dir='ltr'>z«</span> <span class='ocrx_word' id='word_1_473' title='bbox 2101 2347 2151 2388; x_wconf 86' lang='lat' dir='ltr'>Et</span> <span class='ocrx_word' id='word_1_474' title='bbox 2172 2348 2331 2388; x_wconf 90' lang='lat' dir='ltr'>orietur</span> 
     </span>
     <span class='ocr_line' id='line_1_68' title="bbox 1294 2417 2327 2470; baseline 0.001 -13"><span class='ocrx_word' id='word_1_475' title='bbox 1294 2417 1414 2457; x_wconf 90' lang='lat' dir='ltr'>vobis</span> <span class='ocrx_word' id='word_1_476' title='bbox 1448 2417 1696 2457; x_wconf 90' lang='lat' dir='ltr'>timentibus</span> <span class='ocrx_word' id='word_1_477' title='bbox 1734 2429 1890 2458; x_wconf 89' lang='lat' dir='ltr'>nomen</span> <span class='ocrx_word' id='word_1_478' title='bbox 1926 2429 2096 2468; x_wconf 85' lang='lat' dir='ltr'>meum,</span> <span class='ocrx_word' id='word_1_479' title='bbox 2138 2418 2201 2458; x_wconf 91' lang='lat' dir='ltr'>sol</span> <span class='ocrx_word' id='word_1_480' title='bbox 2233 2419 2327 2470; x_wconf 83' lang='lat' dir='ltr'>jus-</span> 
     </span>
     <span class='ocr_line' id='line_1_69' title="bbox 1294 2486 2330 2540; baseline 0.002 -14"><span class='ocrx_word' id='word_1_481' title='bbox 1294 2486 1412 2527; x_wconf 62' lang='lat' dir='ltr'>titiae.</span> <span class='ocrx_word' id='word_1_482' title='bbox 1435 2501 1454 2524; x_wconf 88' lang='lat'>»</span> <span class='ocrx_word' id='word_1_483' title='bbox 1480 2487 1563 2528; x_wconf 89' lang='lat' dir='ltr'>Nec</span> <span class='ocrx_word' id='word_1_484' title='bbox 1584 2490 1750 2528; x_wconf 87' lang='lat' dir='ltr'>tantum</span> <span class='ocrx_word' id='word_1_485' title='bbox 1771 2488 2046 2540; x_wconf 88' lang='lat' dir='ltr'>gaudendum</span> <span class='ocrx_word' id='word_1_486' title='bbox 2066 2489 2230 2529; x_wconf 89' lang='lat' dir='ltr'>ratione</span> <span class='ocrx_word' id='word_1_487' title='bbox 2252 2489 2330 2528; x_wconf 91' lang='lat' dir='ltr'>uti-</span> 
     </span>
     <span class='ocr_line' id='line_1_70' title="bbox 1292 2556 2330 2610; baseline 0.002 -13"><span class='ocrx_word' id='word_1_488' title='bbox 1292 2556 1440 2608; x_wconf 74' lang='lat' dir='ltr'>litatis,</span> <span class='ocrx_word' id='word_1_489' title='bbox 1463 2570 1614 2599; x_wconf 90' lang='lat' dir='ltr'>verum</span> <span class='ocrx_word' id='word_1_490' title='bbox 1635 2559 1762 2599; x_wconf 88' lang='lat' dir='ltr'>etiam</span> <span class='ocrx_word' id='word_1_491' title='bbox 1785 2558 2023 2610; x_wconf 87' lang='lat' dir='ltr'>dignitatis;</span> <span class='ocrx_word' id='word_1_492' title='bbox 2051 2562 2092 2599; x_wconf 90' lang='lat' dir='ltr'>et</span> <span class='ocrx_word' id='word_1_493' title='bbox 2113 2559 2207 2599; x_wconf 89' lang='lat' dir='ltr'>ideo</span> <span class='ocrx_word' id='word_1_494' title='bbox 2229 2559 2330 2599; x_wconf 89' lang='lat' dir='ltr'>sub-</span> 
     </span>
    </p>
   </div>
   <div class='ocr_carea' id='block_1_5' title="bbox 1292 2629 2328 2894">
    <p class='ocr_par' dir='ltr' id='par_1_6' title="bbox 1292 2629 2328 2894">
     <span class='ocr_line' id='line_1_71' title="bbox 1293 2629 2326 2679; baseline 0.003 -11"><span class='ocrx_word' id='word_1_495' title='bbox 1293 2629 1472 2669; x_wconf 83' lang='lat' dir='ltr'>infertur</span> <span class='ocrx_word' id='word_1_496' title='bbox 1497 2644 1505 2669; x_wconf 88' lang='lat'>:</span> <span class='ocrx_word' id='word_1_497' title='bbox 1531 2629 1613 2679; x_wconf 76' lang='lat' dir='ltr'>Qui</span> <span class='ocrx_word' id='word_1_498' title='bbox 1640 2633 1700 2671; x_wconf 76' lang='lat' dir='ltr'>est</span> <span class='ocrx_word' id='word_1_499' title='bbox 1732 2629 1922 2671; x_wconf 74' lang='lat' dir='ltr'>Christus</span> <span class='ocrx_word' id='word_1_500' title='bbox 1946 2630 2156 2671; x_wconf 76' lang='lat' dir='ltr'>Dominus</span> <span class='ocrx_word' id='word_1_501' title='bbox 2187 2631 2235 2671; x_wconf 76' lang='lat' dir='ltr'>in</span> <span class='ocrx_word' id='word_1_502' title='bbox 2265 2631 2326 2672; x_wconf 78' lang='lat' dir='ltr'>ci-</span> 
     </span>
     <span class='ocr_line' id='line_1_72' title="bbox 1292 2699 2327 2752; baseline 0 -11"><span class='ocrx_word' id='word_1_503' title='bbox 1292 2701 1428 2742; x_wconf 76' lang='lat' dir='ltr'>vitate</span> <span class='ocrx_word' id='word_1_504' title='bbox 1458 2699 1618 2742; x_wconf 77' lang='lat' dir='ltr'>David.</span> <span class='ocrx_word' id='word_1_505' title='bbox 1653 2699 1703 2740; x_wconf 90' lang='lat' dir='ltr'>Et</span> <span class='ocrx_word' id='word_1_506' title='bbox 1729 2700 1787 2740; x_wconf 88' lang='lat' dir='ltr'>sic</span> <span class='ocrx_word' id='word_1_507' title='bbox 1809 2700 2023 2752; x_wconf 88' lang='lat' dir='ltr'>reparabit</span> <span class='ocrx_word' id='word_1_508' title='bbox 2049 2713 2235 2752; x_wconf 89' lang='lat' dir='ltr'>regnum</span> <span class='ocrx_word' id='word_1_509' title='bbox 2270 2701 2327 2740; x_wconf 89' lang='lat' dir='ltr'>is-</span> 
     </span>
     <span class='ocr_line' id='line_1_73' title="bbox 1292 2771 2328 2824; baseline 0.002 -14"><span class='ocrx_word' id='word_1_510' title='bbox 1292 2771 1545 2822; x_wconf 86' lang='lat' dir='ltr'>raeliticum,</span> <span class='ocrx_word' id='word_1_511' title='bbox 1563 2771 1798 2812; x_wconf 87' lang='lat' dir='ltr'>secundum</span> <span class='ocrx_word' id='word_1_512' title='bbox 1812 2771 1916 2812; x_wconf 88' lang='lat' dir='ltr'>illud</span> <span class='ocrx_word' id='word_1_513' title='bbox 1931 2772 1959 2797; x_wconf 72' lang='lat'>¹³</span> <span class='ocrx_word' id='word_1_514' title='bbox 1974 2785 1982 2811; x_wconf 90' lang='lat'>:</span> <span class='ocrx_word' id='word_1_515' title='bbox 1995 2786 2013 2809; x_wconf 70' lang='grc' dir='ltr'>α</span> <span class='ocrx_word' id='word_1_516' title='bbox 2027 2771 2163 2824; x_wconf 89' lang='lat' dir='ltr'>Super</span> <span class='ocrx_word' id='word_1_517' title='bbox 2175 2771 2328 2812; x_wconf 88' lang='lat' dir='ltr'>solium</span> 
     </span>
     <span class='ocr_line' id='line_1_74' title="bbox 1293 2841 2327 2894; baseline 0.002 -13"><span class='ocrx_word' id='word_1_518' title='bbox 1293 2841 1447 2892; x_wconf 90' lang='lat' dir='ltr'>David,</span> <span class='ocrx_word' id='word_1_519' title='bbox 1480 2845 1521 2882; x_wconf 94' lang='lat' dir='ltr'>et</span> <span class='ocrx_word' id='word_1_520' title='bbox 1553 2854 1680 2894; x_wconf 86' lang='lat' dir='ltr'>super</span> <span class='ocrx_word' id='word_1_521' title='bbox 1722 2853 1908 2893; x_wconf 86' lang='lat' dir='ltr'>regnum</span> <span class='ocrx_word' id='word_1_522' title='bbox 1937 2842 2029 2894; x_wconf 86' lang='lat' dir='ltr'>ejus</span> <span class='ocrx_word' id='word_1_523' title='bbox 2059 2842 2248 2893; x_wconf 84' lang='lat' dir='ltr'>sedebit,</span> <span class='ocrx_word' id='word_1_524' title='bbox 2279 2845 2327 2883; x_wconf 88' lang='lat' dir='ltr'>ut</span> 
     </span>
    </p>
   </div>
   <div class='ocr_carea' id='block_1_6' title="bbox 66 2631 1219 2684">
    <p class='ocr_par' dir='ltr' id='par_1_7' title="bbox 66 2631 1219 2684">
     <span class='ocr_line' id='line_1_75' title="bbox 66 2631 1219 2684; baseline 0.001 -13"><span class='ocrx_word' id='word_1_525' title='bbox 66 2644 170 2680; x_wconf 77' lang='lat' dir='ltr'>Angeli</span> <span class='ocrx_word' id='word_1_526' title='bbox 188 2631 337 2672; x_wconf 89' lang='lat' dir='ltr'>tribuit</span> <span class='ocrx_word' id='word_1_527' title='bbox 355 2632 550 2684; x_wconf 89' lang='lat' dir='ltr'>sperandi</span> <span class='ocrx_word' id='word_1_528' title='bbox 572 2631 787 2672; x_wconf 85' lang='lat' dir='ltr'>fiduciam.</span> <span class='ocrx_word' id='word_1_529' title='bbox 806 2631 853 2672; x_wconf 88' lang='lat' dir='ltr'>In</span> <span class='ocrx_word' id='word_1_530' title='bbox 873 2632 955 2672; x_wconf 88' lang='lat' dir='ltr'>hoc</span> <span class='ocrx_word' id='word_1_531' title='bbox 976 2632 1219 2684; x_wconf 88' lang='lat' dir='ltr'>agnoscitur</span> 
     </span>
    </p>
   </div>
   <div class='ocr_carea' id='block_1_7' title="bbox 28 2685 1217 2755">
    <p class='ocr_par' dir='ltr' id='par_1_8' title="bbox 28 2685 1217 2755">
     <span class='ocr_line' id='line_1_76' title="bbox 28 2685 1217 2755; baseline 0.001 -13"><span class='ocrx_word' id='word_1_532' title='bbox 28 2685 171 2754; x_wconf 44' lang='lat' dir='ltr'>{32⁵1}ss</span> <span class='ocrx_word' id='word_1_533' title='bbox 189 2702 424 2744; x_wconf 87' lang='lat' dir='ltr'>differentia</span> <span class='ocrx_word' id='word_1_534' title='bbox 443 2702 551 2743; x_wconf 88' lang='lat' dir='ltr'>inter</span> <span class='ocrx_word' id='word_1_535' title='bbox 576 2702 777 2755; x_wconf 91' lang='lat' dir='ltr'>angelum</span> <span class='ocrx_word' id='word_1_536' title='bbox 799 2702 926 2753; x_wconf 83' lang='grc'>111015,</span> <span class='ocrx_word' id='word_1_537' title='bbox 955 2706 996 2743; x_wconf 89' lang='lat' dir='ltr'>et</span> <span class='ocrx_word' id='word_1_538' title='bbox 1021 2703 1217 2744; x_wconf 87' lang='lat' dir='ltr'>tenebra-</span> 
     </span>
    </p>
   </div>
   <div class='ocr_carea' id='block_1_8' title="bbox 33 2767 1219 2836">
    <p class='ocr_par' dir='ltr' id='par_1_9' title="bbox 33 2767 1219 2836">
     <span class='ocr_line' id='line_1_77' title="bbox 33 2767 1219 2836; baseline 0.003 -25"><span class='ocrx_word' id='word_1_539' title='bbox 33 2767 169 2836; x_wconf 52' lang='grc' dir='ltr'>Γξέζὲξέῑ·</span> <span class='ocrx_word' id='word_1_540' title='bbox 189 2785 308 2825; x_wconf 87' lang='lat' dir='ltr'>rum,</span> <span class='ocrx_word' id='word_1_541' title='bbox 348 2774 450 2826; x_wconf 88' lang='lat' dir='ltr'>quia</span> <span class='ocrx_word' id='word_1_542' title='bbox 482 2774 619 2815; x_wconf 91' lang='lat' dir='ltr'>bonus</span> <span class='ocrx_word' id='word_1_543' title='bbox 656 2774 838 2826; x_wconf 90' lang='lat' dir='ltr'>angelus</span> <span class='ocrx_word' id='word_1_544' title='bbox 872 2776 1106 2825; x_wconf 87' lang='lat' dir='ltr'>assecurat,</span> <span class='ocrx_word' id='word_1_545' title='bbox 1147 2775 1219 2815; x_wconf 90' lang='lat' dir='ltr'>sed</span> 
     </span>
    </p>
   </div>
   <div class='ocr_carea' id='block_1_9' title="bbox 41 2845 1215 2898">
    <p class='ocr_par' dir='ltr' id='par_1_10' title="bbox 41 2845 1215 2898">
     <span class='ocr_line' id='line_1_78' title="bbox 41 2845 1215 2898; baseline 0.002 -15"><span class='ocrx_word' id='word_1_546' title='bbox 41 2850 155 2884; x_wconf 75' lang='lat' dir='ltr'>appari·</span> <span class='ocrx_word' id='word_1_547' title='bbox 190 2845 328 2886; x_wconf 89' lang='lat' dir='ltr'>malus</span> <span class='ocrx_word' id='word_1_548' title='bbox 351 2845 534 2885; x_wconf 89' lang='lat' dir='ltr'>finaliter</span> <span class='ocrx_word' id='word_1_549' title='bbox 560 2847 704 2886; x_wconf 88' lang='lat' dir='ltr'>terret.</span> <span class='ocrx_word' id='word_1_550' title='bbox 727 2845 779 2886; x_wconf 89' lang='lat' dir='ltr'>Et</span> <span class='ocrx_word' id='word_1_551' title='bbox 801 2845 914 2898; x_wconf 87' lang='lat' dir='ltr'>quod</span> <span class='ocrx_word' id='word_1_552' title='bbox 933 2845 1028 2898; x_wconf 87' lang='lat' dir='ltr'>plus</span> <span class='ocrx_word' id='word_1_553' title='bbox 1047 2847 1127 2892; x_wconf 90' lang='lat' dir='ltr'>est,</span> <span class='ocrx_word' id='word_1_554' title='bbox 1152 2846 1215 2885; x_wconf 91' lang='lat' dir='ltr'>in-</span> 
     </span>
    </p>
   </div>
   <div class='ocr_carea' id='block_1_10' title="bbox 43 2890 1219 3181">
    <p class='ocr_par' dir='ltr' id='par_1_11' title="bbox 43 2890 1219 3181">
     <span class='ocr_line' id='line_1_79' title="bbox 43 2890 1219 2969; baseline 0.002 -13"><span class='ocrx_word' id='word_1_555' title='bbox 43 2890 95 2917; x_wconf 53' lang='lat' dir='ltr'>tm&#39;</span> <span class='ocrx_word' id='word_1_556' title='bbox 190 2915 296 2957; x_wconf 85' lang='lat' dir='ltr'>vitat</span> <span class='ocrx_word' id='word_1_557' title='bbox 322 2915 374 2956; x_wconf 89' lang='lat' dir='ltr'>ad</span> <span class='ocrx_word' id='word_1_558' title='bbox 393 2915 602 2966; x_wconf 85' lang='lat' dir='ltr'>laetitiam,</span> <span class='ocrx_word' id='word_1_559' title='bbox 625 2918 797 2969; x_wconf 90' lang='lat' dir='ltr'>propter</span> <span class='ocrx_word' id='word_1_560' title='bbox 825 2916 938 2968; x_wconf 87' lang='lat' dir='ltr'>quod</span> <span class='ocrx_word' id='word_1_561' title='bbox 958 2915 1092 2956; x_wconf 89' lang='lat' dir='ltr'>addit:</span> <span class='ocrx_word' id='word_1_562' title='bbox 1116 2918 1219 2958; x_wconf 83' lang='lat' dir='ltr'>Ecce</span> 
     </span>
     <span class='ocr_line' id='line_1_80' title="bbox 193 2986 1216 3041; baseline 0.001 -15"><span class='ocrx_word' id='word_1_563' title='bbox 193 2986 305 3027; x_wconf 80' lang='lat' dir='ltr'>enim</span> <span class='ocrx_word' id='word_1_564' title='bbox 337 2987 580 3040; x_wconf 70' lang='lat' dir='ltr'>evanqelizo</span> <span class='ocrx_word' id='word_1_565' title='bbox 609 2987 728 3030; x_wconf 74' lang='lat' dir='ltr'>vobis</span> <span class='ocrx_word' id='word_1_566' title='bbox 759 2987 969 3041; x_wconf 73' lang='lat' dir='ltr'>qaudium</span> <span class='ocrx_word' id='word_1_567' title='bbox 999 2998 1216 3040; x_wconf 60' lang='lat' dir='ltr'>maumam.</span> 
     </span>
     <span class='ocr_line' id='line_1_81' title="bbox 193 3053 1218 3111; baseline 0.004 -17"><span class='ocrx_word' id='word_1_568' title='bbox 193 3053 281 3095; x_wconf 89' lang='lat' dir='ltr'>Hoc</span> <span class='ocrx_word' id='word_1_569' title='bbox 295 3057 464 3108; x_wconf 89' lang='lat' dir='ltr'>optabat</span> <span class='ocrx_word' id='word_1_570' title='bbox 479 3057 678 3111; x_wconf 87' lang='lat' dir='ltr'>Raphael,</span> <span class='ocrx_word' id='word_1_571' title='bbox 694 3070 793 3099; x_wconf 91' lang='lat' dir='ltr'>cum</span> <span class='ocrx_word' id='word_1_572' title='bbox 807 3058 905 3098; x_wconf 89' lang='lat' dir='ltr'>dicit</span> <span class='ocrx_word' id='word_1_573' title='bbox 918 3062 952 3097; x_wconf 90' lang='lat'>⁷:</span> <span class='ocrx_word' id='word_1_574' title='bbox 971 3072 989 3096; x_wconf 76' lang='lat' dir='ltr'>t&lt;</span> <span class='ocrx_word' id='word_1_575' title='bbox 1005 3057 1218 3098; x_wconf 90' lang='lat' dir='ltr'>Gaudium</span> 
     </span>
     <span class='ocr_line' id='line_1_82' title="bbox 194 3127 1219 3181; baseline 0.004 -16"><span class='ocrx_word' id='word_1_576' title='bbox 194 3136 359 3178; x_wconf 89' lang='lat' dir='ltr'>semper</span> <span class='ocrx_word' id='word_1_577' title='bbox 390 3127 442 3167; x_wconf 88' lang='lat' dir='ltr'>sit</span> <span class='ocrx_word' id='word_1_578' title='bbox 474 3128 563 3170; x_wconf 87' lang='lat' dir='ltr'>tibi.</span> <span class='ocrx_word' id='word_1_579' title='bbox 588 3143 607 3167; x_wconf 88' lang='lat'>»</span> <span class='ocrx_word' id='word_1_580' title='bbox 639 3128 814 3181; x_wconf 88' lang='lat' dir='ltr'>Propter</span> <span class='ocrx_word' id='word_1_581' title='bbox 844 3129 925 3169; x_wconf 90' lang='lat' dir='ltr'>hoc</span> <span class='ocrx_word' id='word_1_582' title='bbox 954 3127 1093 3180; x_wconf 88' lang='lat' dir='ltr'>gavisi</span> <span class='ocrx_word' id='word_1_583' title='bbox 1121 3131 1219 3169; x_wconf 87' lang='lat' dir='ltr'>sunt</span> 
     </span>
    </p>
   </div>
   <div class='ocr_carea' id='block_1_11' title="bbox 195 3232 1220 3465">
    <p class='ocr_par' dir='ltr' id='par_1_12' title="bbox 195 3232 1220 3465">
     <span class='ocr_line' id='line_1_83' title="bbox 237 3232 1216 3276; baseline 0.004 -13"><span class='ocrx_word' id='word_1_584' title='bbox 237 3233 249 3254; x_wconf 87' lang='lat'>1</span> <span class='ocrx_word' id='word_1_585' title='bbox 270 3233 384 3270; x_wconf 58' lang='lat' dir='ltr'>Rern„</span> <span class='ocrx_word' id='word_1_586' title='bbox 407 3232 445 3264; x_wconf 85' lang='lat' dir='ltr'>de</span> <span class='ocrx_word' id='word_1_587' title='bbox 463 3233 575 3265; x_wconf 82' lang='lat' dir='ltr'>Nativ.</span> <span class='ocrx_word' id='word_1_588' title='bbox 599 3235 707 3275; x_wconf 85' lang='lat' dir='ltr'>Dom.,</span> <span class='ocrx_word' id='word_1_589' title='bbox 731 3244 833 3266; x_wconf 89' lang='lat' dir='ltr'>serm.</span> <span class='ocrx_word' id='word_1_590' title='bbox 856 3243 903 3267; x_wconf 89' lang='lat' dir='ltr'>1v.</span> <span class='ocrx_word' id='word_1_591' title='bbox 929 3253 970 3258; x_wconf 90' lang='lat'>—</span> <span class='ocrx_word' id='word_1_592' title='bbox 995 3236 1008 3256; x_wconf 80' lang='lat'>2</span> <span class='ocrx_word' id='word_1_593' title='bbox 1027 3236 1140 3276; x_wconf 61' lang='lat' dir='ltr'>Prov„</span> <span class='ocrx_word' id='word_1_594' title='bbox 1162 3244 1216 3276; x_wconf 87' lang='lat'>111,</span> 
     </span>
     <span class='ocr_line' id='line_1_84' title="bbox 196 3279 1219 3324; baseline 0.004 -14"><span class='ocrx_word' id='word_1_595' title='bbox 196 3280 249 3311; x_wconf 82' lang='lat'>32.</span> <span class='ocrx_word' id='word_1_596' title='bbox 267 3297 305 3302; x_wconf 93' lang='lat'>—</span> <span class='ocrx_word' id='word_1_597' title='bbox 327 3279 488 3320; x_wconf 78' lang='lat' dir='ltr'>³Matth.,</span> <span class='ocrx_word' id='word_1_598' title='bbox 506 3288 554 3320; x_wconf 87' lang='lat' dir='ltr'>x1,</span> <span class='ocrx_word' id='word_1_599' title='bbox 575 3282 626 3312; x_wconf 82' lang='lat'>23.</span> <span class='ocrx_word' id='word_1_600' title='bbox 647 3299 686 3304; x_wconf 98' lang='lat'><strong>—</strong></span> <span class='ocrx_word' id='word_1_601' title='bbox 704 3282 715 3301; x_wconf 78' lang='lat'>⁴</span> <span class='ocrx_word' id='word_1_602' title='bbox 737 3283 849 3324; x_wconf 74' lang='grc' dir='ltr'>Ρι·ου.,</span> <span class='ocrx_word' id='word_1_603' title='bbox 869 3290 944 3322; x_wconf 79' lang='lat' dir='ltr'>viri,</span> <span class='ocrx_word' id='word_1_604' title='bbox 968 3285 1017 3314; x_wconf 83' lang='lat'>17.</span> <span class='ocrx_word' id='word_1_605' title='bbox 1039 3300 1078 3306; x_wconf 93' lang='lat'><strong>—</strong></span> <span class='ocrx_word' id='word_1_606' title='bbox 1097 3283 1110 3304; x_wconf 81' lang='lat'>⁵</span> <span class='ocrx_word' id='word_1_607' title='bbox 1125 3284 1219 3323; x_wconf 63' lang='lat' dir='ltr'>Sap„</span> 
     </span>
     <span class='ocr_line' id='line_1_85' title="bbox 196 3327 1220 3371; baseline 0.004 -13"><span class='ocrx_word' id='word_1_608' title='bbox 196 3333 250 3367; x_wconf 81' lang='lat' dir='ltr'>vl,</span> <span class='ocrx_word' id='word_1_609' title='bbox 278 3327 332 3366; x_wconf 84' lang='lat'>14,</span> <span class='ocrx_word' id='word_1_610' title='bbox 360 3328 408 3358; x_wconf 88' lang='lat'>16.</span> <span class='ocrx_word' id='word_1_611' title='bbox 433 3343 472 3349; x_wconf 96' lang='lat'><strong>—</strong></span> <span class='ocrx_word' id='word_1_612' title='bbox 500 3328 512 3346; x_wconf 79' lang='lat'><strong>⁶</strong></span> <span class='ocrx_word' id='word_1_613' title='bbox 538 3329 654 3368; x_wconf 66' lang='lat' dir='ltr'>Marc„</span> <span class='ocrx_word' id='word_1_614' title='bbox 681 3337 757 3368; x_wconf 83' lang='lat' dir='ltr'>xvl,</span> <span class='ocrx_word' id='word_1_615' title='bbox 779 3332 808 3362; x_wconf 91' lang='grc'>6.</span> <span class='ocrx_word' id='word_1_616' title='bbox 841 3347 878 3353; x_wconf 89' lang='lat'><em>-</em></span> <span class='ocrx_word' id='word_1_617' title='bbox 908 3331 917 3349; x_wconf 86' lang='lat'><strong>⁷</strong></span> <span class='ocrx_word' id='word_1_618' title='bbox 948 3329 1021 3371; x_wconf 80' lang='lat' dir='ltr'>Tob,</span> <span class='ocrx_word' id='word_1_619' title='bbox 1048 3338 1080 3371; x_wconf 89' lang='lat' dir='ltr'>v,</span> <span class='ocrx_word' id='word_1_620' title='bbox 1110 3333 1157 3363; x_wconf 91' lang='lat'>11.</span> <span class='ocrx_word' id='word_1_621' title='bbox 1179 3348 1220 3353; x_wconf 98' lang='lat'><strong>—</strong></span> 
     </span>
     <span class='ocr_line' id='line_1_86' title="bbox 197 3372 1218 3417; baseline 0.004 -12"><span class='ocrx_word' id='word_1_622' title='bbox 197 3372 212 3395; x_wconf 80' lang='lat'>⁸</span> <span class='ocrx_word' id='word_1_623' title='bbox 231 3373 371 3410; x_wconf 59' lang='lat' dir='ltr'>Mami„</span> <span class='ocrx_word' id='word_1_624' title='bbox 394 3381 438 3413; x_wconf 86' lang='lat'>11,</span> <span class='ocrx_word' id='word_1_625' title='bbox 465 3376 515 3405; x_wconf 82' lang='lat'>10.</span> <span class='ocrx_word' id='word_1_626' title='bbox 542 3390 582 3398; x_wconf 87' lang='lat'><strong>—</strong></span> <span class='ocrx_word' id='word_1_627' title='bbox 600 3375 612 3394; x_wconf 80' lang='lat'>⁹</span> <span class='ocrx_word' id='word_1_628' title='bbox 634 3375 703 3412; x_wconf 84' lang='lat' dir='ltr'>Job,</span> <span class='ocrx_word' id='word_1_629' title='bbox 724 3384 782 3417; x_wconf 86' lang='lat' dir='ltr'>xx,</span> <span class='ocrx_word' id='word_1_630' title='bbox 804 3379 835 3408; x_wconf 85' lang='lat'>5.</span> <span class='ocrx_word' id='word_1_631' title='bbox 857 3395 893 3399; x_wconf 94' lang='lat'>—</span> <span class='ocrx_word' id='word_1_632' title='bbox 924 3377 951 3398; x_wconf 77' lang='lat'>1⁰</span> <span class='ocrx_word' id='word_1_633' title='bbox 976 3376 1047 3416; x_wconf 79' lang='lat' dir='ltr'>Job,</span> <span class='ocrx_word' id='word_1_634' title='bbox 1067 3385 1143 3417; x_wconf 76' lang='lat' dir='ltr'>xxi,</span> <span class='ocrx_word' id='word_1_635' title='bbox 1168 3379 1218 3409; x_wconf 83' lang='lat'>12.</span> 
     </span>
     <span class='ocr_line' id='line_1_87' title="bbox 195 3421 1220 3465; baseline 0.006 -13"><span class='ocrx_word' id='word_1_636' title='bbox 195 3437 238 3445; x_wconf 91' lang='lat'>—</span> <span class='ocrx_word' id='word_1_637' title='bbox 255 3421 281 3443; x_wconf 89' lang='lat'>11</span> <span class='ocrx_word' id='word_1_638' title='bbox 312 3421 419 3461; x_wconf 66' lang='lat' dir='ltr'>Joan„</span> <span class='ocrx_word' id='word_1_639' title='bbox 442 3428 520 3462; x_wconf 77' lang='lat' dir='ltr'>xvi,</span> <span class='ocrx_word' id='word_1_640' title='bbox 545 3423 596 3453; x_wconf 83' lang='grc'>20.</span> <span class='ocrx_word' id='word_1_641' title='bbox 616 3438 655 3446; x_wconf 90' lang='grc'><strong>-</strong></span> <span class='ocrx_word' id='word_1_642' title='bbox 681 3423 708 3445; x_wconf 75' lang='lat'>1²</span> <span class='ocrx_word' id='word_1_643' title='bbox 733 3424 825 3463; x_wconf 69' lang='lat' dir='ltr'>Luc„</span> <span class='ocrx_word' id='word_1_644' title='bbox 846 3432 930 3465; x_wconf 80' lang='lat' dir='ltr'>xm,</span> <span class='ocrx_word' id='word_1_645' title='bbox 957 3425 1009 3456; x_wconf 85' lang='lat'>17.</span> <span class='ocrx_word' id='word_1_646' title='bbox 1030 3442 1066 3448; x_wconf 92' lang='lat'>—</span> <span class='ocrx_word' id='word_1_647' title='bbox 1093 3424 1120 3446; x_wconf 75' lang='lat'>13</span> <span class='ocrx_word' id='word_1_648' title='bbox 1140 3425 1220 3464; x_wconf 71' lang='lat' dir='ltr'>Isa„</span> 
     </span>
    </p>
   </div>
   <div class='ocr_carea' id='block_1_12' title="bbox 1287 2912 2327 3249">
    <p class='ocr_par' dir='ltr' id='par_1_13' title="bbox 1287 2912 2327 3249">
     <span class='ocr_line' id='line_1_88' title="bbox 1294 2912 2327 2965; baseline 0.001 -12"><span class='ocrx_word' id='word_1_649' title='bbox 1294 2914 1515 2954; x_wconf 87' lang='lat' dir='ltr'>confirmet</span> <span class='ocrx_word' id='word_1_650' title='bbox 1545 2913 1649 2954; x_wconf 91' lang='lat' dir='ltr'>illud</span> <span class='ocrx_word' id='word_1_651' title='bbox 1677 2914 1717 2953; x_wconf 88' lang='lat' dir='ltr'>et</span> <span class='ocrx_word' id='word_1_652' title='bbox 1748 2912 1989 2953; x_wconf 89' lang='lat' dir='ltr'>corroboret</span> <span class='ocrx_word' id='word_1_653' title='bbox 2016 2912 2063 2952; x_wconf 90' lang='lat' dir='ltr'>in</span> <span class='ocrx_word' id='word_1_654' title='bbox 2094 2912 2254 2965; x_wconf 84' lang='lat' dir='ltr'>judicio</span> <span class='ocrx_word' id='word_1_655' title='bbox 2286 2916 2327 2954; x_wconf 90' lang='lat' dir='ltr'>et</span> 
     </span>
     <span class='ocr_line' id='line_1_89' title="bbox 1287 2983 2318 3036; baseline -0.002 -12"><span class='ocrx_word' id='word_1_656' title='bbox 1287 2984 1472 3036; x_wconf 83' lang='lat' dir='ltr'>justitia,</span> <span class='ocrx_word' id='word_1_657' title='bbox 1501 2984 1653 3024; x_wconf 86' lang='lat' dir='ltr'>amodo</span> <span class='ocrx_word' id='word_1_658' title='bbox 1673 2985 1713 3024; x_wconf 92' lang='lat' dir='ltr'>et</span> <span class='ocrx_word' id='word_1_659' title='bbox 1732 2994 1866 3035; x_wconf 82' lang='lat' dir='ltr'>usque</span> <span class='ocrx_word' id='word_1_660' title='bbox 1893 2983 1938 3022; x_wconf 90' lang='lat' dir='ltr'>in</span> <span class='ocrx_word' id='word_1_661' title='bbox 1958 2983 2280 3036; x_wconf 88' lang='lat' dir='ltr'>sempiternum.</span> <span class='ocrx_word' id='word_1_662' title='bbox 2299 2998 2318 3022; x_wconf 74' lang='grc' dir='ltr'>ι)</span> 
     </span>
     <span class='ocr_line' id='line_1_90' title="bbox 1293 3054 2324 3109; baseline 0 -13"><span class='ocrx_word' id='word_1_663' title='bbox 1293 3055 1344 3096; x_wconf 86' lang='lat' dir='ltr'>Et</span> <span class='ocrx_word' id='word_1_664' title='bbox 1367 3055 1460 3096; x_wconf 90' lang='lat' dir='ltr'>ideo</span> <span class='ocrx_word' id='word_1_665' title='bbox 1485 3059 1597 3096; x_wconf 87' lang='lat' dir='ltr'>recte</span> <span class='ocrx_word' id='word_1_666' title='bbox 1625 3054 1818 3096; x_wconf 87' lang='lat' dir='ltr'>additur:</span> <span class='ocrx_word' id='word_1_667' title='bbox 1850 3055 2081 3106; x_wconf 75' lang='lat' dir='ltr'>Dominus,</span> <span class='ocrx_word' id='word_1_668' title='bbox 2110 3056 2210 3109; x_wconf 86' lang='lat' dir='ltr'>quia</span> <span class='ocrx_word' id='word_1_669' title='bbox 2236 3056 2324 3108; x_wconf 89' lang='lat' dir='ltr'>ipse</span> 
     </span>
     <span class='ocr_line' id='line_1_91' title="bbox 1293 3125 2320 3177; baseline -0.001 -10"><span class='ocrx_word' id='word_1_670' title='bbox 1293 3129 1355 3167; x_wconf 88' lang='lat' dir='ltr'>est</span> <span class='ocrx_word' id='word_1_671' title='bbox 1376 3126 1404 3148; x_wconf 81' lang='lat'>¹⁹</span> <span class='ocrx_word' id='word_1_672' title='bbox 1431 3125 1558 3167; x_wconf 89' lang='lat' dir='ltr'>«Rex</span> <span class='ocrx_word' id='word_1_673' title='bbox 1585 3137 1763 3177; x_wconf 88' lang='lat' dir='ltr'>regum,</span> <span class='ocrx_word' id='word_1_674' title='bbox 1798 3130 1838 3165; x_wconf 90' lang='lat' dir='ltr'>et</span> <span class='ocrx_word' id='word_1_675' title='bbox 1863 3125 2066 3166; x_wconf 89' lang='lat' dir='ltr'>Dominus</span> <span class='ocrx_word' id='word_1_676' title='bbox 2097 3126 2320 3167; x_wconf 87' lang='lat' dir='ltr'>dominan-</span> 
     </span>
     <span class='ocr_line' id='line_1_92' title="bbox 1293 3195 2323 3249; baseline -0.003 -11"><span class='ocrx_word' id='word_1_677' title='bbox 1293 3198 1415 3238; x_wconf 90' lang='lat' dir='ltr'>tium.</span> <span class='ocrx_word' id='word_1_678' title='bbox 1439 3212 1459 3235; x_wconf 86' lang='grc'>»</span> <span class='ocrx_word' id='word_1_679' title='bbox 1485 3197 1536 3238; x_wconf 91' lang='lat' dir='ltr'>Et</span> <span class='ocrx_word' id='word_1_680' title='bbox 1554 3196 1835 3249; x_wconf 74' lang='lat' dir='ltr'>Apocalypsis</span> <span class='ocrx_word' id='word_1_681' title='bbox 1850 3195 1879 3217; x_wconf 74' lang='lat'>²⁰</span> <span class='ocrx_word' id='word_1_682' title='bbox 1899 3210 1908 3237; x_wconf 80' lang='lat' dir='ltr'><strong><em>z</em></strong></span> <span class='ocrx_word' id='word_1_683' title='bbox 1930 3196 2101 3238; x_wconf 81' lang='lat' dir='ltr'>«Habet</span> <span class='ocrx_word' id='word_1_684' title='bbox 2126 3196 2171 3236; x_wconf 89' lang='lat' dir='ltr'>in</span> <span class='ocrx_word' id='word_1_685' title='bbox 2198 3195 2323 3238; x_wconf 88' lang='lat' dir='ltr'>vesti-</span> 
     </span>
    </p>
   </div>
   <div class='ocr_carea' id='block_1_13' title="bbox 1293 3278 2321 3455">
    <p class='ocr_par' dir='ltr' id='par_1_14' title="bbox 1293 3278 2321 3455">
     <span class='ocr_line' id='line_1_93' title="bbox 1294 3278 2321 3322; baseline -0.003 -9"><span class='ocrx_word' id='word_1_686' title='bbox 1294 3289 1343 3322; x_wconf 82' lang='lat' dir='ltr'>ix,</span> <span class='ocrx_word' id='word_1_687' title='bbox 1360 3284 1391 3314; x_wconf 85' lang='lat'>6.</span> <span class='ocrx_word' id='word_1_688' title='bbox 1405 3297 1446 3303; x_wconf 92' lang='lat'>—</span> <span class='ocrx_word' id='word_1_689' title='bbox 1465 3282 1489 3303; x_wconf 74' lang='lat'>1⁴</span> <span class='ocrx_word' id='word_1_690' title='bbox 1508 3282 1585 3321; x_wconf 61' lang='lat' dir='ltr'>Isa„</span> <span class='ocrx_word' id='word_1_691' title='bbox 1601 3288 1682 3319; x_wconf 78' lang='lat' dir='ltr'>XLV,</span> <span class='ocrx_word' id='word_1_692' title='bbox 1704 3282 1754 3312; x_wconf 82' lang='lat'>15.</span> <span class='ocrx_word' id='word_1_693' title='bbox 1771 3297 1810 3304; x_wconf 97' lang='lat'>—</span> <span class='ocrx_word' id='word_1_694' title='bbox 1830 3280 1857 3302; x_wconf 76' lang='lat'>15</span> <span class='ocrx_word' id='word_1_695' title='bbox 1876 3280 1955 3321; x_wconf 69' lang='lat' dir='ltr'>Isca„</span> <span class='ocrx_word' id='word_1_696' title='bbox 1976 3288 2049 3320; x_wconf 76' lang='lat' dir='ltr'>x1x,</span> <span class='ocrx_word' id='word_1_697' title='bbox 2065 3282 2116 3312; x_wconf 84' lang='lat'>20.</span> <span class='ocrx_word' id='word_1_698' title='bbox 2134 3297 2175 3303; x_wconf 93' lang='lat'>—-</span> <span class='ocrx_word' id='word_1_699' title='bbox 2193 3279 2219 3301; x_wconf 79' lang='lat'>1⁰</span> <span class='ocrx_word' id='word_1_700' title='bbox 2234 3278 2321 3319; x_wconf 68' lang='lat' dir='ltr'>Act„</span> 
     </span>
     <span class='ocr_line' id='line_1_94' title="bbox 1293 3327 2319 3369; baseline -0.004 -9"><span class='ocrx_word' id='word_1_701' title='bbox 1293 3336 1342 3369; x_wconf 86' lang='lat' dir='ltr'>IV,</span> <span class='ocrx_word' id='word_1_702' title='bbox 1377 3331 1427 3360; x_wconf 87' lang='lat'>12.</span> <span class='ocrx_word' id='word_1_703' title='bbox 1456 3345 1497 3352; x_wconf 93' lang='lat'>—-</span> <span class='ocrx_word' id='word_1_704' title='bbox 1528 3329 1553 3350; x_wconf 91' lang='lat'>1⁷</span> <span class='ocrx_word' id='word_1_705' title='bbox 1587 3327 1724 3364; x_wconf 65' lang='lat' dir='ltr'>Malae„</span> <span class='ocrx_word' id='word_1_706' title='bbox 1753 3335 1800 3367; x_wconf 86' lang='lat' dir='ltr'>IV,</span> <span class='ocrx_word' id='word_1_707' title='bbox 1836 3328 1866 3358; x_wconf 79' lang='lat'>2.</span> <span class='ocrx_word' id='word_1_708' title='bbox 1901 3343 1936 3348; x_wconf 93' lang='lat'><em>-</em></span> <span class='ocrx_word' id='word_1_709' title='bbox 1970 3327 1996 3348; x_wconf 72' lang='lat'>1⁸</span> <span class='ocrx_word' id='word_1_710' title='bbox 2022 3327 2100 3366; x_wconf 72' lang='lat' dir='ltr'>Isa„</span> <span class='ocrx_word' id='word_1_711' title='bbox 2138 3333 2192 3364; x_wconf 79' lang='lat' dir='ltr'>lx,</span> <span class='ocrx_word' id='word_1_712' title='bbox 2218 3327 2250 3357; x_wconf 83' lang='lat'>7.</span> <span class='ocrx_word' id='word_1_713' title='bbox 2283 3342 2319 3347; x_wconf 96' lang='lat'>——</span> 
     </span>
     <span class='ocr_line' id='line_1_95' title="bbox 1294 3373 2319 3418; baseline -0.002 -11"><span class='ocrx_word' id='word_1_714' title='bbox 1294 3377 1320 3399; x_wconf 73' lang='lat'>1⁹</span> <span class='ocrx_word' id='word_1_715' title='bbox 1341 3377 1352 3407; x_wconf 88' lang='grc' dir='ltr'>Ι</span> <span class='ocrx_word' id='word_1_716' title='bbox 1378 3377 1474 3417; x_wconf 63' lang='lat' dir='ltr'>Tim„</span> <span class='ocrx_word' id='word_1_717' title='bbox 1494 3384 1541 3415; x_wconf 84' lang='lat' dir='ltr'>VI,</span> <span class='ocrx_word' id='word_1_718' title='bbox 1564 3379 1613 3408; x_wconf 87' lang='lat'>15.</span> <span class='ocrx_word' id='word_1_719' title='bbox 1630 3394 1672 3400; x_wconf 87' lang='lat'>—-</span> <span class='ocrx_word' id='word_1_720' title='bbox 1690 3376 1714 3396; x_wconf 86' lang='lat'>²⁰</span> <span class='ocrx_word' id='word_1_721' title='bbox 1735 3376 1849 3418; x_wconf 70' lang='lat' dir='ltr'>Apoc„</span> <span class='ocrx_word' id='word_1_722' title='bbox 1871 3383 1946 3416; x_wconf 82' lang='lat' dir='ltr'>xlx,</span> <span class='ocrx_word' id='word_1_723' title='bbox 1967 3376 2058 3407; x_wconf 84' lang='lat'>16.—</span> <span class='ocrx_word' id='word_1_724' title='bbox 2074 3373 2119 3414; x_wconf 82' lang='lat' dir='ltr'>(a)</span> <span class='ocrx_word' id='word_1_725' title='bbox 2138 3373 2218 3406; x_wconf 86' lang='lat' dir='ltr'>Coet.</span> <span class='ocrx_word' id='word_1_726' title='bbox 2239 3373 2319 3406; x_wconf 84' lang='lat' dir='ltr'>edit.</span> 
     </span>
     <span class='ocr_line' id='line_1_96' title="bbox 1296 3423 1546 3455; baseline -0.004 0"><span class='ocrx_word' id='word_1_727' title='bbox 1296 3423 1336 3455; x_wconf 87' lang='lat' dir='ltr'>Et</span> <span class='ocrx_word' id='word_1_728' title='bbox 1357 3424 1546 3455; x_wconf 81' lang='lat' dir='ltr'>Matthaeus.</span> 
     </span>
    </p>
   </div>
  </div>
 </body>
</html>
