2587 3845
44 3334 183 3361 Antemn-

44 3373 116 3402 tale.

1139 181 1307 225 CAPUT
1337 183 1388 224 II.

203 279 369 334 quando
379 278 522 330 inique
530 277 570 317 et
580 287 778 329 perverse
790 276 1039 330 dignitatem
1051 276 1220 328 gerunt.

252 347 477 398 Moraliter,
500 349 632 391 altare
649 350 844 389 nostrum
865 349 969 389 fides
987 350 1130 388 nostra
1146 349 1222 397 est,

200 432 327 474 super
341 431 470 473 quam
499 419 753 460 sacrificium
783 420 884 460 boni
910 420 1046 472 operis
1065 419 1222 459 immo-

199 491 362 542 lamus;
385 491 498 544 quod
514 491 643 531 altare
662 494 764 532 tunc
792 491 1035 542 repellitur,
1057 489 1226 543 quando

200 563 304 603 fides
331 564 474 602 nostra
511 562 633 603 bonis
665 562 864 615 operibus
883 562 1064 611 nudata,
1100 560 1225 601 aDeo

199 633 471 686 reprobatur;
507 633 610 674 fides
641 633 940 684 sanctificatur
956 663 966 682 ‚
993 631 1162 684 quando
1188 631 1227 672 ei

198 715 274 756 per
291 704 601 744 incrementum
619 703 790 744 virtutis
819 703 970 743 merita
990 704 1223 754 augentur.

200 774 279 816 Sed
298 775 586 826 sanctificatio
620 774 912 824 maledicitur,
935 773 1102 826 quando
1122 773 1226 813 fides

198 846 306 899 ipsa,
327 846 490 887 amissis
510 847 752 896 virtutibus,
766 846 909 900 pravis
928 845 1127 898 operibus
1141 844 1228 885 vio-

198 917 311 958 latur
327 920 339 939 ¹
358 931 367 957 ε
395 932 413 955 (ι
435 917 583 958 Factus
594 920 656 959 est
677 918 804 959 Israel
816 917 939 970 quasi
954 928 1028 956 vas
1040 915 1228 955 immun-

199 987 316 1028 dum.
351 1001 370 1026 »
412 989 532 1030 Muri
565 990 748 1031 czarium
787 990 835 1030 in
858 983 1020 1029 ‘manus
1054 986 1228 1028 inimiici

201 1059 382 1108 dantur,
403 1059 572 1112 quando
611 1059 835 1111 ingenium
851 1091 863 1109 ,
901 1061 942 1099 et
978 1058 1227 1110 hujusmodi

201 1129 294 1170 aliae
313 1129 462 1182 gratiae
492 1130 624 1182 gratis
655 1130 761 1171 datae
777 1163 786 1181 ,
811 1130 863 1170 ad
882 1129 1115 1182 iniquitatis
1134 1131 1226 1169 stu-

200 1201 318 1242 dium
336 1203 665 1242 convertuntur:
686 1201 729 1241 in
750 1201 902 1254 quibus
923 1200 1057 1241 muris
1074 1200 1125 1253 (a)
1148 1200 1228 1239 ini-

201 1271 301 1312 mici
320 1283 406 1312 vox
426 1272 595 1312 auditur
615 1273 784 1325 quaudo
812 1272 1026 1313 diabolicae
1045 1283 1225 1323 sugges-

197 1342 332 1382 tlones
351 1342 530 1383 interius
547 1343 855 1392 admittuntur,
878 1345 917 1383 et
938 1342 1124 1382 exterius
1145 1342 1228 1381 im-

199 1411 330 1464 probe
347 1412 620 1464 proferuntur
638 1427 647 1454 :
664 1413 714 1454 de
731 1425 816 1466 quo
832 1413 1015 1454 multum
1031 1413 1228 1453 laetantur

198 1485 412 1526 daemones
442 1485 516 1524 :et
534 1483 615 1524 hoc
649 1483 844 1536 signatur
873 1483 918 1524 in
937 1483 1006 1525 (lie
1036 1484 1226 1526 solemni.

253 1557 376 1600 Heth.
401 1556 611 1609 Coqz'lavz't
622 1556 847 1606 Dominus,
864 1558 942 1596 etc.
960 1554 1034 1596 Hic
1046 1555 1229 1596 secundo

199 1627 388 1681 deplorat
408 1626 625 1680 dispendia
658 1627 841 1668 civitatis
864 1629 1070 1679 quantum
1089 1626 1140 1667 ad
1159 1626 1229 1667 de-

193 1699 421 1752 J'ectionem
452 1709 675 1738 murorum
713 1700 754 1738 et
785 1697 1227 1750 propugnaculorum.

198 1768 340 1810 Primo
359 1770 502 1809 autem
514 1767 773 1808 lamentatur
791 1768 903 1808 muri
924 1767 1226 1820 dejectionem3

201 1839 384 1881 secundo
405 1839 540 1892 ipsius
572 1838 848 1879 antemuralis
868 1838 1194 1879 destructionem
1217 1851 1228 1879 ε

202 1911 417 1963 Luoeitque
438 1909 727 1959 antemurale3
759 1909 883 1950 tertio
918 1912 1137 1962 portarum
1170 1911 1231 1964 ip-

199 1993 345 2022 sarum
389 1980 677 2031 evulsionem,
715 1980 774 2020 ibi
802 1994 812 2021 :
845 1980 1014 2031 Defioece
1043 1986 1146 2023 sunt
1182 1983 1231 2023 in

200 2056 370 2095 terram.
409 2051 512 2092 DIcit
549 2063 652 2103 ergo
691 2063 702 2092 ε
745 2051 957 2103 cogitavit
984 2051 1192 2094 Dominus
1219 2066 1227 2093 :

200 2135 306 2176 ergo
326 2122 517 2164 consulto
535 2122 627 2173 fuit,
651 2123 774 2176 quasi
798 2137 807 2164 :
833 2121 925 2164 Non
959 2124 1099 2164 statim
1117 2124 1228 2174 fecit,

201 2195 274 2236 sed
308 2194 383 2236 diu
419 2195 455 2246 ej
465 2204 514 2234 us
552 2193 872 2235 conversionem
910 2195 1170 2247 expectavit,
1191 2198 1232 2236 ot

202 2265 322 2320 quasi
341 2277 396 2306 ex
419 2265 718 2306 deliberatione
749 2266 829 2306 1100
865 2266 974 2306 fecit.
1009 2268 1232 2320 Dissipaie

203 2347 371 2379 murum
391 2336 496 2388 filice
517 2337 643 2388 Sion,
673 2337 715 2376 id
743 2339 832 2387 est,
855 2337 1034 2378 civitatis
1061 2338 1229 2380 Jerusa-

204 2408 311 2460 lem,
332 2408 385 2449 ad
411 2408 617 2458 litteram3
652 2407 848 2460 quamvis
883 2420 958 2459 per
986 2409 1066 2449 hoc
1093 2410 1232 2450 omnis

209 2480 300 2530 ejus
317 2478 440 2529 regio
457 2477 586 2531 possit
606 2477 801 2528 intelligi.
837 2478 1027 2520 Telendz‘l
1057 2480 1230 2530 funicu-

209 2549 295 2590 lum
313 2559 452 2598 suum,
473 2548 523 2588 ad
544 2547 845 2588 destruendum
868 2562 875 2588 :
902 2548 975 2601 qui
990 2552 1131 2590 tamen
1146 2563 1233 2591 non

209 2618 313 2658 solet
331 2618 461 2667 tendi,
483 2618 563 2658 nisi
583 2621 669 2671 'pro
705 2618 975 2660 inimicorum
1012 2621 1229 2672 ejectione.

208 2687 288 2729 Per
305 2689 542 2729 funiculum
561 2692 703 2730 autem
716 2720 729 2740 ,
748 2690 925 2742 justitiae
948 2691 1152 2733 rectitudo
1171 2693 1231 2732 111»

207 2759 415 2812 telligitur
442 2760 621 2811 divinae,
655 2761 886 2801 secundum
906 2762 1058 2803 merita
1077 2763 1136 2803 illi
1156 2776 1230 2816 po-

206 2830 307 2883 pulo
326 2829 479 2871 infelici
522 2831 809 2872 retribuentis
849 2832 924 2874 Vel
959 2833 1003 2873 in
1041 2834 1232 2876 funiculo

206 2913 329 2954 poena
346 2913 430 2954 qua
448 2903 684 2954 peccatores
703 2901 841 2953 ligare
861 2903 1120 2955 designatur.
1139 2904 1232 2948 Non

208 2961 361 3015 avertit
388 2983 561 3014 inanum
597 2983 719 3014 suam
751 2983 778 3014 a
807 2973 1071 3026 perditione,
1112 2976 1232 3028 quasi

207 3042 315 3082 dicat
338 3057 346 3084 :
370 3042 509 3095 Usque
529 3042 580 3082 ad
600 3044 968 3096 consumptionem
996 3047 1227 3098 percussit3

207 3114 248 3151 et
265 3112 363 3164 quia
382 3113 552 3154 nullum
573 3125 598 3153 a
617 3113 740 3167 culpa
751 3113 934 3155 liberum
948 3115 1232 3166 invenit,nul-

205 3180 296 3221 lum
316 3182 473 3223 dimisit
507 3183 745 3224 immunem
783 3196 804 3225 a
836 3198 976 3238 poena.
1011 3188 1230 3240 Luoeltque

205 3254 476 3305 antemurale,
498 3254 540 3295 id
559 3257 635 3306 est,
657 3254 833 3307 lugendi
865 3256 977 3297 dedit
1008 3258 1229 3299 materiam

203 3322 346 3376 ipsum
363 3323 623 3365 destructum
642 3326 928 3368 cernentibus.
949 3327 999 3368 Et
1015 3330 1079 3369 est
1111 3332 1228 3370 ante-

204 3393 366 3435 murale
405 3394 588 3436 defensio
623 3408 870 3449 murorum,
909 3399 1015 3441 sicut
1049 3400 1225 3451 vallum,

248 3477 259 3499 ²
277 3479 363 3517 ose„
382 3484 463 3517 vui,
487 3477 516 3508 8.
537 3494 575 3501 -—
595 3477 608 3499 ²
626 3478 736 3516 Deut„
759 3489 870 3522 xxxu,
892 3483 921 3514 9.

2248 183 2317 222 171

1298 274 1422 324 fossa,
1443 270 1513 314 vel
1531 269 1688 323 aliquid
1708 266 1942 309 consimile.
1964 266 2020 309 Et
2038 277 2185 308 murus
2201 269 2322 319 pari-

1301 349 1362 387 ter
1375 343 1612 395 dissipatus
1632 343 1711 390 est,
1734 351 1831 379 eum
1859 338 2127 378 antemurali.
2150 337 2229 378 Per
2249 350 2323 378 an·

1301 414 1522 462 temurale,
1544 410 1732 452 custodia
1746 408 2021 460 angelorum3
2045 420 2120 460 per
2133 420 2323 458 murum,

1302 485 1487 525 custodia
1516 482 1741 524 hominum
1778 481 1978 520 notatur:
2002 490 2188 530 quarum
2219 481 2329 518 utra-

1302 568 1385 608 que
1403 555 1465 595 illi
1483 554 1638 607 populo
1665 552 1904 601 subtracta,
1940 561 2077 603 usque
2108 549 2234 590 hodie
2253 549 2272 591 J
2280 562 2326 590 u-

1302 629 1393 669 daea
1411 627 1681 667 lamentatur.

1356 698 1382 738 S
1388 696 1657 750 piritualiter,
1675 694 1870 746 cogitatio
1888 693 1959 734 Dei
1977 692 2045 734 vel
2065 691 2326 742 deliberatio,

1301 768 1502 823 patientia
1526 769 1608 818 est,
1642 778 1728 819 qua
1746 767 1915 818 peccata
1942 764 1993 804 ad
2025 767 2194 816 tempus
2215 763 2332 803 dissi·

1302 840 1456 889 mulat;
1477 841 1518 879 et
1527 837 1706 891 justitia,
1721 849 1805 889 qua
1819 836 1947 887 digna
1965 834 2331 875 animadversione

1303 911 1495 962 castigat.
1527 909 1615 950 Hoc
1634 910 1776 949 autem
1803 909 1865 947 est
1883 906 2119 947 funiculum
2139 905 2328 954 tendere,
2398 914 2489 941 Funi-

1302 983 1479 1024 modum
1506 980 1661 1021 scilicet
1688 981 1730 1020 et
1759 977 2037 1031 quantitatem
2068 976 2250 1016 debitam
2272 975 2332 1016 di·
2352 955 2483 1025 tefflss}

1301 1055 1486 1107 ligenter
1527 1052 1759 1100 aestimare,
1800 1052 1841 1091 et
1879 1048 2114 1090 secuudum
2146 1047 2228 1088 hoc
2254 1048 2331 1087 ssa-

1305 1126 1479 1179 gellare.
1501 1123 1575 1165 vel
1607 1135 1682 1176 per
1701 1121 1986 1174 cognitionem
2017 1119 2111 1170 Dei,
2140 1119 2331 1159 incarna-

1303 1196 1429 1238 tionis
1449 1194 1702 1248 dispensatio
1741 1192 1996 1243 intelligitur
2039 1203 2049 1231 :
2093 1192 2134 1231 et
2171 1190 2271 1243 quia
2291 1190 2334 1230 in

1304 1279 1428 1309 carne
1447 1266 1624 1308 veniens
1651 1264 1672 1306 J
1678 1264 1820 1305 udaeos
1838 1262 2009 1315 repulit,
2030 1264 2077 1302 ut
2098 1263 2247 1313 gentes
2267 1261 2332 1301 in—

1304 1340 1477 1387 trarent,
1499 1337 1617 1389 prius
1636 1346 1811 1375 murum
1838 1332 1939 1372 filiae
1968 1331 2069 1372 Sion
2100 1331 2332 1384 dissipavit,

1305 1408 1453 1450 deinde
1472 1406 1709 1448 funiculum
1732 1403 1992 1444 haereditatis
2010 1414 2097 1442 suae
2119 1414 2246 1454 super
2267 1414 2335 1454 po-

1305 1480 1456 1533 pulum
1480 1478 1674 1531 gentium
1705 1475 1908 1517 dilatavit.
1933 1473 2059 1523 Quasi
2090 1473 2205 1513 enim
2233 1484 2335 1513 con-

1305 1554 1463 1592 tractus
1492 1553 1582 1591 erat
1621 1547 1859 1597 sumamma,
1894 1544 2063 1598 quando
2099 1544 2150 1585 de
2180 1544 2335 1597 populo

1303 1622 1551 1663 Judaeorum
1570 1622 1737 1661 tantum
1768 1616 2035 1658 dicebatur²z
2077 1614 2239 1655 «Jacob
2268 1615 2334 1654 su-

1304 1693 1471 1734 niculus
1487 1690 1746 1732 haereditatis
1769 1691 1873 1741 ejus.
1895 1703 1914 1726 1)
1941 1687 2047 1737 Quia
2061 1686 2195 1738 igitur
2209 1697 2333 1726 voca-

1305 1764 1464 1805 tionem
1481 1763 1676 1816 gentium
1692 1760 1904 1814 praecessit
1917 1758 2093 1799 irretitio
2108 1758 2157 1807 (b)
2173 1757 2193 1798 J
2200 1757 2337 1797 udaeo-

1307 1847 1425 1884 rum,
1460 1836 1571 1875 recte
1609 1833 1804 1874 subditur
1836 1846 1844 1872 :
1879 1831 1933 1872 Ec
1962 1840 2048 1872 nort
2069 1829 2224 1871 avertit
2243 1838 2333 1869 ma-

1305 1918 1409 1948 num
1424 1916 1547 1948 suam
1566 1916 1592 1946 α
1609 1903 1864 1957 perditione,
1886 1914 1910 1942 a
1927 1914 2011 1954 qua
2024 1911 2199 1941 manum
2219 1910 2336 1940 aver-

1305 1980 1423 2028 teret,
1449 1978 1484 2018 si
1507 1979 1656 2029 gentes
1688 1974 1922 2025 colligeret,
1952 1971 2122 2013 Judaeos
2151 1982 2236 2011 non
2266 1981 2332 2010 re-

1304 2049 1515 2102 probaret.
1538 2046 1819 2094 Antemurczle,
1841 2044 1883 2084 id
1913 2046 1974 2084 est
1992 2047 2132 2096 patres
2151 2041 2331 2095 priores,

1305 2120 1436 2171 ltcoez't,
1458 2119 1559 2172 quia
1589 2120 1728 2171 patres
1759 2116 1921 2169 priores
1953 2114 2004 2155 de
2030 2112 2188 2154 Judaeae
2223 2113 2333 2164 eiec-

1304 2191 1417 2232 tione
1436 2189 1675 2232 doluerunt.
1697 2187 1851 2241 ‘Murus
1869 2185 2093 2238 dissipatus
2113 2185 2175 2224 est
2195 2194 2334 2236 quan-

1304 2265 1396 2303 tum
1416 2262 1467 2303 ad
1487 2258 1839 2312 ingratitudinem
1869 2256 1890 2298 J
1897 2256 2129 2306 udaeorum,
2152 2256 2200 2295 ut
2233 2253 2333 2296 31111-

1304 2335 1565 2374 ficaretu1·in
1593 2331 1805 2384 gentibus.

1357 2405 1585 2455 Moraliter,
1607 2416 1683 2456 per
1702 2414 1876 2443 murum
1894 2401 1993 2442 ffliae
2015 2401 2132 2450 Sion,
2154 2401 2334 2442 virtutes

1305 2475 1461 2516 animae
1483 2474 1713 2527 accipimus
1750 2487 1759 2513 :
1795 2484 1892 2512 cum
1926 2471 2060 2522 igitur
2096 2471 2233 2512 virtus
2263 2483 2331 2511 ac-

1305 2548 1423 2599 cepta
1443 2546 1594 2595 elevat,
1617 2545 1690 2584 aut
1710 2542 1904 2593 neglecta
1934 2540 2144 2593 deprimit,
2167 2543 2208 2581 et
2225 2541 2334 2583 male

1305 2617 1440 2658 securi
1463 2615 1646 2669 gratiam
1666 2616 1877 2666 acce-ptam
1904 2612 2116 2652 custodire
2141 2612 2330 2665 negligi-

1304 2700 1427 2735 mus;
1448 2698 1576 2740 quam
1595 2683 1859 2725 horrendum
1879 2682 1954 2732 sit,
1977 2682 2089 2735 quod
2115 2683 2238 2722 nobis
2266 2684 2332 2723 in-

1305 2757 1483 2801 visibilis
1498 2757 1633 2810 ¹iudex
1663 2754 1842 2807 cogitet,
1864 2754 2132 2805 ignoramus.
2169 2753 2333 2806 Cogitat

1305 2843 1408 2883 ergo
1425 2833 1466 2871 et
1487 2829 1703 2878 deliberat,
1736 2826 1984 2880 priusquam
2002 2825 2124 2865 feriat
2148 2839 2156 2866 :
2180 2826 2250 2866 cui
2269 2826 2331 2866 fu-

1304 2902 1496 2944 niculum
1515 2901 1687 2942 tendere
1707 2901 1783 2948 est,
1806 2897 2012 2938 subtiliter
2029 2897 2186 2949 peccati
2211 2909 2332 2937 men-

1305 2986 1452 3016 suram
1465 2972 1723 3014 examinare.
1739 2969 1833 3011 Non
1845 2968 2000 3010 avertit
2012 2978 2182 3009 manum
2193 2978 2329 3018 suam,

1304 3046 1404 3100 quia
1423 3047 1581 3098 quanto
1606 3042 1703 3096 plus
1732 3040 1930 3093 patiendo
1962 3039 2178 3089 sustinuit,
2215 3041 2331 3079 tanto

1304 3117 1446 3157 minus
1465 3114 1651 3156 feriendo
1688 3111 1834 3165 parcit.
1870 3110 1950 3151 Per
1986 3122 2161 3150 murum
2195 3110 2330 3162 igitur

1302 3188 1482 3230 virtutes
1500 3185 1654 3226 animae
1680 3182 2004 3234 intelliguntur;
2031 3193 2106 3233 per
2132 3183 2325 3221 antemu-

1301 3259 1389 3300 rale
1407 3257 1671 3311 operationes
1698 3253 1996 3305 intelliguntur
2032 3265 2040 3292 :
2077 3251 2197 3303 luget
2222 3262 2327 3301 ergo

1303 3328 1578 3377 antemurale,
1600 3328 1641 3367 et
1665 3336 1815 3365 murus
1836 3323 2097 3373 dissolvitur,
2115 3321 2214 3374 quia
2233 3332 2327 3372 gra-

1300 3401 1359 3442 tia
1377 3399 1609 3448 recedente,
1626 3396 1763 3438 virtus
1783 3393 1957 3444 tollitur,
1981 3396 2021 3433 et
2041 3403 2166 3444 opera
2185 3390 2326 3432 virtu-

1342 3482 1388 3524 (a)
1410 3482 1491 3516 Caet.
1509 3480 1590 3513 edit.
1608 3477 1708 3511 muri.
1727 3495 1769 3502 —
1789 3476 1835 3518 (b)
1856 3476 1932 3517 Leq.
1953 3473 2085 3516 ejectio.
