2634 3853
291 254 368 293 394

289 341 476 383 solutum
496 344 537 384 et
556 342 600 384 in
624 343 751 384 coelis.
774 357 793 381 ›>
823 343 873 385 Et
891 344 1092 385 omnibus
1117 344 1315 397 apostolis

289 411 467 454 dicitur¹
492 426 501 455 :
526 430 545 453 «
569 415 759 464 Quorum
782 415 1025 455 remiseritis
1045 417 1227 467 peccata,
1252 428 1315 456 re-

288 484 518 526 mittuntur
538 485 620 534 eis,
643 500 661 522 ›>
687 487 764 524 etc.
790 484 884 525 Ideo
906 485 1059 525 dicitur
1084 485 1129 526 in
1152 488 1309 529 Levin'-

289 567 334 598 co
353 557 404 607 (ul
426 556 439 576 ²
460 570 468 597 :
486 573 503 594 «
517 556 657 597 Ornbit
677 567 752 608 pro
769 567 818 595 eo
838 556 1044 606 sacerdos,
1064 559 1103 597 et
1123 558 1310 599 remitte-

288 631 358 668 tur
373 629 424 668 ei.
446 643 465 665 »
492 628 605 667 Unde
626 627 677 667 ad
703 628 895 670 Hebroeos
916 631 929 653 ³
954 642 962 668 :
993 644 1011 666 «
1033 629 1177 669 Omnis
1198 643 1314 671 nam-

288 712 369 751 que
390 699 574 751 pontifex
591 711 644 739 ex
665 699 911 740 hominibus
942 704 1210 753 assumptus,
1235 715 1312 755 pro

286 770 530 810 hominibus
556 770 827 810 constituitur
851 771 894 810 in
916 771 992 822 iis,
1015 785 1110 825 quae
1140 776 1241 813 sunt
1261 774 1312 814 ad

286 840 418 882 Deum
435 873 447 891 ,
471 844 518 882 ut
538 842 686 883 offerat
705 842 815 883 dona
834 845 873 883 et
894 844 1096 885 sacrificia
1117 857 1192 897 pro
1212 858 1308 899 pec-

285 913 398 953 catis,
424 927 443 950 n
470 912 659 954 Tertium
689 917 750 954 est
776 915 1068 956 condescensio
1094 918 1312 969 potestatis

284 983 439 1025 divinae
480 985 825 1038 appropinquans
865 985 917 1026 ad
948 986 1125 1027 domum
1156 989 1310 1040 aegroti

284 1068 359 1108 pcr
398 1056 547 1108 gratiae
590 1057 846 1097 infusionem
880 1089 892 1108 ‚
933 1059 1167 1100 secundum
1209 1060 1312 1101 illud

284 1127 431 1168 cantici
463 1127 674 1169 Zachariae
708 1129 721 1150 ⁸
763 1145 771 1170 :
811 1144 829 1167 a
858 1129 919 1169 Ad
953 1129 1136 1170 dandam
1175 1132 1309 1172 scien-

283 1198 384 1237 tiam
403 1198 574 1249 salutis,
597 1202 693 1250 etc„
718 1212 792 1253 per
825 1201 986 1242 viscera
1008 1202 1308 1244 misericordiae

282 1267 354 1308 Dei
374 1270 520 1311 nostri.
543 1285 562 1307 »
590 1270 755 1311 Domini
786 1274 928 1313 autem
957 1273 1095 1324 gratia
1124 1275 1311 1316 maxime

281 1341 592 1394 appropinquat
611 1342 864 1394 humilibus,
888 1345 1122 1386 secundum
1148 1346 1276 1388 illud⁵
1296 1363 1304 1388 :

286 1427 305 1450 α
332 1411 441 1453 Deus
472 1415 665 1466 superbis
692 1415 871 1466 resistit,
899 1416 1137 1458 humilibus
1166 1422 1308 1461 autem

280 1483 351 1523 dat
374 1485 903 1536 gratiam.»⁶«Excelsus»
930 1488 1042 1528 enim
1059 1489 1308 1543 «Dominus,

280 1558 320 1595 et
335 1555 517 1596 humilia
534 1558 722 1611 respicit,
738 1574 757 1596 »
780 1562 859 1600 etc.
882 1559 1000 1600 Unde
1020 1560 1061 1601 in
1085 1562 1248 1606 Psalmo
1266 1565 1304 1604 ⁷:

286 1641 305 1664 α
329 1626 456 1667 Juxta
484 1631 544 1669 est
575 1629 777 1670 Dominus
807 1631 882 1681 iis,
900 1632 970 1683 qui
992 1632 1190 1674 tribulato
1211 1638 1311 1675 sunt

280 1698 425 1747 corde,
451 1701 491 1738 et
520 1698 703 1739 humiles
731 1701 883 1752 spiritu
914 1701 1107 1743 salvabit.
1139 1718 1158 1741 ))
1193 1704 1310 1744 Sicut

279 1767 432 1808 dicitur
462 1768 574 1809 infra
596 1770 643 1823 (b)
667 1770 842 1812 Zachaeo
872 1772 1026 1824 pusillo
1054 1773 1067 1795 ⁸
1099 1788 1108 1814 ι
1137 1789 1155 1812 (<
1177 1774 1307 1815 Festi-

278 1851 384 1879 nans
423 1839 626 1882 descende
649 1874 662 1892 ,
697 1843 797 1895 quia
828 1843 952 1884 hodie
993 1844 1036 1884 in
1076 1845 1202 1886 domo
1234 1849 1309 1887 tua

278 1912 440 1963 oportet
459 1923 527 1951 me
549 1924 732 1953 manere.
759 1928 776 1952 ›>
803 1913 1009 1963 Quoniam
1028 1916 1208 1957 libenter
1226 1918 1307 1959 liu-

279 1981 452 2023 milibus
480 1984 801 2025 condescendit:
829 1985 1100 2038 Augustinus
1119 1992 1132 2014 θ
1157 2004 1164 2030 :
1195 2005 1214 2028 «
1232 1990 1307 2030 Al-

278 2056 346 2093 tus
379 2057 439 2094 est
465 2054 576 2095 Deus
606 2070 613 2094 :
648 2055 850 2096 humilias
875 2059 936 2107 te,
960 2061 1000 2098 et
1025 2060 1142 2100 venit
1169 2062 1221 2102 ad
1242 2065 1305 2113 te;

279 2124 438 2164 exaltas
457 2127 517 2176 te,
540 2129 579 2166 et
600 2126 711 2178 fugit
730 2139 755 2167 a
781 2130 838 2168 te.
862 2143 881 2166 ))
907 2128 958 2169 Et
990 2133 1092 2171 nota
1119 2133 1231 2185 quod
1265 2146 1309 2174 se

279 2194 399 2234 aliter
425 2195 668 2238 humiliavit
696 2197 913 2249 Zachaeus,
943 2200 1063 2241 aliter
1082 2205 1273 2245 centurio
1296 2219 1304 2245 ε

278 2264 477 2306 Zachaeus
496 2267 759 2320 suscipiendo
773 2300 783 2318 ,
801 2271 991 2312 centurio
1011 2284 1095 2313 non
1115 2274 1309 2316 audendo

279 2338 503 2389 suscipere.
529 2338 716 2392 Utroque
747 2341 860 2381 enim
889 2343 1014 2383 modo
1049 2345 1097 2384 fit
1128 2345 1308 2387 Domino

278 2409 528 2449 reverentia.
565 2409 681 2451 Unde
721 2411 829 2452 bene
866 2412 993 2461 facit,
1027 2415 1101 2467 qui
1136 2420 1307 2469 propter

278 2481 560 2522 reverentiam
582 2494 735 2536 corpus
755 2484 1015 2526 dominicum
1037 2487 1207 2540 suscipit
1222 2489 1304 2530 sre-

278 2556 457 2605 quenter
473 2554 516 2594 in
537 2554 810 2597 Sacramento
827 2570 836 2608 3
863 2560 903 2598 et
923 2558 1029 2599 bene
1046 2559 1173 2600 etiam
1192 2562 1305 2613 facit,

278 2624 351 2677 qui
393 2629 564 2678 propter
604 2629 886 2669 reverentiam
927 2634 1060 2671 cessat
1085 2643 1095 2671 ε
1138 2633 1309 2686 utrique

278 2696 390 2737 enim
421 2697 536 2738 salus
560 2699 707 2748 datur,
737 2701 845 2741 sicut
874 2703 1132 2744 centurionis
1153 2716 1277 2747 servo
1294 2739 1303 2757 ‚

279 2771 319 2807 et
336 2768 416 2820 ipsi
433 2768 620 2811 Zachaeo.
643 2770 711 2811 Sic
728 2771 1050 2824 intelligendum
1072 2778 1134 2815 est
1154 2775 1199 2815 in
1216 2789 1308 2829 pro-

278 2839 427 2891 posito.

335 2915 399 2951 111.
421 2912 476 2955 Et
493 2914 656 2964 factum
674 2918 755 2965 est,
777 2915 993 2968 deinceps,
1014 2919 1091 2958 etc.
1119 2917 1213 2959 Post
1233 2920 1310 2960 mi-

281 2983 470 3023 raculum
493 2985 543 3024 de
562 2987 778 3028 curatione
792 2988 1007 3038 morituri,
1028 2990 1220 3031 subditur
1239 2991 1309 3033 hic

281 3052 535 3093 miraculum
562 3055 612 3095 de
644 3057 913 3098 suscitatione
942 3061 1098 3100 mortui
1128 3071 1137 3100 τ
1161 3061 1203 3101 in
1224 3074 1309 3114 quo

281 3126 520 3177 expressius
540 3127 587 3166 fit
614 3127 915 3170 demonstratio
933 3131 1190 3173 excellentia}
1218 3133 1310 3173 Sal-

280 3197 456 3237 vatoriS.
480 3197 543 3237 Ad
572 3197 702 3250 hujus
729 3203 871 3240 autem
904 3201 1097 3243 miraculi
1126 3204 1307 3256 explica-

283 3269 369 3307 tam
410 3268 729 3321 descriptionem
771 3272 850 3312 tria
889 3272 1219 3315 introducuntur
1256 3276 1309 3316 ab

285 3338 560 3391 Evangelista
583 3355 591 3381 :
616 3341 802 3393 primum
824 3346 885 3383 est
904 3344 1011 3385 ratio
1040 3357 1217 3387 movens
1247 3359 1310 3387 re-

323 3424 329 3441 ¹
354 3424 464 3464 leam,
486 3432 549 3465 xx,
575 3426 626 3456 93.
647 3442 687 3447 —-
712 3426 724 3446 ‘2
744 3426 862 3465 Levia,
889 3435 919 3465 v,
940 3430 969 3459 6.
991 3445 1032 3451 -
1056 3429 1067 3447 ³
1087 3429 1200 3469 lle-tm,
1224 3438 1257 3470 v,
1282 3433 1308 3463 1.

284 3488 323 3495 ·—-
344 3471 358 3492 ⁴
377 3473 471 3512 sup„
496 3481 519 3512 1,
536 3475 588 3513 77,
606 3475 699 3505 78.—
715 3474 728 3496 5
742 3475 824 3514 lacn,
845 3483 892 3515 ιν,
915 3478 943 3508 (3.
958 3493 998 3498 —
1017 3477 1029 3498 ὓ
1049 3476 1136 3508 l'sal.
1156 3486 1310 3518 cxxxxii,

286 3519 316 3548 6.
340 3534 378 3540 -
402 3519 415 3540 ⁷
433 3520 520 3552 Psal.
549 3529 680 3561 xxxin,
704 3524 750 3552 17.
773 3539 812 3544 —
836 3523 847 3540 ⁸
873 3522 948 3564 int,
970 3531 1042 3563 xm,
1067 3526 1095 3555 5.
1117 3541 1156 3547 -—
1175 3525 1188 3546 ⁹
1210 3526 1309 3566 Aug„

289 3564 321 3594 ιἰι
354 3565 443 3596 Psal.
482 3574 603 3608 Lxxiv,
636 3568 772 3608 Εἶπαν-η,
807 3578 842 3600 n.
879 3570 915 3610 2,
947 3570 1059 3611 quoad
1090 3580 1239 3603 sensum.
1272 3588 1310 3595 —-

1016 254 1298 296 EVANGELII
1329 230 1514 298 sANcri
1544 257 1694 300 LucAE

1390 348 1535 398 spectu
1549 347 1740 388 miraculi
1757 348 1954 400 faciendi3
1972 352 2203 393 secundum
2218 354 2279 394 est
2291 365 2417 395 causa

1387 417 1571 458 efficiens
1602 422 1795 472 respectu
1827 420 2019 461 miraculi
2052 423 2095 463 in
2123 425 2235 476 fieri,
2266 427 2306 465 et
2336 425 2416 466 hoc

1386 491 1557 530 notatur
1592 490 1646 530 ibi
1685 490 1757 543 (v.
1794 493 1842 530 113
1868 491 1877 544 )
1906 505 1914 531 :
1941 492 2073 540 Quam
2105 505 2199 536 cum
2231 496 2415 539 vidisset

1387 559 1616 611 Dominus,
1649 564 1745 611 etc.;
1779 562 1947 602 tertium
1972 565 2033 603 est
2062 565 2245 607 efficacia
2272 568 2414 609 subse-

1387 643 1520 683 quens
1550 636 1741 686 respectu
1781 634 1973 674 miraculi
1997 636 2089 687 jam
2125 639 2323 689 perfecti,
2355 640 2415 680 ibi

1391 702 1455 753 (v.
1480 704 1551 755 215)
1574 718 1581 742 :
1604 705 1658 746 Ec
1676 705 1833 747 resecle't
1851 707 1926 759 qui
1955 710 2047 749 erac
2068 710 2271 751 mortuus.
2295 709 2415 752 Ratio

1386 775 1529 814 autem
1550 786 1726 816 movens
1745 761 1972 816 Dominum
2003 777 2055 817 ad
2082 777 2331 819 mirabiliter
2351 793 2416 821 re-

1387 845 1675 886 suscitandum
1706 849 1950 897 mortuum,
1987 847 2145 900 duplex
2182 850 2417 891 ostenditur

1386 916 1430 956 in
1445 916 1582 957 littera
1600 930 1608 958 :
1627 918 1781 958 scilicet
1795 918 2099 959 documentum
2119 919 2417 971 ignorantium

1386 987 1430 1027 in
1452 988 1687 1039 intellectu,
1715 992 1754 1029 et
1773 989 1970 1030 solatium
2000 991 2269 1031 moerentium
2291 992 2336 1032 in
2360 992 2417 1032 af-

1385 1058 1509 1100 fectu,
1533 1058 1583 1099 Et
1602 1060 1836 1100 secundum
1857 1061 1949 1101 haec
1964 1093 1976 1112 ,
2000 1061 2084 1102 duo
2105 1074 2263 1114 genera
2283 1062 2417 1103 homi-

1384 1141 1490 1169 num
1511 1130 1838 1171 introducuntur
1858 1132 1903 1172 in
1930 1133 2068 1185 prima
2100 1136 2241 1185 parte,
2264 1134 2415 1175 scilicet

1385 1201 1676 1242 comitantium
1696 1202 1742 1242 in
1761 1202 1849 1254 via,
1873 1206 1920 1243 ut
1948 1203 2188 1255 dirigantur
2218 1217 2292 1257 per
2325 1207 2359 1257 ej
2370 1218 2418 1246 us

1384 1272 1622 1313 doctrinam
1648 1287 1657 1323 ;
1692 1276 1730 1314 et
1762 1275 2081 1315 occurrentium
2111 1275 2156 1315 in
2186 1278 2334 1328 porta,
2369 1279 2418 1318 ut

1384 1344 1653 1386 consolentur
1674 1357 1747 1398 per
1773 1347 1865 1398 ejus
1895 1347 2092 1397 gratiam.
2119 1345 2262 1389 Primo
2284 1359 2413 1400 ergo,

1384 1419 1594 1468 quantum
1628 1417 1680 1457 ad
1715 1418 1963 1458 comitatum
1995 1417 2285 1459 multitudinis
2314 1431 2415 1459 eru-

1384 1487 1575 1538 diendae,
1610 1488 1762 1528 dicitur
1785 1502 1794 1530 :
1819 1489 1873 1531 Et
1906 1490 2068 1540 factum
2105 1492 2192 1540 esc,
2219 1489 2416 1542 cteinceps

1384 1560 1473 1602 ibat
1491 1560 1609 1602 Jesus
1629 1561 1677 1602 in
1703 1562 1922 1603 civitatem
1950 1572 2045 1613 quse
2070 1564 2245 1603 vocatur
2265 1562 2413 1604 Ναῑιη.

1384 1631 1499 1681 lbat,
1531 1631 1686 1671 scilicet
1719 1632 1771 1671 ad
1800 1632 2033 1671 docendum
2059 1663 2071 1681 ,
2103 1632 2337 1671 secundum
2366 1632 2414 1672 il-

1382 1703 1455 1742 lud
1477 1704 1504 1727 ¹⁰
1531 1717 1539 1743 z
1570 1718 1588 1741 «
1611 1702 1819 1743 Circuibat
1854 1702 1975 1743 Jesus
2004 1704 2136 1742 totam
2171 1701 2384 1744 Galilaeani
2401 1736 2413 1754 ‚

1383 1774 1534 1814 docens
1562 1774 1605 1813 in
1634 1773 1867 1827 synagogis
1898 1785 2071 1824 eorum3
2103 1788 2122 1811 ›)
2147 1775 2188 1813 et
2217 1774 2318 1826 quia
2340 1786 2414 1816 vo-

1382 1846 1514 1886 lentes
1553 1846 1712 1886 discere
1745 1845 2001 1885 comitantur
2035 1842 2284 1896 doctorem,
2322 1846 2416 1887 ideo

1383 1918 1496 1957 addit
1520 1932 1527 1958 :
1551 1919 1610 1960 Ec
1642 1917 1762 1958 ibant
1798 1927 1892 1957 cum
1921 1926 1966 1958 eo
1996 1915 2204 1968 discipule?
2233 1916 2351 1969 ejuS,
2375 1922 2416 1961 et

1384 1988 1507 2030 amba
1526 1989 1710 2040 copiosa.
1733 1986 1928 2028 Sciebant
1953 1986 2070 2027 enini
2096 1986 2201 2027 illud
2229 2000 2319 2029 esse
2347 2001 2415 2030 vc-

1383 2073 1479 2102 runi
1500 2060 1526 2082 ¹¹
1551 2074 1558 2100 :
1589 2075 1607 2098 «
1628 2058 1709 2109 Qui
1731 2059 2074 2111 appropinquant
2092 2058 2271 2111 pedibus
2297 2061 2412 2112 ejus,

1384 2132 1587 2184 accipient
1617 2131 1667 2171 de
1696 2130 1885 2170 doctrina
1916 2129 2052 2179 illius3
2088 2143 2107 2167 ›>
2144 2132 2184 2170 et
2214 2130 2318 2171 illud
2348 2130 2375 2152 ¹²
2404 2146 2412 2173 :

1387 2219 1406 2241 «
1448 2202 1526 2252 Qui
1561 2214 1659 2242 cum
1697 2199 1959 2252 sapientibus
1998 2200 2215 2251 graditur,
2249 2202 2417 2254 sapiens

1384 2274 1478 2315 erit.
1501 2289 1520 2311 »
1551 2272 1600 2312 Et
1628 2272 1782 2312 idcirco
1816 2270 1968 2311 dicitur
1994 2271 2023 2295 1³
2051 2285 2058 2311 :
2084 2270 2182 2312 «Ne
2216 2271 2420 2324 despicias

1368 2344 1670 2385 'narrationem
1697 2341 2043 2395 presbyterorum
2073 2340 2354 2393 sapientium,
2377 2345 2419 2382 et

1385 2417 1430 2456 in
1462 2414 1697 2468 proverbiis
1737 2424 1886 2452 eorum
1926 2423 2203 2461 conversare3
2236 2412 2289 2451 ab
2316 2412 2416 2465 ipsis

1385 2487 1499 2527 enim
1525 2486 1657 2525 disces
1683 2483 1932 2536 sapientiam
1963 2484 2003 2522 et
2032 2482 2266 2523 doctrinam
2298 2484 2417 2524 intel-

1383 2559 1572 2600 lectus.»
1599 2556 1650 2596 Et
1684 2555 1778 2595 ideo
1821 2554 1959 2594 turbae
1993 2554 2248 2595 comitantur
2273 2555 2417 2596 Domi-

1384 2642 1489 2670 num
1510 2631 1550 2669 et
1569 2626 1797 2680 discipulos
1821 2627 1938 2678 ers,
1968 2626 2202 2666 secundum
2231 2626 2336 2668 illud
2357 2627 2384 2649 1⁶
2405 2642 2413 2668 :

1391 2717 1410 2741 «
1429 2700 1623 2742 Accedite
1642 2698 1694 2739 ad
1713 2709 1836 2747 eum,
1859 2698 1900 2737 et
1924 2696 2244 2737 illuminamini.
2266 2713 2285 2735 »

1439 2771 1630 2814 Secundo
1644 2802 1655 2820 ,
1678 2771 1889 2822 quantum
1908 2767 1960 2808 ad
1986 2779 2211 2808 occursum
2231 2769 2418 2809 multitu-

1384 2846 1492 2888 dinis
1512 2842 1793 2891 consolandae,
1811 2839 2090 2892 subiungitur
2111 2840 2176 2891 (v.
2196 2839 2266 2890 102)
2288 2853 2296 2879 ε
2316 2839 2418 2881 Cum

1385 2921 1524 2959 autem
1550 2914 1917 2967 appropinquaret
1935 2914 2067 2962 sportae
2090 2910 2307 2960 civitatee,
2329 2920 2417 2951 ecce

1385 2988 1612 3039 defunctus
1654 2983 1901 3038 efferebatur
1931 2981 2050 3033 filius
2082 2981 2234 3021 unicus
2263 2983 2417 3024 matida

1385 3071 1473 3102 sace
1497 3073 1510 3098 .·
1538 3058 1588 3099 de
1617 3068 1702 3110 quo
1735 3055 1825 3095 erat
1855 3062 2013 3092 moeror
2050 3053 2090 3090 et
2121 3050 2285 3100 luctus,
2316 3052 2418 3104 quia

1386 3133 1601 3180 mortuus,
1633 3125 1867 3168 secundum
1892 3122 1997 3162 illud
2017 3122 2044 3146 15
2069 3135 2078 3162 ε
2108 3136 2127 3160 <‹
2153 3121 2289 3175 Super
2310 3136 2418 3164 nior-

1385 3208 1509 3244 tuum
1527 3201 1668 3254 plora,
1688 3195 1835 3238 defecit
1860 3192 1974 3234 enim
2002 3191 2077 3232 lux.
2109 3193 2215 3244 ejus.
2239 3207 2258 3230 »
2286 3193 2419 3248 Major

1386 3273 1513 3314 etiam
1535 3272 1625 3312 erat
1643 3269 1799 3317 luctUS,
1823 3264 1922 3317 quia
1952 3265 2041 3303 erat
2067 3264 2317 3315 unigenitus
2337 3280 2346 3315 ;
2367 3266 2418 3307 de

1387 3357 1471 3399 quo
1492 3345 1539 3384 fit
1559 3343 1750 3396 planctus
1781 3338 1897 3377 tanto
1922 3334 2128 3386 amarior,
2153 3339 2311 3388 quanto
2330 3341 2419 3378 erat

1390 3430 1413 3451 ¹0
1433 3427 1569 3466 Manli„
1594 3432 1641 3463 iv,
1664 3425 1715 3455 23.
1741 3438 1774 3443 —-
1801 3421 1825 3441 ¹¹
1849 3419 1960 3456 Dent„
1990 3426 2122 3457 lxxxxii,
2149 3420 2180 3449 3,
2200 3436 2242 3442 -.
2262 3419 2286 3440 12
2306 3420 2417 3461 prov-2

1388 3484 1466 3515 λιιι,
1491 3476 1542 3506 20.
1566 3489 1607 3496 -
1625 3470 1653 3492 1³
1678 3467 1795 3506 Eccli.,
1813 3473 1887 3506 vui,
1908 3467 1940 3496 9.
1961 3482 2001 3517 —.
2022 3465 2045 3487 ¹³
2063 3465 2156 3518 Psavl..
2176 3474 2306 3518 {ximusv
2326 3469 2356 3499 6,
2380 3485 2416 3489 -

1386 3524 1415 3546 1⁵
1433 3520 1551 3559 Eccll.²
1573 3521 1660 3558 xxti,
1682 3519 1772 3548 to.—
1790 3513 1836 3556 (a)
1854 3513 1933 3545 Coet.
1949 3512 2027 3546 edat.
2052 3513 2264 3546 Leviticis.—
2278 3514 2318 3554 (b)
2336 3515 2416 3547 Caet,

1387 3570 1467 3602 edit.
1490 3568 1566 3600 aclcl.
1586 3567 1640 3598 dc.
