2587 3845
228 193 279 231 46
831 185 1100 228 EXPOSITIO
1132 183 1184 224 IN
1216 182 1414 224 LIBRUM
1445 181 1756 224 SAPIENTIAE.

226 277 310 318 Nec
340 281 403 319 est
425 276 584 317 inutilis
612 278 704 329 ejus
731 275 937 324 ostensio,
963 278 1004 315 et
1023 285 1249 315 occursus:

227 350 370 400 Enim,
393 350 518 401 quia3
543 349 714 390 inicium
733 347 867 397 illius,
887 346 1039 385 scilicet
1056 358 1129 398 per
1143 343 1253 397 quod

226 419 354 459 homo
375 419 517 471 incipit
537 419 628 458 ficri
660 418 823 470 sapiens
845 432 852 456 :
890 433 908 455 t(
928 416 1059 456 Nemo
1080 417 1252 467 repente

228 490 274 528 fit
298 501 506 537 summus,
531 504 548 525 n
574 492 619 528 ut
639 488 736 527 dicit
757 487 926 536 Glossa;
949 491 1007 528 est
1027 487 1253 528 verissima

227 558 486 610 disciplinoe,
509 559 549 598 id
581 562 656 607 est,
681 557 920 609 sapientiae,
953 558 1251 608 concupiscen-

228 631 306 672 tia.
331 629 386 669 De
419 629 497 669 hac
522 628 860 680 concupiscentia
891 627 1044 667 dicitur
1071 627 1115 666 in
1139 626 1253 666 Psal-

227 713 298 741 mo
332 699 341 719 ¹
380 713 388 740 :
427 716 444 737 κ
473 699 721 752 Concupivit
750 700 892 739 anima
918 711 1012 739 mea
1044 698 1255 739 desidera-

227 783 294 818 re,
324 786 342 807 n
385 774 461 810 etc.
508 769 850 821 Concupiscentia
886 770 1001 809 enim
1039 768 1254 820 sapientiae

228 845 287 882 est
305 841 445 892 aliqua
465 852 562 892 pars
582 840 811 892 sapientiae,
833 840 1066 880 secundum
1089 838 1193 879 illud
1212 840 1225 859 ²
1243 853 1251 878 :

234 927 251 948 (ι
280 911 322 951 Si
353 911 550 951 dilexeris
583 911 754 958 audire,
787 909 954 962 sapiens
985 909 1081 949 eris.
1121 923 1139 946 »
1174 907 1255 948 Sed

228 982 395 1023 videtur
410 982 522 1034 quod
543 982 684 1031 timor,
708 993 793 1021 non
813 993 946 1031 amor,
969 980 1021 1020 sit
1039 979 1255 1032 sapientiae

229 1053 414 1101 initium,
436 1054 535 1105 quia
554 1053 707 1094 dicitur
726 1053 739 1074 ³
761 1064 770 1091 :
798 1068 816 1089 «
840 1051 1014 1091 Initium
1035 1050 1253 1102 sapientiae.

228 1123 356 1162 timor
376 1123 557 1163 Domini.
581 1138 600 1160 »
625 1122 855 1162 Dicendum
873 1153 883 1171 ,
906 1121 1020 1173 quod
1050 1121 1176 1160 timor
1196 1124 1257 1160 est

227 1193 394 1232 initium
419 1193 605 1245 primum
622 1225 631 1243 ,
656 1193 727 1232 sed
753 1204 872 1232 amor
891 1191 1165 1244 proximum3
1189 1190 1256 1231 vel

226 1262 353 1302 timor
380 1263 550 1303 initium
585 1263 872 1303 extrinsecum
890 1294 900 1311 ,
938 1274 1057 1302 amor
1084 1261 1253 1302 initium

227 1332 519 1374 intrinsecum.
568 1333 796 1373 verissima
841 1335 985 1373 autem
1028 1332 1255 1385 concupis-

228 1403 365 1443 centia
398 1404 551 1444 dicitur
581 1404 649 1444 liic
677 1407 822 1444 contra
854 1403 1063 1456 triplicem
1099 1414 1256 1443 vanam

227 1474 625 1526 concupiscentiam,
649 1475 698 1515 de
719 1487 803 1527 qua
823 1474 974 1514 dicitur
992 1474 1005 1495 ¹·
1031 1488 1039 1513 :
1067 1489 1086 1511 (ι
1105 1473 1251 1523 Omne,

227 1545 341 1597 quod
373 1548 433 1585 est
464 1545 509 1585 in
541 1545 712 1596 mundo,
738 1547 813 1585 aut
837 1548 899 1586 θεῖ
919 1545 1256 1597 concupiscentia

228 1615 365 1655 carnis
381 1647 391 1665 ,
424 1630 442 1653 n
465 1618 541 1656 etc.
558 1647 569 1665 ,
592 1627 688 1668 quae
716 1618 778 1655 est
798 1628 850 1655 ex
876 1615 1027 1668 triplici
1053 1616 1252 1665 vanitate,

228 1687 278 1727 dc
301 1700 384 1739 qua
405 1688 418 1708 ⁵
441 1702 449 1727 :
479 1703 497 1725 «
517 1687 687 1728 Vanitas
709 1687 973 1737 vanitatum,
996 1702 1015 1724 »
1041 1691 1118 1727 etc.
1145 1688 1256 1729 Cura

228 1768 345 1809 erqo;
376 1758 498 1810 quasi
532 1758 672 1798 dicat:
718 1757 782 1798 Ex
819 1770 903 1810 quo
943 1758 1000 1798 ita
1030 1761 1105 1808 est,
1143 1759 1257 1811 quod

228 1829 562 1880 concupiscentia
598 1828 829 1880 disciplinas
877 1831 937 1868 θεῖ
978 1828 1148 1869 initium
1193 1842 1257 1870 sa-

228 1899 417 1950 pientiae,
445 1909 538 1951 erqo
566 1909 670 1940 cura
696 1898 959 1950 clisctplznoe,
992 1899 1034 1940 id
1055 1903 1141 1950 est,
1163 1913 1258 1941 con-

228 1969 484 2021 cupiscentia
517 1970 772 2022 disciplinae,
804 1975 865 2013 est
891 1970 1082 2023 dilectio,
1108 1971 1150 2012 id
1179 1975 1255 2021 est,

229 2052 357 2080 causa
398 2041 629 2081 dilectionis
673 2041 806 2094 ipsius
843 2042 1058 2095 sapientia}
1098 2055 1108 2083 ε
1146 2043 1258 2095 quod

230 2111 344 2151 enim
377 2112 736 2164 concupiscimus,
759 2112 980 2165 diligimus
1008 2125 1106 2154 cum
1127 2113 1259 2155 habe-

230 2193 339 2221 mus,
371 2180 421 2222 Et
450 2184 564 2230 nota,
586 2181 700 2233 quod
720 2181 831 2222 idem
860 2185 984 2223 vocat
1012 2183 1260 2236 sapientiam

231 2254 271 2292 et
290 2251 581 2304 disciplinam3
605 2252 718 2305 quod
738 2252 851 2293 idem
871 2256 972 2294 sunt
996 2254 1040 2294 in
1065 2266 1134 2305 re,
1166 2255 1262 2296 licet

231 2321 425 2362 differant
444 2323 606 2363 ratione
627 2337 635 2362 :
661 2323 761 2376 quia
781 2324 987 2377 sapientia
1014 2325 1193 2376 dicitur,
1216 2325 1261 2365 in

231 2394 438 2444 quantum
463 2395 650 2433 mentem
682 2395 737 2444 (a)
757 2393 936 2435 interius
963 2394 1263 2435 delectabiliter

232 2462 358 2502 afficit
374 2477 383 2512 ;
409 2462 640 2515 disciplina,
657 2464 701 2503 in
720 2467 930 2517 quantum
950 2465 1133 2506 actiones
1149 2468 1262 2506 exte-

232 2532 364 2572 riores
384 2533 550 2573 ordinat
580 2537 621 2574 et
652 2534 848 2587 disponit.
874 2534 948 2576 Vel
974 2536 1032 2576 sic
1058 2550 1067 2576 :
1096 2536 1260 2577 Concu—

234 2604 455 2655 piscentia,
487 2608 588 2655 etc.,
622 2609 684 2646 θεῖ
713 2606 903 2656 dilectio,
936 2607 980 2647 id
1009 2610 1098 2656 θεῖ,
1137 2620 1264 2648 causa

237 2674 469 2715 dilectionis
489 2676 660 2726 divinae,
681 2676 790 2717 intra
809 2682 822 2702 ⁶
843 2690 854 2717 ε
891 2693 910 2716 «
929 2677 1152 2719 Neminem
1173 2679 1264 2719 dili-

240 2745 304 2796 git
322 2745 450 2795 Deus,
475 2746 555 2785 nisi
578 2758 677 2786 eum
700 2747 772 2799 qui
791 2759 890 2787 cum
918 2749 1121 2801 sapientia
1139 2749 1263 2790 inha-

239 2817 356 2856 hitat.
368 2831 386 2854 »
399 2821 412 2841 ⁷
431 2815 575 2865 «Quod
587 2817 620 2857 si
630 2820 749 2858 extra
759 2818 1021 2871 disciplinam
1033 2820 1145 2870 estis,
1158 2833 1265 2872 ergo

237 2899 323 2926 non
342 2886 432 2937 filii,
451 2887 521 2927 sed
537 2887 715 2928 adulteri
729 2889 841 2929 estis.
862 2904 881 2927 n
899 2891 959 2932 Et
977 2889 1162 2942 dilectiO,
1176 2903 1267 2934 cus-

239 2957 358 2999 todia
368 2958 502 3010 legium
512 2958 579 3000 illi
584 2970 646 3008 us,
658 2959 698 3000 id
709 2962 784 3010 est,
794 2961 1218 3003 causacustoditionis
1228 2963 1260 3003 ⁸:

245 3045 263 3067 «
284 3028 502 3069 Plenitudo
520 3029 628 3081 legis
647 3033 710 3070 est
733 3031 911 3083 dilectio,
933 3046 952 3070 υ
977 3032 1019 3073 id
1039 3036 1116 3083 θεῖ,
1140 3046 1266 3075 causa

239 3098 495 3151 impletionis
515 3099 668 3140 divinae
689 3100 808 3152 legis.
838 3105 853 3127 ⁹
878 3117 897 3140 «
927 3101 1042 3143 Finis
1067 3106 1266 3157 praecepti

240 3173 302 3211 est
330 3170 525 3211 charitas.
557 3185 577 3208 n
615 3172 801 3224 Lequm,
840 3172 995 3214 scilicet
1031 3175 1263 3226 naturalis,

240 3241 465 3292 mosaicae,
494 3244 536 3282 θῖ
573 3242 864 3294 evangelicae,
905 3244 956 3285 de
993 3245 1150 3297 quibus
1188 3246 1216 3268 ²⁰
1255 3261 1264 3288 :

285 3323 398 3355 ¹Psal.
420 3331 545 3364 cxviii,
567 3326 618 3356 20.
639 3341 679 3347 -—
699 3324 710 3342 ²
730 3324 847 3366 Ecca„
869 3333 923 3365 v1,
943 3327 994 3358 34.
1008 3343 1049 3349 —
1068 3327 1081 3347 3
1102 3326 1219 3367 Eccli.,
1243 3336 1265 3368 1,

242 3373 293 3403 16.
310 3389 349 3396 —
368 3372 378 3390 ⁴
401 3373 409 3403 l
432 3373 538 3412 Joun.,
561 3372 672 3412 1516.
688 3388 729 3394 —-
743 3372 756 3393 ⁵
772 3372 892 3412 Eccle„
911 3375 987 3414 1,1.
1005 3391 1039 3396 —-
1057 3373 1070 3394 ⁶
1087 3373 1180 3414 Sap„
1205 3382 1266 3416 vn,

241 3419 292 3450 28.
310 3437 348 3442 —
368 3421 378 3439 ⁷
398 3418 512 3459 Helm,
531 3426 596 3458 xii,
619 3420 650 3450 8.
664 3436 706 3442 ·-
721 3418 734 3439 ⁸
753 3419 858 3460 Rom„
879 3427 954 3462 xm,
979 3423 1028 3453 10.
1050 3438 1091 3444 -
1107 3422 1118 3439 ⁰
1139 3422 1149 3451 1
1172 3421 1267 3463 Tim,

243 3472 267 3505 1,
295 3467 325 3496 5.
355 3482 395 3489 -
426 3467 452 3488 ¹⁰
483 3468 562 3507 Isa.r
592 3473 693 3507 xxiv,
725 3468 757 3498 5.
785 3484 828 3490 —
857 3468 884 3490 ¹¹
915 3470 1022 3506 Pron„
1052 3476 1112 3509 111,
1145 3470 1197 3501 21.
1227 3487 1267 3494 -

1331 289 1350 311 α
1373 272 1647 323 Transgressi
1679 274 1778 311 sunt
1807 270 1946 321 leges,
1975 273 2248 312 mutaverunt
2263 272 2350 323 jus,

1325 343 1634 394 dissipaverunt
1653 341 1787 381 foedus
1810 341 2131 392 sempiternum.
2156 356 2175 378 »

1381 417 1444 453 110.
1464 412 1700 454 Cas-coditio
1718 414 1859 451 autem
1875 411 2025 462 lequm,
2048 412 2353 454 consummatio

1325 483 1681 534 incorruptionis,
1713 481 1753 520 id
1779 483 1861 530 est,
1892 493 2018 521 causa
2052 486 2355 524 consummatae

1326 552 1654 605 incorruptionis
1674 551 1928 603 spiritualis,
1951 551 2105 593 scilicet
2123 556 2213 592 tani
2234 566 2352 594 nien-

1326 625 1392 674 tis,
1424 635 1555 676 qnam
1585 622 1773 675 corporis
1802 622 1845 661 in
1873 623 2092 674 praesenti,
2123 623 2191 665 vel
2217 624 2354 664 incor-

1327 694 1552 746 ruptionis,
1589 694 1630 733 id
1668 697 1743 744 est,
1779 693 2106 734 immortalitatis
2138 694 2181 734 in
2213 694 2356 736 futuro

1327 765 1561 805 secundum
1581 764 1815 816 glossam.ss
1836 764 2039 805 «Custodi
2059 764 2199 816 legem
2218 777 2357 806 meam

1326 839 1453 888 atquc
1485 835 1706 876 consilium
1734 848 1899 886 meum,
1929 836 2066 877 eterit
2092 836 2179 877 vita
2205 836 2359 877 animae

1327 910 1427 947 tuae.
1451 921 1471 944 ))

1381 980 1447 1017 20.
1479 978 1748 1029 Incorruptio
1780 981 1920 1019 autem
1951 978 2058 1028 facit
2089 988 2173 1020 esse
2203 979 2356 1030 proat-

1327 1058 1441 1088 mum
1475 1049 1588 1096 Deo;
1624 1048 1737 1088 unde
1774 1049 1825 1089 dc
1855 1049 2099 1099 virginibus
2135 1052 2352 1100 cantatur,

1328 1119 1443 1171 quod
1463 1119 1491 1140 ¹²
1516 1133 1536 1156 ε(
1557 1121 1796 1171 sequuntur
1825 1132 1990 1172 agnum
2014 1151 2027 1170 ,
2061 1121 2358 1174 quodcumque

1328 1188 1439 1229 ierit.
1461 1204 1479 1226 n

1381 1262 1446 1300 21.
1483 1259 1834 1312 Concupiscentia
1865 1262 2007 1314 itaque
2029 1261 2077 1313 (b)
2105 1263 2357 1314 sapientire,

1328 1343 1425 1383 quae
1446 1333 1508 1370 θεῖ
1535 1331 1628 1382 eJus
1653 1331 1821 1371 initium
1843 1364 1851 1382 ,
1888 1331 2064 1374 deducet
2094 1333 2151 1374 acl
2182 1344 2359 1386 reanum

1327 1405 1591 1455 perpetuum.
1609 1400 1776 1442 Glossa:
1800 1418 1818 1440 (ι
1833 1401 1950 1451 Quod
1971 1403 2088 1443 estin
2109 1404 2356 1455 cognitione

1330 1473 1591 1522 divinitatis3
1615 1486 1634 1509 υ
1660 1473 1894 1513 secundum
1926 1473 2030 1513 illud
2051 1474 2080 1497 ¹³
2104 1488 2112 1514 :
2142 1490 2161 1512 (ι
2180 1474 2280 1515 Haec
2297 1477 2359 1514 est

1328 1541 1416 1582 vita
1448 1546 1633 1593 aeterna,
1669 1545 1717 1583 ut
1748 1549 2003 1595 cognoscant
2041 1547 2082 1584 te
2116 1544 2250 1585 Deum
2281 1557 2355 1586 ve-

1329 1625 1448 1662 rum,
1471 1629 1489 1650 ι)
1521 1616 1599 1654 etc.

1383 1687 1448 1724 22.
1474 1684 1521 1725 Si
1541 1694 1634 1737 erqo
1654 1684 1943 1734 delectamini,
1963 1688 2059 1734 etc.,
2081 1685 2202 1738 quasi
2222 1685 2355 1727 dicat:

1335 1770 1354 1793 «
1376 1754 1438 1795 Ex
1459 1767 1544 1807 quo
1564 1755 1634 1795 dat
1654 1768 1839 1807 regnum
1859 1760 2111 1809 perpetuum
2124 1789 2135 1808 ,
2159 1772 2178 1794 »
2205 1768 2300 1810 erqo
2320 1760 2360 1799 si

1331 1825 1604 1867 delectamini
1626 1827 1675 1867 in
1699 1826 1872 1869 sedibus
1903 1832 1940 1869 et
1959 1829 2134 1880 sceptris
2148 1843 2158 1878 ;
2183 1828 2326 1869 Glossa
2348 1842 2358 1869 :

1337 1896 1512 1947 «Reges
1544 1896 1741 1938 admonet
1770 1897 1947 1949 diligere
1976 1898 2249 1951 sapientiam,
2272 1899 2362 1940 sine

1331 1980 1417 2020 qua
1450 1979 1631 2019 regnare
1670 1979 1757 2007 non
1795 1971 1972 2020 possunt
2006 1981 2016 2009 :
2052 1984 2071 2006 »
2110 1972 2211 2010 tunc
2247 1970 2362 2011 enim

1331 2040 1438 2081 bene
1472 2040 1637 2092 regitur
1667 2039 1917 2092 Respublica
1940 2072 1953 2091 ,
1987 2054 2086 2081 cum
2120 2042 2363 2095 philosophi

1332 2114 1543 2164 regnant,
1580 2114 1621 2152 θῖ
1651 2124 1777 2163 reges
1809 2112 2178 2165 philosophantur.
2215 2112 2364 2154 Merito

1334 2195 1438 2234 crgo
1460 2185 1643 2223 rectores
1663 2182 1858 2223 Ecclesiae
1890 2183 2046 2223 assidui
2077 2184 2161 2224 sint
2190 2184 2232 2224 in
2254 2184 2363 2225 divi-

1334 2266 1403 2294 nae
1421 2253 1529 2305 legis
1549 2253 1820 2293 meditatione
1841 2267 1849 2294 :
1871 2253 1944 2305 qui
1963 2253 2078 2293 enim
2099 2266 2193 2295 eam
2208 2255 2366 2296 discen-

1335 2324 1410 2374 do,
1438 2324 1624 2364 docendo
1638 2355 1647 2373 ,
1669 2324 1882 2376 operando
1906 2324 2113 2376 sequitur,
2135 2325 2262 2377 regni
2281 2338 2364 2367 coe-

1335 2393 1450 2434 lestis
1475 2406 1675 2434 coronam
1705 2398 1968 2447 assequetur.
2000 2396 2055 2437 Si
2075 2406 2169 2448 erqo
2190 2395 2368 2438 delecta-

1336 2465 1449 2506 mini
1471 2465 1520 2506 in
1539 2464 1709 2506 sedibus
1732 2465 1968 2517 Judiciariae
1989 2466 2233 2518 potestatiS,
2256 2470 2295 2509 et
2320 2468 2368 2508 in

1335 2537 1510 2588 sceptris
1527 2535 1660 2587 regiae
1677 2535 1913 2586 dignitatis,
1931 2536 2168 2577 secundum
2190 2536 2294 2578 illud
2311 2537 2338 2561 ¹⁵
2357 2551 2365 2577 :

1344 2621 1363 2644 (t
1382 2607 1539 2646 Amant
1558 2606 1715 2658 primas
1736 2606 1977 2656 cathedras,
1999 2621 2018 2644 ))
2045 2609 2124 2646 etc.
2143 2606 2238 2647 Alia
2254 2607 2366 2648 litte-

1339 2689 1387 2717 ra
1407 2676 1535 2717 habet
1557 2690 1566 2715 :
1593 2677 1642 2719 in
1661 2676 1872 2727 sensibus,
1895 2677 2034 2729 quoad
2055 2677 2367 2729 discretionem,

1341 2753 1381 2791 et
1400 2750 1448 2790 in
1462 2749 1740 2790 schematibus
1755 2779 1768 2798 ,
1787 2749 1926 2801 quoad
1946 2748 2213 2801 dignitatem.
2236 2750 2285 2791 Si
2304 2748 2372 2791 de-

1340 2820 1581 2870 lectamini,
1607 2820 1809 2872 inquam,
1831 2832 1856 2860 o
1879 2831 2005 2872 reges
2026 2819 2193 2872 populi,
2217 2820 2260 2860 id
2280 2822 2367 2871 θεῖ,

1340 2894 1523 2933 rectores
1543 2891 1626 2943 maj
1633 2902 1746 2941 oreS,
1767 2893 1807 2930 et
1823 2890 2012 2942 praelati,
2029 2893 2117 2930 tam
2131 2890 2368 2941 saeculares,

1339 2975 1470 3016 quam
1499 2961 1786 3011 ecclesiastici,
1815 2961 1986 3014 ditique
2014 2963 2298 3014 sapientiam,
2325 2966 2372 3003 ut

1339 3034 1389 3075 in
1405 3036 1654 3085 perpetuum
1674 3034 1874 3086 reqnetz's.
1891 3033 1918 3056 ¹⁵
1935 3048 1955 3072 «
1975 3031 2054 3074 Per
2075 3044 2142 3073 me
2160 3044 2284 3084 reges
2302 3043 2370 3072 re-

1343 3105 1493 3155 gnant.
1516 3118 1535 3141 »

1395 3177 1461 3215 23.
1484 3173 1666 3227 Diliqite
1695 3173 1836 3216 lumen
1863 3175 2112 3227 sapientiae,
2135 3174 2187 3214 ad
2213 3174 2373 3216 illumi-

1341 3248 1558 3289 nationem
1579 3248 1825 3289 animarum
1843 3263 1853 3299 ;
1873 3248 1983 3289 infra
2005 3249 2032 3273 ¹⁶
2055 3263 2064 3289 :
2095 3263 2114 3287 «
2133 3248 2235 3289 Luci
2255 3261 2370 3290 com-

1343 3362 1369 3383 ¹²
1389 3361 1502 3401 Apoc„
1524 3368 1597 3401 xw,
1620 3363 1650 3393 1.
1669 3378 1711 3384 —
1732 3361 1754 3380 ¹³
1775 3361 1882 3399 Joan.,
1904 3369 1995 3402 xvn,
2011 3378 2052 3385 —
2074 3362 2098 3383 ¹⁴
2116 3362 2251 3404 Mami„
2270 3370 2369 3405 xxm,

1341 3410 1373 3440 6.
1394 3425 1435 3432 -
1455 3409 1479 3431 ¹⁵
1498 3409 1609 3448 Pron„
1630 3415 1705 3449 vni,
1728 3409 1777 3441 15.
1803 3426 1840 3431 —
1864 3409 1887 3430 ¹⁶
1905 3408 1999 3449 Sap„
2018 3416 2080 3446 vn,
2100 3411 2154 3443 29.

1385 3473 1430 3514 (a)
1450 3472 1544 3506 Edit.
1570 3473 1646 3508 Ven.
1659 3475 1787 3506 mente.
1806 3491 1848 3498 —
1862 3473 1904 3515 (b)
1922 3474 2010 3507 Edit.
2030 3475 2117 3508 Ven.
2142 3476 2266 3516 utique.
