2634 3853
1121 194 1290 238 CAPUT
1323 196 1375 237 Il.

180 306 304 335 mane
321 287 562 343 vigilaverit
591 284 641 325 ad
661 295 752 335 me,
775 283 964 325 inveniet
986 295 1066 324 me.
1089 297 1108 320 ›>
1130 283 1203 324 Vel

179 361 470 417 spiritualiter,
505 357 644 410 prima
673 355 822 407 vigilia
851 356 913 395 est
941 357 1204 407 contemptus

177 432 324 474 mundi
341 445 349 471 :
368 432 379 453 ¹
395 429 520 480 «Ego
540 426 719 474 dormio,
741 440 760 463 ›)
780 425 832 465 ab
852 424 1204 476 implicationibus

176 504 343 553 scilicet,
359 504 437 542 etc.
455 498 647 540 Secunda
667 496 891 536 maceratio
907 495 1093 547 corporis
1109 508 1204 548 pro-

175 574 256 626 prii
272 585 282 614 ε
297 574 312 595 ²
325 588 344 611 c(
354 571 510 623 Vigilia
523 567 753 609 honestatis
769 566 986 606 tabefaciet
1000 577 1161 606 carnes.
1178 581 1196 604 ))

175 643 334 691 Tertia,
362 639 611 682 exercitium
632 638 838 679 virtutum
863 651 871 676 z
895 638 908 659 3
931 650 950 673 «
977 636 1054 676 Cor
1075 648 1203 676 suurn

174 713 289 754 dabit
308 713 353 752 in
373 708 778 752 consummationem
795 718 993 759 operum,
1023 709 1064 747 et
1087 707 1201 758 vigi-

173 785 232 826 lia
254 795 331 824 sua
355 782 522 823 ornabit
539 781 582 820 in
602 777 899 832 perfectionem
928 777 995 829 (a).
1019 792 1038 814 ›)
1065 777 1200 826 Quar-

173 858 240 904 ta,
270 853 527 895 desiderium
555 849 897 891 benedictionum
928 849 1199 889 divinarum:

176 929 190 950 ¹·
207 939 226 964 «
245 925 324 974 Qui
351 923 505 975 vigilat
523 922 576 962 ad
605 932 726 969 eum,
746 919 934 959 inveniet
952 919 1204 959 benedictio-

173 981 430 1036 nem‘illius.
452 1008 472 1031 ›)
497 993 510 1015 ⁵
545 1008 563 1030 «
586 991 740 1032 Beatus
768 990 849 1040 vir,
879 989 951 1041 qui
976 989 1092 1029 audit
1112 1002 1200 1040 me,

175 1068 216 1107 et
234 1065 307 1118 qui
325 1064 495 1116 vigilat,
519 1078 538 1101 ))
561 1064 642 1117 etc,
664 1061 737 1102 Vel
762 1060 898 1112 prima
917 1060 1068 1111 vigilia
1082 1092 1092 1111 ,
1118 1073 1205 1101 ma-

173 1135 263 1177 lum
286 1146 540 1186 agnoscere;
574 1131 776 1180 secunda,
809 1130 1004 1182 agnitum
1030 1130 1204 1170 derelin-

175 1217 304 1258 quere
315 1220 324 1255 ;
336 1204 472 1252 tertia,
486 1203 536 1263 ad
549 1203 710 1243 bonum
722 1213 765 1241 se
779 1200 1001 1241 extendere
1014 1215 1023 1250 3
1035 1203 1200 1253 quarta,

174 1276 337 1316 bonum
374 1274 651 1315 continuare·
678 1272 760 1312 Pro
802 1271 852 1310 iis
891 1275 1072 1322 quatuor
1107 1272 1204 1311 dicit

174 1347 322 1398 quater
339 1345 352 1365 ‘³
375 1359 383 1385 :
412 1358 431 1382 <‹
450 1344 689 1390 Revertere,
716 1356 735 1378 ›)
763 1343 840 1381 etc.
862 1341 936 1381 Vel
952 1342 1078 1392 juxta
1098 1342 1204 1383 litte.-

173 1427 281 1464 ram,
303 1415 347 1454 in
364 1414 572 1466 principio
596 1412 845 1463 vigiliarum
866 1423 1057 1462 surgere,
1077 1415 1138 1452 est
1158 1413 1203 1452 in

172 1484 426 1526 omnimodis
455 1483 618 1535 vigiliis
649 1481 834 1534 priorem
867 1493 980 1529 esse3
1015 1483 1129 1522 unde
1158 1484 1203 1522 in

173 1554 336 1598 Psalmo
367 1558 409 1594 ⁷:
443 1568 462 1592 (1
490 1553 843 1604 Anticipaverunt
882 1551 1052 1603 vigilias
1090 1553 1202 1593 oculi

171 1626 271 1667 mei.
292 1640 311 1663 ›)
331 1624 530 1677 Sequitur
552 1639 560 1664 :
584 1622 782 1676 Effunde,
807 1624 884 1663 etc.
902 1637 911 1671 ;
936 1623 1129 1663 hortatur
1150 1624 1202 1664 ad

170 1696 434 1750 impetranda
463 1695 608 1736 divina
639 1694 851 1747 praesidia.
886 1693 1098 1746 Effzinde,
1137 1695 1201 1735 in-

170 1767 278 1820 quit,
294 1768 406 1809 sicut
422 1776 577 1818 aquam
597 1775 665 1807 cor
687 1769 808 1807 tuum
823 1768 918 1806 ante
934 1768 1201 1817 conspectum

170 1837 370 1879 Domini:
385 1848 541 1889 aquam
559 1847 630 1876 cor
644 1834 874 1884 effundere,
898 1837 958 1873 est
979 1846 1030 1874 ex
1052 1834 1201 1875 intimo

169 1907 379 1960 lacrymas
406 1906 652 1958 producere.
682 1904 864 1957 Effunde
882 1905 994 1945 sicut
1013 1915 1168 1956 aquam
1189 1920 1197 1945 ε

169 1989 255 2017 non
281 1976 389 2017 sicut
424 1977 586 2025 oleum,
631 1976 745 2027 quod
777 1975 961 2015 effusum
1000 1975 1201 2027 relinquit

169 2046 496 2099 pinguedinem;
525 2057 610 2085 non
630 2046 737 2086 sicut
756 2045 859 2096 mel,
883 2046 997 2097 quod
1016 2045 1200 2086 effusum

168 2116 370 2169 relinquit
408 2116 691 2166 dulcedinem;
731 2116 833 2157 item
867 2128 953 2157 non
992 2117 1100 2157 sicut
1135 2117 1200 2157 vi-

168 2197 290 2236 num,
311 2186 424 2238 quod
443 2186 644 2239 relinquit
663 2187 857 2236 odorem,
880 2198 966 2227 non
984 2187 1094 2227 sicut
1112 2187 1195 2237 lac,

169 2257 282 2308 quod
306 2256 508 2309 relinquit
532 2257 715 2298 colorem
737 2272 746 2297 :
783 2257 854 2297 sed
883 2258 997 2299 sicui
1027 2268 1196 2309 aquam.

168 2325 243 2367 Vel
270 2326 439 2379 effunde
459 2328 571 2369 sicui
588 2338 770 2380 aquam,
792 2339 888 2379 quae
908 2327 1003 2367 fluit
1023 2328 1075 2367 ad
1098 2328 1200 2368 infe-

168 2396 325 2437 riorem
349 2397 490 2437 locum
504 2430 513 2447 ,
537 2400 578 2438 et
601 2410 675 2450 per
695 2401 848 2438 totum.
873 2396 948 2437 Vel
966 2400 1076 2438 certe
1096 2399 1199 2439 illud

170 2466 222 2507 ad
253 2467 469 2519 superiora
495 2469 643 2508 referri
665 2470 824 2519 potest:
849 2479 921 2507 cor
941 2468 1056 2507 enim
1077 2469 1198 2519 quasi

170 2547 281 2587 aqua
294 2536 538 2587 effunditur,
552 2537 755 2589 quoniam
770 2538 909 2577 omnis
922 2538 975 2577 ab
989 2550 1038 2578 eo
1052 2550 1199 2579 sensus

171 2605 369 2658 proprius
400 2606 666 2658 diminuitur,
699 2607 866 2660 quando
893 2607 1027 2648 oratio
1047 2608 1199 2649 divinis

165 2675 336 2727 ¹judiciis
356 2677 651 2728 configuratur
671 2680 711 2717 et
729 2677 1036 2718 substernitur:
1057 2677 1070 2698 ⁸
1088 2694 1107 2716 «
1123 2678 1198 2719 Pa-

169 2748 310 2786 ratum
333 2758 404 2787 cor
422 2759 582 2797 meum,
605 2747 731 2788 Deus.
754 2762 772 2785 >³
795 2748 904 2789 Leva
924 2747 983 2789 ad
1004 2758 1098 2789 euni
1114 2761 1199 2791 ma-

169 2827 251 2858 nus
267 2819 380 2867 tuas,
403 2817 454 2857 ad
480 2817 678 2868 litteram,
702 2830 756 2858 ex
773 2818 947 2858 affectus
965 2819 1196 2860 vehemen-

167 2888 246 2937 tia,
270 2890 318 2928 ut
339 2888 531 2929 ostendas
555 2891 598 2929 te
624 2889 784 2929 auxilio
811 2889 1029 2940 indigere3
1051 2893 1092 2930 et
1112 2903 1197 2931 non

168 2956 210 2996 in
232 2957 314 2997 tuis
333 2958 518 3007 viribus,
540 2959 612 2999 sed
631 2959 676 2999 in
703 2959 775 2999 Dei
796 2959 1053 3010 protectione
1073 2961 1198 3000 confi-

169 3027 266 3068 dere
288 3041 298 3068 2
323 3028 337 3049 ⁹
364 3042 382 3066 <‹
401 3027 606 3069 Levantes
624 3040 752 3081 puras
771 3040 937 3069 manus.
960 3043 979 3066 >J
1004 3029 1078 3071 Vel
1097 3041 1194 3072 con-

170 3107 292 3150 surqe
311 3109 386 3150 per
405 3098 722 3149 contritionem3
753 3098 922 3150 effunde
946 3111 1022 3152 per
1040 3102 1196 3141 confes-

170 3169 349 3219 sionem;
368 3169 456 3211 leva
468 3182 543 3222 per
555 3170 942 3211 sanctificationem.
956 3170 1037 3213 Pro
1049 3172 1197 3214 anima

169 3239 442 3290 parvulorum
473 3243 639 3283 tuorum
658 3253 673 3281 :
705 3241 786 3281 hoc
822 3240 939 3292 dicit,
985 3242 1084 3293 quia
1116 3243 1196 3295 ipsi

213 3322 221 3340 ¹
251 3322 362 3364 Cant„
391 3331 423 3363 v,
450 3326 482 3357 2.
504 3342 544 3349 -
576 3326 590 3347 2
615 3325 736 3366 Eccli„
769 3334 872 3366 xxm,
906 3328 934 3356 1.
967 3342 1007 3349 —
1036 3326 1047 3343 ⁸
1077 3326 1196 3369 Eccli.,

171 3372 426 3411 xxxvm,31.--
444 3371 454 3389 ⁴
474 3372 593 3413 Eccli„
606 3382 715 3414 xxxii,
738 3376 828 3406 18.—-
850 3374 863 3395 5
876 3374 986 3408 Prov..
1006 3381 1080 3412 vm,
1102 3375 1194 3405 34.-

173 3418 185 3437 ⁶
211 3417 321 3456 Cant„
343 3426 391 3458 vl,
410 3421 461 3451 12.
480 3436 521 3443 —-
537 3421 551 3443 '1
574 3422 662 3453 Psal.
683 3429 798 3461 mm,
820 3423 850 3454 5.
869 3438 910 3445 -—-
928 3421 942 3443 ὃ
961 3421 1053 3453 Psal.
1075 3430 1142 3462 nvi,
1165 3425 1195 3454 8.

171 3480 211 3488 —
232 3465 245 3483 ⁹
266 3465 277 3496 1
302 3464 397 3505 Tim„
417 3473 455 3504 11,
476 3467 506 3497 8.

2231 210 2304 250 181

1280 285 1417 337 puniti
1445 287 1563 336 sunt,
1596 289 1637 327 et
1661 289 1818 329 mortui
1849 294 2019 343 propter
2041 297 2208 345 peccata
2232 310 2308 350 pa-

1280 359 1395 396 trum
1416 358 1456 396 et
1476 359 1700 419 parentum
1729 371 1918 401 suorum.
1945 362 2030 410 Qui·
2060 363 2310 416 defecerunt

1282 428 1391 476 fame
1411 441 1426 466 .·
1456 428 1619 480 antiqui
1647 429 1741 469 libri
1766 431 1946 472 habent:
1977 434 2026 474 in
2050 436 2188 486 fame;
2212 437 2309 479 libri

1280 498 1380 537 novi
1402 498 1557 539 habent
1573 513 1582 539 ε
1600 501 1677 552 qui
1693 502 1804 551 fame
1814 508 2008 553 pereunt.
2029 505 2310 557 spiritualiter

1280 571 1546 620 peccatorum
1560 602 1573 621 ,
1599 572 1671 623 qui
1698 573 1866 623 parvuli
1887 578 2076 625 pereunt.
2103 577 2154 618 In
2173 580 2311 630 capite

1280 640 1468 680 omnium
1495 643 1797 692 compitorum:
1839 644 2073 696 compitum
2115 650 2176 687 est
2217 660 2312 688 con-

1280 709 1505 749 fluentium
1534 711 1721 762 plurium
1743 713 1931 764 viarum,
1956 714 2114 756 dictum
2147 718 2312 769 quasia

1279 780 1575 830 componendo.
1618 781 1679 821 lbi
1718 794 1822 833 ergo
1860 787 1980 824 erant
2019 787 2202 838 mortui,
2236 788 2311 829 ubi

1280 850 1548 890 transeuntes
1568 851 1741 903 plurimi
1761 865 1908 893 eorum
1936 854 2047 895 visui
2075 856 2310 909 objiceren-

1279 921 1375 960 tur:
1405 931 1479 971 per
1501 921 1613 972 quod
1641 921 1914 973 spiritualiter
1936 924 2189 977 intelligitur
2214 928 2308 968 lati-

1279 990 1379 1029 tudo
1401 991 1669 1031 saecularium
1684 992 2049 1044 voluptatum.Vel
2070 996 2312 1038 moriuntur

1278 1061 1443 1113 parvuli
1462 1061 1505 1100 in
1531 1063 1684 1114 capite,
1712 1064 1812 1115 quia
1838 1063 1962 1104 multi
1987 1067 2087 1104 sunt
2110 1078 2309 1119 enerveS,

1280 1131 1353 1182 qui
1374 1132 1514 1171 statim
1535 1132 1690 1173 cadunt
1709 1134 1868 1175 oriente
1888 1135 2134 1176 tentatione.

1334 1204 1421 1243 Res.
1450 1201 1571 1251 Vide,
1595 1204 1785 1255 Domine,
1804 1208 1843 1247 et
1860 1204 2097 1255 considera,
2113 1209 2190 1248 etc.
2211 1207 2310 1249 Haec

1279 1275 1340 1312 est
1359 1276 1511 1325 quarta
1532 1287 1627 1326 pars
1658 1275 1851 1327 capituli,
1881 1277 1927 1316 in
1947 1290 2032 1329 qua
2050 1310 2060 1328 ,
2083 1281 2311 1330 postquam

1279 1355 1408 1394 supra
1428 1348 1664 1395 peccatores
1685 1347 1897 1396 excitavit,
1921 1351 1966 1387 ut
1995 1360 2065 1388 eos
2086 1349 2138 1388 ad
2174 1349 2309 1401 poeni-

1278 1414 1455 1452 tentiam
1492 1415 1744 1464 inflecteret,
1789 1416 1858 1456 hic
1898 1411 2108 1469 Propheta
2140 1431 2311 1459 causam

1278 1483 1576 1534 poenitentium
1599 1485 1845 1537 suscipiens,
1870 1498 2111 1528 sermonem
2132 1500 2311 1530 conver-

1276 1552 1326 1592 tit
1346 1554 1397 1593 ad
1428 1553 1676 1604 Dominum,
1708 1557 1757 1595 ut
1790 1556 1932 1607 ipsum
1972 1569 2048 1609 pro
2083 1560 2312 1610 peccatori—

1277 1626 1358 1665 bus
1380 1628 1538 1667 exoret.
1562 1626 1704 1667 Primo
1736 1639 1842 1678 ergo
1873 1627 2071 1679 implorat
2099 1629 2309 1670 coelestem

1277 1697 1497 1748 pietatem3
1537 1698 1721 1737 secundo
1760 1698 1916 1749 allegat
1959 1700 2309 1751 urgentissimam

1276 1768 1500 1808 utilitatem
1526 1781 1535 1809 ε
1558 1771 1727 1821 Ενῃοηε
1749 1769 1972 1819 comedent,
1995 1773 2072 1810 etc.

1330 1837 1434 1877 Dicit
1460 1850 1566 1889 ergo
1589 1852 1596 1878 :
1627 1839 1743 1889 Vide,
1766 1840 1970 1889 Domine,
2004 1840 2124 1881 oculo
2144 1841 2308 1882 miseri-

1276 1908 1450 1959 cordiam
1484 1914 1524 1951 ei
1561 1910 1810 1960 considera,
1846 1911 2052 1962 populum
2087 1912 2309 1965 multiplici

1277 1979 1515 2030 subjectum
1553 1980 1734 2020 miseriae
1757 1996 1766 2030 3
1810 1991 1931 2032 quem
1972 1982 2308 2026 vindemiaveris

1276 2050 1355 2099 ita,
1378 2050 1585 2102 populum
1606 2051 1679 2090 tibi
1702 2051 1803 2091 olim
1834 2052 2056 2103 dilectum,
2093 2054 2214 2105 quasi
2247 2056 2308 2096 vi-

1274 2133 1399 2160 neam
1419 2121 1767 2173 vindemiaveris,
1799 2123 1982 2163 fructum
2016 2134 2186 2164 omnem
2207 2126 2305 2166 abs-

1274 2192 1433 2244 tuleris,
1455 2193 1523 2234 vel
1543 2194 1699 2233 auferri
1717 2194 1982 2245 permiseris;
2004 2197 2082 2246 ita,
2105 2199 2192 2237 tam
2208 2198 2306 2239 hor-

1273 2264 1465 2314 ribiliter,
1490 2266 1538 2303 ut
1558 2265 1677 2316 quasi
1699 2265 1826 2305 vinea
1838 2264 2048 2306 denudata
2060 2267 2191 2308 botris
2211 2281 2306 2322 pro-

1273 2334 1389 2386 priis.
1423 2335 1541 2375 Unde
1572 2335 1761 2387 sequitur
1784 2350 1792 2375 2
1816 2336 1981 2387 Erqone
1996 2369 2005 2387 ,
2029 2338 2105 2377 ubi
2120 2370 2131 2389 ,
2151 2342 2199 2380 ut
2216 2340 2302 2381 dic-

1272 2407 1365 2444 tum
1386 2408 1460 2454 est,
1483 2405 1640 2456 allegat
1670 2406 1946 2458 multiplicem
1976 2408 2263 2450 necessitatem
2291 2426 2300 2450 ε

1273 2486 1401 2526 quam
1428 2475 1565 2526 primo
1595 2476 1776 2515 ostendit
1806 2488 1883 2527 per
1915 2477 2202 2518 infelicitatem
2229 2480 2301 2520 do-

1272 2544 1562 2593 mesticorum;
1587 2546 1771 2585 secundo
1802 2558 1877 2597 per
1909 2548 2228 2599 prosperitatem
2252 2549 2298 2602 (b)

1272 2615 1624 2664 adversariorum,
1645 2627 1795 2656 versus
1830 2617 1959 2657 finem
1984 2629 1994 2657 ε
2028 2617 2212 2660 vocasti.
2235 2618 2301 2659 ln-

1270 2685 1509 2726 felicitatem
1520 2689 1662 2726 autem
1674 2687 2002 2728 domesticorum
2014 2689 2154 2740 tangit
2162 2691 2299 2742 primo

1271 2759 1479 2809 quantum
1517 2758 1565 2797 ad
1609 2758 1750 2808 vivos,
1804 2758 1952 2798 deinde
2000 2761 2208 2811 quantum
2248 2760 2300 2802 ad

1271 2829 1460 2867 mortuos
1483 2839 1492 2866 :
1519 2827 1566 2868 Si·
1603 2827 1828 2878 occiditur,
1865 2831 1942 2868 etc.
1974 2828 2110 2869 Dicit:
2137 2830 2300 2882 Erqone

1271 2897 1484 2939 comedent
1518 2898 1715 2940 mulieres
1749 2900 1937 2950 fructum
1977 2909 2129 2950 suum,
2150 2899 2193 2939 id
2221 2903 2298 2952 est,

1271 2968 1380 3007 uteri
1400 2968 1495 3008 sui?
1511 2968 1623 3018 Quas
1643 2970 1843 3010 mulieres
1861 2971 1997 3019 vocat,
2021 2981 2108 3009 non
2127 2972 2296 3020 matres,

1270 3038 1371 3090 quia
1390 3044 1523 3080 mater
1540 3053 1625 3081 non
1646 3044 1707 3082 est
1724 3041 1911 3092 dicenda,
1937 3053 2034 3093 quae
2062 3043 2123 3081 est
2146 3041 2296 3082 imme-

1270 3122 1364 3150 mor
1377 3111 1555 3163 pietatis.
1573 3112 1675 3161 Quis
1694 3113 1746 3153 sit
1765 3113 1925 3153 fructus
1936 3142 1955 3163 ,-
1966 3113 2145 3153 ostendit
2162 3145 2172 3164 ,
2194 3114 2298 3154 sub-

1270 3180 1372 3221 dens
1395 3182 1655 3233 :Parvulos,
1692 3183 1847 3223 scilicet
1877 3184 1921 3223 in
1953 3183 2210 3236 quantitate,
2240 3184 2299 3226 ad

1270 3261 1510 3294 mensuram
1546 3254 1720 3305 palmer,
1741 3254 1782 3293 id
1804 3255 1889 3305 est,
1911 3256 2058 3294 tenues
2080 3254 2143 3306 (c),
2166 3255 2206 3293 et
2223 3253 2298 3293 vix

1269 3322 1397 3364 unius
1433 3324 1586 3376 palmae
1621 3336 1865 3366 mensuram
1887 3323 2089 3365 habentes
2107 3335 2134 3373 g:
2156 3323 2297 3376 palma

1314 3429 1358 3469 (α)
1383 3429 1463 3461 Coet.
1485 3430 1565 3462 edit.
1591 3430 1721 3473 vigilias
1747 3431 1891 3463 armabit
1917 3430 1952 3462 in
1978 3428 2234 3470 profectionem.
2255 3445 2296 3451 —

1272 3474 1315 3515 (b)
1337 3477 1419 3508 Item
1439 3478 1695 3518 proprietatem.
1717 3495 1755 3502 -
1782 3479 1817 3519 (c)
1839 3479 1921 3510 Item
1941 3480 2071 3509 tenens.
