2587 3845
89 328 216 354 Consue-

78 368 148 395 tudo
178 368 217 394 al-

78 412 140 437 tera
163 417 217 436 ua·

80 453 153 478 tura.

240 157 290 194 86

238 251 354 292 rum,
374 241 416 281 id
433 243 495 281 est
514 239 695 281 naturali
712 235 861 278 similis
880 246 955 287 per
972 243 1099 273 usum
1119 240 1263 283 pravae

238 311 562 353 consuetudinis.
593 305 856 350 Consuetudo
884 303 997 344 enim
1024 302 1154 342 altera
1183 312 1263 339 na-

240 386 335 424 tura
355 385 441 423 est:
465 382 573 422 sicut
593 380 707 421 enim
734 390 797 427 ea,
820 387 915 429 quae
936 376 1034 414 sunt
1053 385 1077 412 a
1095 373 1262 420 natura,

240 454 420 504 difficile,
442 452 509 494 vel
529 461 749 502 nunquam
770 447 867 488 exui
885 446 1082 498 possuut;
1108 443 1167 482 sic
1188 453 1266 482 nec

240 537 302 575 ea,
320 535 416 577 (10εο
435 535 487 563 ex
502 519 817 566 consuetudine,
833 517 944 558 unde
959 517 969 538 ¹
984 528 993 556 ε
1011 514 1267 555 «Simulare

241 597 375 648 potest
394 593 584 644 AEthiops
603 590 754 643 pellem
775 600 910 638 suam,
932 589 1002 627 aut
1023 585 1180 638 pardus
1199 596 1269 624 va-

242 666 406 705 rietates
437 673 558 711 suaS,
586 663 627 701 et
658 671 733 700 vos
764 658 955 711 poteritis
983 657 1089 697 bene
1117 656 1265 705 facere,

242 747 340 776 cum
359 732 585 775 didiceritis
606 731 781 771 malum.
804 745 823 767 n
849 728 1082 781 Gregorius
1097 728 1135 767 ²:
1156 742 1174 765 «
1193 725 1271 766 Dit’-

242 805 350 846 ficile
371 804 528 856 surgit,
547 814 674 856 quem
692 801 823 842 moles
843 798 1163 840 consuetudinis
1184 808 1272 849 pre-

240 876 332 917 mit.
353 889 373 914 »
401 875 461 917 Et
479 873 696 916 naturalis
719 872 890 914 malitia
910 880 1080 921 comm,-
1100 868 1270 908 Glossa:

247 962 266 986 α
287 957 556 1001 permanenS,
571 944 821 993 inveterata,
837 957 856 979 n
877 941 1034 981 scilicet
1054 951 1128 992 per
1144 950 1272 979 usum

241 1029 385 1071 pravae
405 1015 733 1057 consuetudinis.
756 1014 808 1055 Et
827 1013 1031 1065 quoniam
1050 1020 1135 1052 non
1153 1013 1271 1062 ‘pote-

243 1093 312 1131 rat
343 1088 505 1130 mutari
533 1085 737 1138 coqitatio
764 1094 904 1126 eorum
931 1084 979 1125 in
1004 1083 1273 1135 perpetuum,

242 1159 396 1200 scilicet
415 1160 586 1211 propter
611 1154 934 1196 obstinationem
962 1150 1193 1194 voluntatis
1212 1161 1277 1190 eo-

243 1241 339 1270 rum
365 1239 601 1282 perversae3
626 1225 797 1266 Glossa:
831 1239 851 1263 <1
876 1223 1072 1264 indurata
1106 1220 1277 1274 propria

242 1299 444 1353 nequitia,
461 1313 480 1337 1)
504 1298 618 1339 unde
633 1297 645 1319 ³
665 1307 674 1335 :
695 1294 843 1336 «Dedit
862 1306 930 1335 me
949 1294 993 1334 in
1014 1304 1204 1342 manum,
1229 1292 1280 1332 de

244 1384 330 1425 qua
360 1383 448 1411 non
479 1372 626 1423 potero
651 1377 844 1418 surgere.
878 1379 896 1403 »
921 1363 999 1405 Sed
1035 1364 1202 1403 contra:
1232 1361 1279 1401 In

243 1444 436 1484 libertate
465 1439 628 1481 arbitrii
651 1441 713 1479 est
733 1448 926 1490 peccare,
950 1438 990 1475 et
1020 1437 1110 1487 post
1133 1444 1279 1486 pecca-

247 1517 341 1554 tum
367 1512 584 1566 poenitere.
608 1508 879 1562 Respondeo:
909 1508 1003 1549 Non
1028 1507 1214 1558 poterat,
1240 1503 1281 1543 id

247 1587 327 1634 est,
356 1584 431 1624 vix
456 1584 644 1636 poterat:
676 1580 743 1621 vel
767 1589 853 1621 non
870 1581 1037 1631 poterat
1057 1588 1131 1630 per
1150 1588 1193 1615 se
1213 1588 1280 1615 50-

247 1656 359 1705 1010,
384 1654 461 1705 ‚sed
492 1653 574 1693 Deo
605 1651 836 1703 inspirante
855 1650 895 1690 ὦε
926 1648 1062 1688 Homo
1088 1648 1201 1688 enim
1222 1649 1284 1687 est

254 1743 272 1765 «
292 1726 466 1780 spiritus
486 1723 659 1773 vadens,
678 1737 697 1760 ›)
721 1721 875 1762 scilicet
896 1732 971 1773 per
991 1719 1175 1771 culpam,
1201 1733 1220 1756 «
1242 1720 1283 1757 et

248 1810 331 1839 1100
353 1796 540 1845 rediens,
561 1809 580 1832 ›)
605 1793 774 1842 scilicet,
799 1791 881 1832 0151
905 1803 980 1843 per
1002 1790 1200 1841 gratiam.

304 1873 322 1908 1
332 1873 369 1909 1.
389 1868 532 1909 Semen
546 1866 660 1907 enim
674 1867 764 1906 erat
778 1861 1055 1904 maledictum
1069 1860 1120 1902 ab
1136 1859 1282 1909 initio,

249 1941 290 1982 id
311 1942 393 1989 est,
418 1940 460 1979 in
480 1937 618 1991 primo
638 1936 812 1988 parente
834 1933 899 1973 sui
922 1931 1108 1984 generis,
1132 1930 1287 1970 scilicet

252 2012 296 2051 in
318 2010 514 2052 Chanaan
529 2023 538 2059 ;
555 2019 655 2048 nam
671 2007 684 2027 ⁵
702 2020 711 2046 ι
733 2020 751 2043 (<
772 2003 1017 2045 Maledictus
1036 2001 1248 2043 Chanaan.
1263 2015 1281 2037 ))

252 2081 340 2132 Vel,
368 2079 604 2121 secundum
625 2077 828 2127 Glossam,
854 2074 905 2117 ab
921 2073 1067 2123 initio,
1087 2072 1126 2113 id
1146 2074 1224 2121 est,
1244 2072 1288 2111 10

255 2152 477 2206 praesentia
503 2151 597 2200 Dei;
621 2149 713 2199 vel,
743 2146 980 2188 secundum
1001 2143 1211 2192 Glossam,
1239 2141 1290 2184 ab

256 2226 411 2275 initia,
434 2223 536 2276 quia
553 2233 606 2263 ex
623 2231 708 2273 quo
728 2219 915 2267 fuerunt,
944 2214 1141 2268 quaedam
1161 2224 1291 2266 prava

257 2295 437 2350 qualitas
470 2294 514 2334 in
552 2291 655 2345 ipsis
694 2294 783 2331 erat
813 2286 1105 2328 maledictione
1143 2284 1288 2334 digna.

259 2369 341 2410 Nec
374 2367 563 2409 timens:
593 2363 664 2403 1110
699 2359 885 2402 excludit
921 2371 945 2398 a
981 2357 1064 2397 Deo
1097 2356 1291 2396 timorem

259 2435 523 2492 quadruplici
545 2435 706 2475 ratione
731 2448 739 2473 ;
767 2431 904 2484 primo
934 2440 1008 2481 per
1042 2428 1147 2476 1100,
1182 2425 1293 2478 quod

260 2508 467 2562 judicium
480 2508 572 2558 ejus
589 2505 731 2545 nullus
745 2504 879 2556 potest
893 2501 1101 2541 discutere
1118 2512 1127 2548 3
1145 2508 1292 2538 secun-

261 2581 327 2629 do,
345 2579 445 2632 quia
456 2589 534 2618 nec
544 2576 581 2617 ei
594 2575 787 2616 resistere
802 2585 811 2613 ε
830 2573 917 2614 Aut
935 2571 1032 2623 quis
1047 2569 1180 2617 dabit,
1198 2570 1292 2615 ete.;

262 2649 384 2690 tertio
397 2679 407 2699 ,
430 2647 530 2700 quia
549 2658 625 2686 1100
644 2644 855 2685 vindicare
872 2642 982 2682 :Aut
1003 2640 1099 2692 quis
1122 2639 1169 2679 in
1184 2648 1298 2679 cons-

262 2723 396 2773 pecta,
410 2721 505 2767 etc.;
524 2717 690 2769 quarto,
707 2714 806 2767 quia
822 2724 900 2753 nec
913 2711 1192 2760 redarguere:
1212 2708 1299 2748 Aut

264 2789 464 2843 quistibi,
478 2790 554 2829 etc.
574 2787 792 2837 Dicitcrgo
812 2800 820 2825 ι
837 2785 916 2826 Nec
932 2784 1084 2825 timens
1097 2781 1297 2832 aliquem,

266 2861 435 2902 veniam
466 2858 598 2901 dabas
626 2857 808 2909 peccatis
845 2865 1001 2897 eorum.
1031 2852 1113 2894 Nec
1147 2850 1300 2892 timens

267 2931 468 2983 aliquem,
478 2928 631 2969 scilicet
641 2927 761 2980 quasi
775 2926 1051 2979 potentiorem
1064 2923 1097 2963 6;
1117 2920 1302 2972 «Magna

269 3001 455 3056 potentia
482 3000 552 3041 Dei
571 2999 715 3040 501105.
740 3012 758 3036 ›)
792 2997 843 3038 Et
862 3001 874 3022 ⁷
898 3010 905 3037 :
931 3012 948 3034 (ι
969 2995 1070 3044 Quis
1090 2996 1158 3044 tu,
1182 2995 1230 3032 ut
1248 2991 1302 3032 ti—

271 3083 386 3113 meas
406 3071 458 3111 ab
477 3070 650 3111 homine
673 3068 839 3109 mortali
853 3070 872 3107 ‘?
893 3082 911 3106 »
933 3066 1036 3107 Item
1059 3068 1071 3089 ⁸
1091 3079 1099 3104 2
1128 3079 1145 3102 (ι
1167 3062 1301 3103 Num-

271 3142 374 3196 quid
393 3141 549 3182 timens
577 3142 726 3191 arguet
753 3139 824 3179 te‘?
844 3152 862 3175 >³
894 3136 1014 3190 quasi
1037 3135 1170 3175 dicat:
1195 3131 1300 3172 Non.

273 3214 362 3254 Imo
383 3212 511 3252 etiam
526 3215 539 3236 ⁹
561 3209 771 3251 columnae
789 3209 880 3249 coeli
901 3205 1245 3252 contremiscunt,
1265 3204 1306 3242 et

316 3298 326 3318 ¹
347 3297 484 3335 let-em„
501 3302 576 3333 xm,
594 3295 644 3326 23.
662 3311 701 3316 -
722 3293 733 3312 2
750 3294 864 3333 Greg„
882 3291 1004 3324 Moral.
1023 3290 1081 3322 lib.
1099 3289 1155 3327 IV,
1176 3297 1205 3319 0.
1225 3295 1306 3318 xxv.

273 3361 313 3366 —
331 3343 344 3364 ³
364 3342 496 3381 leren„
523 3349 554 3379 1,
585 3343 635 3373 14.
658 3357 693 3362 -
724 3340 732 3358 ⁴
761 3338 853 3371 Psal.
884 3345 1017 3378 Lxxvu,
1044 3336 1095 3368 39.
1115 3352 1156 3359 —
1178 3335 1188 3353 ⁵
1211 3335 1307 3371 Gen„

276 3399 328 3428 ix,
349 3391 400 3421 25.
422 3405 460 3412 —-
481 3389 493 3405 ⁶
509 3387 627 3428 Eccli.‚
651 3395 707 3426 111,
731 3388 782 3418 21.
804 3403 844 3409 —
865 3387 873 3404 '¹
892 3386 971 3425 Isa„
993 3392 1045 3423 1.1,
1068 3385 1118 3414 12.
1142 3399 1182 3405 —
1202 3381 1215 3402 ⁸
1234 3380 1306 3420 Job,

279 3443 368 3477 xxii,
388 3438 418 3469 4.
434 3453 474 3459 —
490 3436 502 3454 ⁹
521 3433 590 3475 lob,
610 3441 704 3472 Μῖνι,
731 3436 830 3465 11.-
855 3434 875 3451 ¹·
894 3432 972 3470 1511„
992 3438 1068 3470 xm,
1091 3431 1176 3460 9.-
1198 3428 1218 3449 ¹¹
1235 3427 1306 3467 Jol),

839 142 1110 187 EXPOSITIO
1141 141 1192 183 IN
1222 138 1422 181 LIBRUM
1451 138 1761 180 SAPIENTIAE.

1339 230 1494 281 pavent
1513 227 1565 268 ad
1593 229 1746 268 nutum
1776 228 1881 279 eJuS.
1907 241 1926 265 n
1955 230 2117 277 Quanto
2141 230 2278 283 magis
2296 242 2366 272 co-

1340 299 1500 339 lumnae
1519 301 1644 339 terrae
1659 299 1678 337 ἱ)

1395 371 1462 409 12.
1482 369 1590 419 Quis
1610 367 1724 409 enim
1745 367 1858 409 dicet
1873 367 1966 416 tibi,
1989 367 2031 408 id
2052 371 2128 417 est,
2146 369 2282 410 dicere
2299 382 2371 410 au-

1342 439 1477 489 deret,
1502 438 1568 479 vel
1589 438 1723 478 dicere
1743 437 2048 478 rationabiliter
2071 442 2233 490 posset:
2261 439 2372 486 Quid

1342 511 1511 562 fecisti?
1522 509 1676 549 scilicet
1686 509 1784 549 sacti
1797 508 1856 548 tui
1871 507 2079 548 rationem
2094 509 2368 560 discutiendo;

1345 581 1468 634 quasi
1500 580 1640 620 dicat:
1674 579 1837 620 Nullus,
1870 576 1987 619 Unde
2020 579 2083 619 ¹⁰:
2125 578 2374 632 «Numquid

1344 652 1445 692 dicit
1469 652 1724 703 figmentum
1751 651 1809 701 ei„
1833 650 1906 702 qui
1929 648 2053 689 finxit
2074 661 2142 690 se:
2176 649 2280 698 Quid
2309 662 2377 691 me

1347 723 1478 764 fecisti
1494 722 1580 762 sic?
1595 721 1811 774 Numquid
1828 720 1925 761 dicit
1940 720 2079 759 lutum
2098 720 2250 771 figulo:
2269 719 2377 769 Quid

1346 793 1480 833 facis?
1511 807 1530 830 >³
1567 794 1650 834 Aut
1683 793 1781 844 quis
1819 791 1949 833 stabit
1985 794 2132 832 contra
2159 790 2378 842 judiciam

1349 865 1501 906 titum?
1526 863 1681 903 scilicet
1701 865 1785 902 tuae
1807 861 2027 902 sententiae
2061 860 2292 902 resistendo
2316 862 2340 887 ¹¹
2367 875 2375 901 ι

1356 949 1374 973 α
1394 935 1526 985 Deus,
1543 935 1667 986 quus
1696 934 1771 974 irae
1801 933 1994 973 resistere
2023 944 2148 973 nemo
2173 935 2329 985 potest3
2357 947 2375 970 »

1350 1008 1391 1045 et
1412 1007 1504 1057 post
1522 1019 1529 1044 :
1551 1020 1570 1042 ((
1594 1004 1636 1043 Si
1657 1004 1835 1056 aequitas
1849 1003 1998 1055 ²iudicii
2014 1003 2235 1055 quaeritur,
2257 1015 2382 1043 nemo

1351 1075 1477 1115 audet
1496 1085 1572 1126 pro
1588 1073 1639 1125 (α)
1659 1085 1728 1113 me
1746 1073 2037 1113 testimonium
2054 1073 2243 1113 reddere.
2265 1073 2384 1115 »Aut

1352 1145 1450 1197 quis
1471 1145 1519 1186 in
1538 1148 1760 1196 conspecta
1779 1147 1850 1186 tuo
1869 1144 2030 1194 veniet,
2053 1143 2095 1183 id
2116 1145 2192 1194 est,
2215 1155 2385 1195 compa-

1353 1228 1446 1256 rere
1471 1215 1666 1265 audebit,
1699 1213 1861 1257 vindex
1893 1214 1941 1267 (b)
1971 1214 2220 1266 iniquorum
2247 1214 2386 1256 homi-

1354 1298 1470 1337 num,
1493 1286 1534 1326 id
1556 1288 1618 1326 est
1637 1285 1784 1327 volens
1803 1285 2016 1326 vindicare
2036 1284 2225 1337 iniquos,
2248 1286 2287 1325 te
2307 1296 2384 1337 pu-

1355 1357 1533 1407 niendo,
1557 1355 1675 1409 quasi
1694 1355 1840 1396 feceris
1861 1355 1920 1395 eis
1938 1355 2140 1407 injuriam
2160 1355 2271 1407 ipsos
2293 1367 2388 1395 con-

1355 1429 1595 1470 demnando
1606 1430 1625 1468 ‘?
1640 1427 1761 1480 quasi
1776 1427 1898 1467 dicat:
1914 1426 2077 1478 Nullus,
2099 1427 2200 1479 quia
2212 1428 2240 1453 ¹²
2252 1441 2260 1467 :
2272 1426 2390 1467 «Mea

1357 1504 1418 1542 est
1437 1500 1558 1550 ultio,
1581 1513 1599 1537 n
1618 1502 1694 1539 etc.
1721 1498 1852 1538 Item:
1869 1512 1888 1535 (ι
1908 1497 2067 1548 Videte,
2084 1497 2286 1550 quoniam
2307 1509 2390 1549 ego

1358 1573 1439 1612 sim
1467 1571 1605 1620 solus,
1637 1572 1678 1609 et
1705 1580 1791 1609 non
1826 1569 1899 1618 sit,
1935 1568 2009 1620 qui
2045 1568 2094 1608 de
2135 1580 2267 1609 manu
2296 1580 2390 1608 mea

1359 1642 1487 1694 possit
1507 1651 1671 1681 eruere.
1696 1653 1715 1676 ›>
1730 1641 1814 1680 Aut
1831 1639 1928 1690 quis
1948 1638 2178 1689 imputabit
2198 1638 2291 1688 tibi,
2314 1638 2392 1678 501-

1358 1713 1455 1752 licet
1471 1711 1521 1751 de
1536 1710 1660 1762 culpa
1674 1709 1922 1760 arguendo?
1937 1708 2058 1760 quasi
2072 1707 2199 1748 dicat:
2223 1707 2390 1749 Nullus.

1360 1782 1477 1823 Unde
1498 1782 1575 1822 ¹³:a
1602 1780 1703 1829 Quis
1726 1792 1779 1820 ex
1798 1779 1917 1820 vobis
1943 1782 2094 1831 arguet
2118 1790 2187 1819 me
2218 1779 2268 1819 de
2297 1791 2391 1832 pec-

1361 1857 1477 1894 cato?
1499 1868 1517 1890 »
1547 1852 1663 1902 Quis,
1684 1851 1876 1903 inquam,
1898 1850 2130 1902 imputabit
2150 1849 2243 1900 tibi,
2265 1850 2306 1891 si
2322 1860 2395 1901 pe-

1361 1924 1517 1965 rierint
1542 1922 1739 1963 nationes
1766 1931 1873 1973 quas
1904 1923 1949 1962 tu
1980 1920 2153 1971 fecisti?
2184 1920 2396 1962 Perierint

1361 2008 1436 2048 per
1455 1994 1623 2046 culpam
1651 2004 1792 2042 suam,
1815 2002 1921 2044 quas
1944 1995 1990 2034 tu
2012 1992 2164 2042 fecisti,
2186 1993 2396 2043 quantum

1365 2065 1416 2106 ad
1437 2076 1584 2105 eorum
1606 2065 1819 2104 naturam.
1844 2061 2011 2102 Glossa:
2041 2076 2060 2099 «
2079 2061 2171 2102 Non
2191 2063 2252 2101 est
2276 2061 2339 2101 cul
2346 2073 2399 2114 pa

1365 2135 1592 2185 Creatoris,
1615 2134 1648 2173 si
1669 2136 1867 2186 pereunt,
1897 2132 1967 2173 sed
1989 2134 2154 2172 naturae
2183 2131 2351 2173 vitium.
2373 2145 2392 2168 »

1367 2207 1393 2228 ¹³
1419 2221 1438 2245 (1
1462 2205 1506 2246 Si
1532 2204 1815 2254 destruxerit,
1837 2215 1962 2243 nemo
1981 2205 2044 2243 est
2067 2202 2141 2255 qui
2162 2202 2351 2243 aedificet.
2375 2217 2393 2240 »

1422 2279 1485 2316 13.
1511 2277 1605 2318 Non
1638 2276 1682 2327 (0)
1713 2276 1849 2325 enim,
1879 2277 1956 2315 etc.
2000 2274 2110 2315 Bene
2139 2274 2225 2315 dixi
2261 2289 2269 2315 z
2302 2274 2402 2323 Quis

1368 2347 1536 2400 aliquod
1558 2346 1859 2399 praedictorum
1881 2348 2024 2386 contra
2051 2349 2173 2385 tuum
2191 2344 2401 2396 Judicium

1368 2419 1520 2459 faciet?
1548 2418 1641 2460 Non
1662 2417 1706 2469 (0)
1745 2417 1857 2458 enim
1885 2421 1944 2458 est
1977 2416 2092 2458 alius
2123 2416 2248 2464 Deus,
2276 2425 2403 2466 quam

1371 2493 1433 2539 iu,
1456 2487 1688 2529 secundum
1710 2487 1814 2527 illud
1835 2487 1964 2528 Isaioe
1982 2487 2064 2526 ¹⁵2«
2083 2485 2300 2538 Numquid
2318 2497 2403 2525 non

1372 2572 1455 2611 ego
1476 2559 1700 2606 Dominus,
1728 2560 1769 2597 et
1788 2569 1874 2597 non
1904 2559 1966 2597 est
1989 2556 2101 2597 ultra
2119 2556 2230 2596 Deus
2248 2557 2405 2607 absque

1373 2631 1470 2670 me?
1493 2644 1511 2666 »
1526 2630 1656 2675 Quam
1679 2631 1726 2670 tu
1751 2627 1827 2679 (d),
1849 2627 2038 2678 inquam,
2064 2627 2136 2667 cui
2155 2636 2260 2666 cura
2279 2625 2406 2667 escae

1374 2701 1568 2744 Omnibus
1583 2712 1596 2740 .·
1615 2711 1742 2751 supra
1765 2699 1792 2720 ¹⁶
1812 2712 1849 2738 :a
1870 2697 2102 2750 AEqualiter
2124 2699 2186 2737 est
2210 2697 2284 2736 tibi
2307 2709 2408 2737 cura

1374 2773 1423 2814 de
1454 2770 1666 2811 omnibus.
1691 2783 1710 2806 »
1737 2768 1818 2809 Sed
1843 2771 1989 2808 contra
2009 2768 2057 2807 ¹7:
2082 2767 2334 2820 «Numquid
2358 2767 2409 2808 (Ie

1374 2844 1511 2884 bobus
1533 2853 1631 2882 cura
1653 2843 1714 2881 est
1736 2840 1850 2880 Deo?
1872 2854 1890 2877 n
1910 2839 2154 2889 Dicendum,
2177 2838 2288 2890 quod
2308 2849 2410 2878 cura

1376 2912 1653 2967 providentiae
1675 2913 1738 2952 est
1759 2911 1817 2950 illi
1849 2911 1899 2951 de
1919 2910 2135 2960 omuibus,
2165 2921 2265 2950 cura
2285 2908 2406 2948 disci-

1376 2984 1505 3038 plinae
1535 2983 1585 3023 de
1612 2982 1710 3023 solis
1741 2981 2029 3022 rationalibus.
2062 2980 2131 3027 Ut,
2157 2979 2311 3019 scilicet
2335 2991 2410 3031 per

1378 3056 1483 3105 1100,
1508 3053 1706 3096 ostendas
1724 3053 1928 3106 quoniam
1954 3061 2039 3093 non
2065 3050 2221 3102 injuste
2235 3049 2410 3102 Jztdicas

1372 3126 1616 3180 Judiciuvn,
1644 3124 1878 3177 punitionis
1915 3123 2175 3175 iniquorum.
2214 3120 2319 3162 Nam
2349 3122 2406 3161 ¹⁸:

1381 3229 1428 3260 rx,
1452 3222 1502 3260 13,
1525 3221 1574 3251 19.
1589 3236 1629 3241 —-
1652 3218 1673 3237 ¹²
1696 3219 1809 3258 Dent„
1831 3224 1941 3256 xxxii,
1964 3217 2015 3256 35,
2037 3216 2087 3248 39.
2104 3232 2142 3239 —-
2166 3214 2190 3235 ¹³
2208 3215 2316 3254 Joan„
2336 3222 2409 3255 viu,

1381 3271 1431 3302 45.
1453 3286 1491 3291 -
1513 3267 1537 3288 ¹¹⁶
1560 3266 1619 3298 Joc)
1635 3288 1643 3304 ‚
1663 3274 1712 3297 xii
1730 3290 1740 3306 ,
1766 3268 1811 3297 14.
1837 3283 1878 3289 —
1900 3265 1921 3286 ¹⁵
1943 3265 2021 3304 isa„
2041 3272 2121 3304 XLV,
2140 3265 2190 3295 71.
2213 3279 2252 3286 —
2276 3263 2303 3284 ¹⁶
2318 3262 2410 3303 Sap„

1383 3324 1430 3356 vi,
1451 3317 1481 3347 8.
1502 3331 1542 3338 —
1564 3313 1586 3333 ¹⁷
1609 3314 1616 3344 I
1642 3313 1733 3351 Cor„
1753 3320 1801 3352 ix,
1824 3314 1853 3344 9.
1875 3330 1915 3335 -
1936 3311 1962 3333 ¹⁸
1980 3311 2073 3342 Psal.
2091 3318 2214 3351 cxvm,
2236 3311 2306 3342 137.

1425 3375 1468 3415 (a)
1492 3374 1568 3404 coet.
1587 3371 1666 3403 edit.
1685 3381 1757 3412 per.
1777 3388 1810 3393 —-
1834 3370 1878 3411 (b)
1902 3372 1985 3402 Item
2002 3370 2081 3402 add.
2101 3370 2197 3401 euim.
2212 3386 2247 3391 —
2272 3368 2306 3408 (0)
2330 3368 2412 3399 Item

1384 3432 1493 3454 ηο0.-
1513 3418 1563 3460 (sl)
1590 3421 1670 3451 Item
1694 3427 1756 3458 pro
1778 3419 1882 3457 Quam
1906 3419 1958 3459 Iu,
1978 3417 2107 3449 habent
2126 3417 2300 3456 Quantum.
