2634 3853
912 212 915 213 ν
942 177 1219 220 EXPOSITIO
1250 179 1302 222 lN
1330 180 1442 222 CAP.
1474 179 1582 222 VIIl.

202 287 301 317 men
323 271 481 314 semitis
500 269 620 311 meis.
642 283 661 308 n
697 267 816 310 Tunc
833 268 946 310 enim
966 268 1140 309 lucerna
1158 281 1225 309 ac-

202 344 403 392 cenditur,
420 340 588 394 quando
608 340 722 382 cordi
742 340 932 380 humano
950 339 1229 390 intelligentia

201 413 333 457 divini
363 413 482 454 verbi
513 412 728 452 tribuitur.
752 411 869 452 Unde
889 410 1043 451 dicitur
1063 410 1073 432 ¹
1099 424 1137 450 :a
1158 410 1230 451 Ille

200 486 288 525 erat
312 484 484 525 lucerna
503 483 653 523 ardens
672 484 713 523 et
739 483 895 523 lucens.
916 495 935 519 >³
975 481 1116 533 Operti
1137 492 1230 522 eum

199 564 312 596 vase.
333 553 522 594 Lucerna
551 554 643 594 haec
669 565 754 594 non
786 555 847 592 est
875 551 1102 604 operienda
1132 563 1231 592 vase

204 624 383 665 carnalis
403 624 710 675 immunditiae3
736 624 911 666 oseas2:
937 637 956 661 ((
976 622 1104 663 Israel
1116 635 1232 663 nunc

200 697 336 737 factus
364 699 426 736 est
455 696 500 736 in
519 696 776 746 nationibus,
799 694 919 748 quasi
946 705 1020 735 vas
1040 694 1231 734 immun-

201 769 318 810 dum.
350 783 370 806 »
413 767 495 809 Sed
530 781 616 809 non
655 771 717 809 est
754 768 835 809 tale
868 779 943 809 vas
982 767 1152 818 Paulus,
1182 768 1232 808 de

201 852 286 893 quo
302 840 317 862 ³
337 853 347 880 ε
376 854 394 878 (ι
413 839 495 881 Vas
516 839 727 880 electionis
746 841 808 879 est
827 838 932 878 mihi
952 838 1043 889 iste,
1062 841 1111 878 ut
1130 850 1234 890 por-

201 913 256 951 tet
292 921 449 951 nomen
477 922 624 951 meum
655 922 797 950 coram
840 909 1063 961 gentibus,
1097 912 1138 950 et
1162 921 1234 949 re-

203 982 346 1035 gibus,
365 985 405 1023 et
421 982 517 1022 tiliis
540 981 681 1022 israel.
699 996 716 1019 n
743 981 828 1022 Hoc
848 981 927 1021 fuit
948 992 1022 1021 vas
1039 983 1234 1031 apertum

201 1053 316 1105 quod
354 1052 611 1094 illuminavit
643 1053 874 1102 mundum;
917 1053 961 1092 in
1000 1052 1235 1094 Ecclesias-

203 1123 284 1166 tico
302 1123 316 1144 ¹⁰
337 1137 345 1163 :
380 1138 398 1162 ε(
417 1123 487 1164 Sol
503 1123 548 1164 in
567 1126 738 1176 aspectu
759 1123 1016 1164 annuntians
1035 1123 1079 1163 in
1100 1122 1232 1173 exitu,

203 1207 279 1236 vas
307 1194 567 1245 admirabile,
590 1207 696 1248 opus
723 1194 900 1235 Excelsi.
923 1209 942 1232 n
977 1195 1065 1236 Aut
1092 1195 1236 1236 subtus

205 1267 351 1308 lectum
369 1268 506 1318 ponii.
530 1267 610 1307 Per
635 1267 792 1308 lectum
825 1270 969 1307 autem
997 1266 1139 1307 acedia
1163 1267 1237 1307 de-

203 1336 399 1387 signatur
419 1338 432 1359 ⁵
454 1349 463 1375 :
492 1336 648 1378 «Sicut
678 1338 834 1378 ostium
863 1337 1044 1377 vertitur
1068 1337 1114 1376 in
1145 1349 1237 1376 car-

202 1406 299 1447 dine
320 1419 412 1456 suo,
434 1407 492 1447 ita
511 1408 634 1459 piger
655 1408 700 1447 in
715 1407 869 1447 lectulo
889 1420 980 1447 suo.
1005 1421 1023 1444 »
1051 1407 1158 1447 Hinc
1177 1409 1239 1447 est

202 1477 316 1530 quod
346 1477 672 1531 reprehenditur
709 1490 858 1519 servus
888 1478 972 1528 ille,
995 1477 1067 1530 qui
1104 1492 1122 1514 (ι
1148 1477 1239 1518 abs-

203 1549 342 1590 condit
356 1550 578 1602 pecuniam
594 1550 760 1591 Domini
779 1550 858 1591 sni.
875 1564 894 1587 ›>
915 1550 1067 1590 Contra
1080 1549 1183 1590 illud
1197 1550 1210 1571 ⁷
1226 1564 1234 1590 z

210 1636 229 1659 (ι
255 1621 387 1662 Perde
412 1621 636 1673 pecuniam
667 1624 837 1674 propter
868 1621 1042 1661 fratrem
1062 1624 1102 1661 et
1128 1621 1235 1661 ami-

205 1705 326 1742 cum3
357 1694 398 1733 et
419 1704 505 1733 non
535 1692 764 1733 abscondas
787 1693 902 1733 illam
932 1694 1011 1734 sub
1036 1693 1172 1746 lapide
1194 1693 1239 1732 in

204 1763 539 1816 perditionem.»
570 1763 668 1805 Vult
698 1775 803 1816 ergo
832 1764 968 1804 dicere
1000 1764 1110 1816 quod
1132 1763 1240 1804 sicut

202 1834 508 1876 inconveniens
524 1838 583 1875 est
596 1835 813 1876 lucernam
832 1847 1049 1876 accensam
1070 1836 1241 1876 abscon·

201 1907 300 1947 dere
321 1907 399 1947 sub
431 1919 529 1947 vase
557 1907 626 1948 vel
654 1907 774 1958 lecto,
804 1908 862 1947 sic
893 1908 1018 1947 etiam
1050 1906 1239 1947 divinam

202 1977 524 2029 intelligentiam
548 1978 773 2019 occultare.
797 1978 847 2018 Et
868 1978 948 2019 hoc
968 1981 1030 2019 est
1049 1979 1160 2031 quod
1181 1978 1239 2018 di-

201 2050 310 2090 citur
329 2053 343 2074 ⁸
372 2064 381 2090 :
418 2064 436 2088 «
467 2049 679 2103 Sapientia
707 2050 911 2090 absconsa
945 2052 985 2090 et
1013 2050 1239 2090 thesaurus

202 2120 385 2172 invisuS,
412 2133 509 2173 quae
530 2121 688 2161 utilitas
710 2121 755 2161 in
775 2121 992 2174 utrisque?
1014 2121 1158 2161 Melior
1178 2125 1240 2162 est

201 2192 276 2245 qui
308 2192 411 2232 celat
443 2192 728 2245 insipientiam
763 2205 909 2243 suam,
941 2204 1071 2245 quam
1110 2193 1238 2234 homo

201 2263 276 2315 qui
308 2264 525 2305 abscondit
554 2264 805 2316 sapientiam
835 2276 970 2304 suam.
993 2278 1012 2301 ›>
1051 2264 1138 2305 Hoz:
1167 2277 1238 2306 au-

201 2337 287 2375 tem
308 2333 574 2384 intelligitur,
599 2335 768 2386 quando
789 2335 916 2374 habet
934 2337 1102 2386 tempus
1123 2338 1163 2375 et
1182 2335 1239 2375 lo-

203 2416 327 2454 cum;
356 2404 522 2444 namin
550 2404 714 2446 Psalmo
743 2405 897 2444 dicitur
917 2405 931 2426 ⁹
957 2419 964 2444 τ
995 2420 1013 2443 α
1036 2405 1083 2444 In
1115 2406 1237 2446 corde

203 2487 298 2515 meo
330 2475 529 2515 abscondi
563 2475 731 2527 eloquia
761 2478 848 2526 tua,
869 2478 918 2516 ut
947 2488 1034 2516 non
1068 2488 1237 2528 peccem

205 2545 330 2586 tibi.»
355 2544 406 2585 Et
426 2544 524 2585 alibi
546 2546 573 2569 1⁰
592 2559 631 2585 2«
644 2544 769 2586 Posui
786 2545 849 2586 ori
869 2558 964 2587 meo
984 2548 1232 2599 custodiam,

205 2630 303 2659 cum
323 2617 564 2659 consisteret
581 2621 771 2671 peccator
791 2619 1016 2660 adversum
1045 2632 1112 2660 me
1134 2634 1142 2661 :
1164 2621 1236 2661 ob-

206 2690 359 2740 mutui,
382 2692 423 2730 et
441 2689 690 2730 humiliatus
709 2702 818 2730 sum.
843 2705 861 2727 ι)

259 2760 450 2802 Secundo
483 2773 600 2811 vero,
623 2764 832 2814 quantum
851 2763 901 2803 ad
923 2763 1237 2814 congruitatem

204 2833 250 2873 in
269 2832 498 2885 proposito,
517 2832 743 2885 subjungit
765 2847 774 2874 :
798 2833 877 2875 Sed
893 2844 1020 2886 snper
1034 2834 1236 2876 candela-

207 2903 326 2945 brum
342 2904 480 2956 ponit.
504 2902 719 2952 Quantum
746 2904 797 2944 ad
818 2905 1125 2957 apparitionem
1146 2906 1234 2947 vir-

206 2975 308 3015 tutis
330 2988 338 3013 ε
368 2975 417 3017 Ut
432 2976 644 3018 intrantes
663 2974 839 3017 videant
858 2975 1014 3026 lumen,
1026 2988 1102 3029 per
1120 2989 1236 3028 aper-

207 3044 364 3085 tionem
383 3046 585 3095 veritatis‚
608 3046 842 3087 secundum
861 3047 964 3087 illud
984 3048 1011 3068 ¹¹
1035 3059 1073 3088 τα
1085 3046 1152 3087 Sic
1168 3047 1234 3087 lu-

206 3118 295 3155 ceat
314 3116 390 3157 lux
408 3119 550 3159 vestra
567 3129 709 3159 coram
725 3118 984 3168 hominibus,
1007 3121 1053 3158 ut
1068 3119 1236 3160 videant

207 3197 333 3239 opera
350 3189 490 3228 vestra
500 3188 624 3239 bona,
638 3192 678 3230 et
690 3190 928 3241 glorificent
953 3191 1118 3231 Patrem
1136 3202 1234 3232 ves-

248 3294 258 3314 1
277 3292 384 3332 Joan„
407 3300 439 3333 V,
461 3295 512 3326 35.
530 3312 571 3318 -
591 3295 602 3313 ²
622 3296 708 3335 Osa,
727 3304 801 3336 v111,
822 3299 853 3329 8.
871 3314 909 3320 —
929 3298 939 3315 ³
960 3297 1044 3337 Act„
1068 3305 1113 3336 ix,
1136 3298 1236 3328 15.—

206 3340 215 3358 ⁵
235 3339 352 3377 Ecelz'„
374 3347 478 3380 mn,
498 3343 530 3372 2.
551 3358 589 3364 —
612 3343 624 3363 5
649 3343 760 3384 Prot).¹
783 3352 885 3379 xxvi,
915 3347 965 3376 14.
991 3362 1031 3368 —
1059 3345 1071 3366 6
1099 3343 1233 3383 Mami„

205 3395 287 3426 xm,
311 3389 361 3419 18.
381 3404 420 3410 —
445 3388 454 3406 ⁷
476 3388 592 3428 lice-li„
614 3397 715 3430 xxix,
746 3394 794 3424 13.
816 3410 857 3416 —-
885 3394 895 3411 ⁸
914 3392 1013 3432 ibid„
1034 3401 1100 3432 xx,
1122 3394 1173 3424 23.
1194 3410 1233 3416 -

206 3437 218 3450 ⁴·
246 3434 338 3465 Psal.
371 3442 498 3475 cxviii,
539 3439 586 3467 11.
618 3455 659 3460 —
690 3439 716 3460 ¹0
747 3440 838 3470 I'sal.
871 3448 1022 3479 xxxvm,
1057 3445 1095 3480 2,
1131 3442 1160 3470 ὅ.
1194 3458 1234 3463 --

208 3482 230 3504 '¹
249 3480 384 3522 Matella„
402 3490 433 3522 v,
456 3484 504 3515 16.
519 3500 559 3506 -
577 3484 602 3505 1²
621 3484 761 3526 Philip„
782 3495 822 3527 11,
845 3489 894 3520 15.
912 3505 952 3511 -—
976 3488 999 3509 ¹³
1019 3489 1100 3527 Isa.‚
1118 3495 1180 3527 vn,
1202 3490 1232 3520 9.

2247 192 2324 232 4025

1304 272 1421 311 trum
1441 271 1514 324 qui
1530 271 1573 311 in
1590 272 1705 314 coelis
1719 275 1826 314 est.»
1845 273 1895 315 Εῖ
1908 274 1959 315 ad
1968 274 2254 328 Philippenses
2268 280 2321 321 ¹²:

1308 355 1326 379 (ι
1346 340 1458 382 Inter
1477 354 1582 394 quos
1603 343 1751 385 lucetis
1767 344 1875 386 sicut
1892 344 2120 386 luminaria
2135 347 2179 387 in
2200 360 2326 389 mun-

1302 410 1370 460 do,
1391 413 1571 453 verbum
1592 414 1691 455 vitae
1711 415 1984 456 continentes,
2010 429 2029 453 ι)
2052 415 2158 457 Illud
2184 420 2326 458 autem

1302 481 1449 522 lumen
1468 495 1552 524 non
1568 485 1725 535 vident,
1739 486 1818 526 nisi
1833 486 1907 539 qui
1922 499 1996 539 per
2011 487 2138 528 fidem
2152 488 2326 540 intrant,

1303 553 1404 605 quia
1416 555 1572 605 Isaias,
1587 557 1818 597 secundum
1837 557 2132 611 Septuaginta,
2152 560 2250 600 dicit
2271 559 2296 582 ¹³
2315 575 2323 601 :

1307 638 1326 661 α
1345 623 1433 664 Nisi
1450 625 1718 677 credideritis,
1734 639 1821 668 non
1840 628 2084 681 intelligetis
2094 629 2164 682 (a).
2178 644 2196 666 »
2215 630 2266 671 Et
2279 631 2330 672 de

1303 693 1383 734 hoc
1399 695 1496 735 fidei
1513 696 1712 748 ingressu
1731 698 1882 739 dicitur
1901 700 1928 721 ¹⁶
1949 713 1957 740 ε
1986 716 2005 739 (ι
2023 699 2115 752 Ego
2139 713 2235 741 sum
2257 713 2325 742 os-

1304 766 1412 805 tium
1434 780 1442 806 :
1465 778 1541 819 per
1555 779 1622 807 me
1636 768 1671 808 si
1687 769 1780 820 quis
1794 769 2012 821 introierit,
2031 771 2280 824 salvabitur3
2303 788 2322 810 »

1304 836 1514 878 introierit
1526 838 1681 879 scilicet
1693 851 1767 891 per
1777 840 1920 890 fidem,
1931 841 2034 893 quia
2047 842 2101 880 ¹⁵«
2113 843 2186 895 qui
2200 844 2331 884 credi-

1305 908 1430 959 derit,
1454 909 1595 951 salvus
1617 910 1710 951 erit.
1730 925 1748 948 »
1772 910 1842 951 Isti
1873 912 2078 952 intrantes
2094 925 2167 965 per
2187 914 2328 965 fidem,

1307 979 1519 1021 mediante
1550 981 1739 1021 doctrina
1768 981 2040 1034 Sanctorum,
2080 985 2334 1036 perveniunt

1307 1051 1358 1091 ad
1373 1051 1502 1092 intelli
1509 1053 1696 1104 gentiam
1709 1057 2086 1105 sacramentorum,
2100 1057 2334 1098 secundum

1308 1121 1412 1162 illud
1432 1122 1460 1143 ¹⁶
1484 1137 1492 1163 :
1516 1138 1534 1161 «
1555 1122 1803 1165 Illuminans
1821 1127 1866 1165 tu
1881 1125 2129 1166 mirabiliter
2142 1139 2166 1166 a
2186 1128 2335 1168 monti-

1307 1192 1386 1232 bus
1407 1193 1576 1233 aeternis
1599 1208 1606 1233 :
1630 1195 1788 1235 turbati
1807 1198 1907 1235 sunt
1926 1208 2072 1237 omnes
2092 1196 2335 1250 insipientes

1308 1264 1432 1304 corde
1447 1268 1520 1304 »¹7.
1532 1279 1550 1302 <‹
1565 1264 1647 1314 Qui
1667 1266 1929 1318 adjustitiam
1940 1267 2141 1308 erudiunt
2160 1270 2332 1321 multos,

1308 1337 1407 1375 sunt
1426 1336 1547 1387 quasi
1567 1336 1696 1377 stellae
1716 1337 1760 1377 in
1780 1341 2003 1391 perpetuas
2019 1340 2289 1380 aeternitates.
2311 1356 2330 1380 »

1310 1405 1407 1446 ldeo
1435 1406 1640 1447 Dominus
1668 1408 1830 1448 dicebat
1858 1409 2074 1462 discipulis
2095 1411 2120 1433 ¹⁸
2147 1425 2191 1451 ια
2219 1412 2337 1460 Quod

1310 1476 1401 1516 dico
1421 1477 1542 1518 vobis
1562 1478 1606 1517 in
1626 1479 1830 1529 tenebris,
1863 1480 1988 1520 dicite
2017 1481 2061 1520 in
2083 1481 2244 1523 lumine
2263 1494 2273 1522 ι
2298 1485 2339 1523 et

1309 1549 1422 1600 quod
1442 1549 1486 1588 in
1499 1561 1602 1590 aure
1615 1550 1789 1601 auditis,
1806 1551 2029 1604 praedicate
2041 1556 2300 1606 supertecta.
2317 1570 2336 1592 n

1365 1624 1429 1661 17.
1452 1621 1546 1663 Non
1575 1625 1635 1663 esc
1668 1623 1781 1663 enim
1810 1623 2036 1674 occultum,
2068 1627 2144 1666 etc.
2176 1625 2251 1666 Hic
2271 1639 2335 1667 se—

1312 1692 1449 1732 cundo
1468 1692 1619 1733 invitat
1646 1693 1815 1734 eosdem
1840 1694 1893 1734 ad
1914 1696 2340 1738 communicationem

1310 1762 1526 1815 doctrinae,
1550 1765 1795 1806 necessitate
1815 1767 1989 1819 superni
2006 1768 2172 1819 judicii,
2196 1769 2340 1822 dupli-

1312 1834 1425 1885 citer,
1442 1837 1533 1876 tum
1555 1838 1728 1889 propter
1746 1837 1935 1878 futuram
1955 1839 2339 1881 manifestationem

1311 1906 1449 1946 omnis
1469 1907 1590 1958 boni,
1613 1910 1703 1948 tum
1725 1912 1897 1961 propter
1917 1910 2103 1950 futuram
2126 1912 2342 1953 revelatio-

1311 1987 1409 2015 nem
1433 1976 1570 2015 omnis
1597 1977 1713 2017 mali.
1744 1977 1887 2017 Primo
1907 1990 2036 2029 ergo,
2060 1983 2269 2031 quantum
2290 1981 2340 2021 ad

1310 2047 1496 2088 futuram
1527 2049 1906 2090 manifestationem
1933 2051 2072 2091 omnis
2093 2051 2213 2103 boni,
2237 2053 2339 2093 dici-

1310 2120 1382 2159 tur
1403 2132 1411 2158 z
1435 2119 1531 2161 Non
1550 2123 1609 2161 est
1624 2122 1736 2162 enim
1751 2121 1971 2171 occultum,
1989 2122 2145 2163 scilicet
2163 2123 2339 2176 bonum,

1311 2190 1423 2243 qnod
1440 2201 1524 2233 non
1547 2193 1859 2243 manifestetur,
1883 2193 2036 2234 scilicet
2057 2206 2131 2247 per
2150 2195 2340 2236 futurum

1307 2262 1532 2314 judicium.
1557 2262 1674 2304 Unde
1693 2265 1720 2289 ¹⁹
1745 2278 1786 2304 z«
1806 2264 1959 2305 Omnes
1979 2265 2093 2305 enim
2113 2277 2189 2306 nos
2203 2268 2340 2307 mani-

1310 2333 1451 2373 festari
1471 2337 1637 2386 oportet
1657 2337 1753 2375 ante
1772 2335 1959 2376 tribunal
1980 2336 2154 2388 Christi,
2176 2340 2224 2378 ut
2240 2343 2342 2379 rete-

1310 2405 1376 2443 rat
1391 2404 1684 2457 unusquisque
1701 2405 1872 2457 propria
1892 2407 2092 2459 corporis,
2110 2411 2237 2460 prout
2250 2421 2339 2461 ges-

1310 2474 1378 2523 sit,
1403 2474 1490 2517 sive
1520 2475 1704 2527 bonum,
1734 2476 1823 2517 sive
1846 2477 2022 2518 malum.
2044 2492 2062 2515 ι)
2092 2477 2179 2519 Hoc
2198 2482 2341 2520 autem

1311 2545 1389 2585 erit
1408 2546 1452 2585 in
1468 2546 1641 2598 judicio,
1662 2547 1712 2588 de
1733 2560 1818 2600 quo
1840 2548 1994 2589 dicitur
2010 2550 2055 2600 2⁰,
2078 2550 2191 2602 quod
2212 2550 2340 2591 «iilu-

1310 2616 1488 2657 minabit
1506 2617 1746 2658 abscondita
1773 2619 2063 2670 tenebrarum,
2100 2623 2140 2662 et
2159 2622 2340 2662 manife-

1311 2687 1435 2727 stabit
1455 2688 1627 2728 consilia
1641 2689 1848 2741 cordium,
1869 2693 1909 2731 et
1926 2693 2028 2731 tunc
2046 2691 2138 2732 laus
2157 2693 2235 2733 erit
2251 2694 2341 2734 uni-

1310 2759 1464 2810 cuique
1483 2771 1508 2799 a
1522 2759 1620 2801 Deo.
1642 2774 1661 2797 ))
1688 2759 1738 2800 Εῖ
1759 2760 1862 2811 hoc,
1883 2761 1983 2813 quia
2000 2761 2074 2802 lux
2094 2763 2220 2804 habet
2240 2777 2342 2816 pro-

1307 2830 1527 2882 prietatem
1542 2831 1911 2882 manifestativam,
1928 2833 2161 2874 secundum
2178 2835 2336 2876 illud21:

1316 2899 1506 2941 «Omnia
1526 2904 1668 2942 autem
1701 2914 1797 2955 quae
1830 2906 2088 2955 arguuntur,
2123 2917 2148 2945 a
2177 2905 2341 2947 lumine

1309 2973 1675 3014 manifestantur.»
1691 2973 1808 3014 Unde
1818 2974 1945 3014 etiam
1958 2975 2069 3015 bona
2080 2977 2233 3017 veritas
2243 2978 2341 3018 fidei

1311 3047 1351 3084 et
1379 3056 1576 3095 morum,
1609 3047 1812 3097 tanquam
1840 3045 1942 3096 lux,
1976 3047 2131 3099 quaerit
2163 3049 2339 3090 manife-

1309 3115 1425 3165 stari,
1449 3128 1534 3156 non
1548 3115 1762 3164 occultari,
1777 3116 2012 3157 secundum
2032 3117 2135 3158 illud
2155 3120 2184 3144 ²²
2207 3119 2337 3168 :<‹Qui

1308 3186 1403 3227 facit
1422 3187 1656 3239 veritatem,
1683 3187 1800 3229 venit
1826 3188 1878 3228 ad
1907 3188 2070 3241 lucem,
2093 3193 2142 3230 ut
2162 3191 2335 3232 manife-

1310 3300 1349 3306 -
1378 3283 1401 3304 ¹⁴
1420 3283 1530 3319 Jocm„
1557 3290 1597 3321 x,
1623 3284 1652 3313 9.
1682 3299 1722 3305 -
1749 3284 1774 3304 ¹⁵
1799 3284 1917 3325 Mare„
1947 3292 2025 3324 Χνι,
2054 3286 2102 3316 16.
2130 3303 2165 3307 -
2191 3286 2217 3306 1⁶
2242 3286 2334 3318 Psnl.

1309 3338 1411 3369 LXXV,
1437 3331 1467 3361 5.
1494 3346 1533 3352 —
1562 3330 1585 3349 ¹7
1611 3330 1712 3368 Dan„
1741 3339 1809 3369 ΧΗ,
1837 3333 1867 3362 3.
1891 3349 1931 3355 -
1959 3332 1987 3352 ²8
2009 3331 2204 3371 11](ιίίΙι,,Χ,
2225 3335 2277 3364 27.
2296 3351 2337 3357 -

1311 3378 1382 3408 1²⁴1}
1409 3377 1500 3416 Cor.,
1526 3385 1556 3416 v,
1580 3379 1630 3408 10.
1655 3394 1694 3399 -
1722 3377 1749 3399 ²0
1773 3379 1783 3408 l
1807 3378 1897 3416 Cor„
1918 3386 1966 3420 IV,
1988 3381 2018 3410 5.
2041 3396 2081 3402 —
2106 3379 2281 3420 21ΕμΙιιέ.,
2306 3389 2336 3421 v,

1309 3426 1357 3456 153.
1379 3442 1418 3447 —
1441 3424 1469 3445 2²
1488 3426 1673 3463 Jocm.,111,
1698 3426 1749 3455 21.

1348 3484 1393 3525 (α)
1421 3484 1515 3524 Vulq.
1535 3493 1606 3517 non
1626 3484 1878 3525 permanebitis.
