2634 3853
60 2610 201 2646 Spiritua-

60 2653 136 2681 liter.

943 146 946 147 ⁷
980 153 1254 197 EXPOSITIO
1286 155 1338 198 IN
1367 156 1480 198 CAP.
1507 155 1558 198 V.

212 255 382 303 diebus,
404 263 453 292 eo
472 248 627 290 scilicet
641 248 845 298 tempore,
866 243 967 297 quia
986 245 997 266 ¹
1019 258 1029 285 ε
1056 259 1076 282 (ι
1094 244 1240 284 Plora-

211 325 308 366 bitis
318 325 357 364 et
371 320 524 361 flebitis
542 329 633 368 VOS,
650 316 834 357 mundus
848 317 991 356 autem
1004 313 1210 366 gaudebit
1226 326 1237 355 :

211 405 286 436 vos
305 394 450 432 autem
471 386 823 431 contristabimini
840 401 850 436 ;
874 385 946 426 sed
964 385 1131 425 tristitia
1150 396 1241 425 ves-

210 467 274 505 tra
289 464 478 505 vertetur
491 461 535 501 iu
553 459 799 512 gaudium.»
814 456 867 497 Et
877 458 976 496 tunc
986 455 1064 495 erit
1074 457 1241 507 tempus

209 534 405 576 moeroris
426 535 467 573 et
483 531 653 585 jernii.
675 529 791 571 Unde
810 528 855 568 in
878 526 1005 569 Tobia
1021 528 1035 548 ²
1057 541 1065 567 :
1092 541 1110 564 «
1131 526 1243 566 Man-

211 604 382 646 ducavit
402 615 555 656 panem
576 613 675 642 cum
701 600 820 640 luctu
848 599 888 638 et
919 600 1124 647 tremore,
1147 608 1242 636 me-

209 687 386 717 morans
407 674 531 715 illum
551 682 808 720 sermonem,
833 680 964 721 quem
983 668 1088 708 dixit
1106 667 1243 708 Domi-

209 758 291 787 nus
320 758 396 798 per
421 746 551 786 Amos
584 741 834 796 prophetam
874 741 887 763 ³
919 753 929 780 ε
974 753 994 776 α
1014 737 1107 778 Dies
1149 737 1243 778 festi

213 817 342 858 vestri
363 816 662 857 convertentur
675 812 721 852 in
735 810 1081 852 lamentationem
1099 811 1140 849 et
1154 809 1242 849 luc—

209 889 317 929 tum.
340 900 359 924 ))
384 886 433 927 In
460 885 638 928 Threnis
659 886 674 908 ¹·
700 895 710 924 :
738 898 757 922 a
779 882 935 924 Idcirco
954 892 1036 933 ego
1053 879 1239 933 plorans,

213 960 254 999 et
271 958 418 999 oculus
437 968 558 997 meus
579 955 791 1007 deducens
811 964 942 1006 aquas
962 966 969 992 :
994 951 1093 1004 quia
1112 950 1242 1002 longe

212 1029 345 1070 factus
365 1042 390 1070 a
409 1041 477 1070 me
497 1027 729 1069 consolator
743 1058 753 1078 ,
776 1026 1027 1068 convertens
1055 1023 1242 1064 animam

212 1111 368 1140 meam.
395 1114 414 1137 i>

267 1169 406 1210 Tertio
440 1170 583 1209 autem
614 1166 896 1208 introducitur
931 1167 979 1206 ut
1017 1163 1243 1217 expediens

213 1241 384 1281 ruditati
412 1239 736 1293 imperfectionis
770 1238 970 1277 humanae
986 1268 998 1286 ‚
1022 1248 1120 1276 cum
1141 1235 1241 1275 dici-

211 1313 284 1351 tur
299 1311 359 1362 (v.
381 1309 449 1363 36)
471 1322 482 1350 ε
503 1309 674 1351 Dicebat
694 1312 835 1350 autem
853 1312 892 1350 ec
910 1306 1244 1349 similitudinem

213 1381 272 1423 acl
284 1381 406 1431 ill08;
423 1380 495 1421 ubi
515 1379 694 1420 ostendit
713 1379 939 1430 discipulos
959 1378 1010 1417 ad
1028 1377 1243 1429 jejunium

212 1463 299 1492 non
328 1462 418 1492 esse
456 1449 703 1499 arctandos,
734 1451 827 1488 tum
856 1451 1027 1500 propter
1057 1450 1243 1487 vetusta-

211 1523 299 1562 tem
319 1520 647 1563 conversationis
662 1551 674 1570 ,
694 1522 789 1559 tum
821 1521 992 1572 propter
1031 1517 1244 1569 tragilita-

214 1593 300 1632 tem
328 1591 485 1642 carnis,
507 1593 600 1630 tum
630 1589 761 1630 etiam
790 1591 962 1641 propter
992 1588 1245 1629 dissuetudi-

213 1673 314 1703 nem
332 1661 578 1702 affectionis.
610 1660 726 1700 Hanc
759 1660 1061 1712 discipulorum
1092 1672 1245 1701 conso-

213 1733 414 1774 lationem
428 1731 627 1785 exprimit
642 1730 917 1783 Evangelista
936 1731 1014 1770 sub
1037 1730 1246 1783 tripartita

214 1803 487 1857 metaphora,
523 1802 677 1843 scilicet
714 1802 867 1843 veteris
900 1800 1061 1851 vestis,
1092 1801 1246 1843 veteris

214 1874 324 1926 viri,
350 1877 391 1915 et
417 1874 571 1917 veteris
604 1874 708 1916 vini.
743 1873 981 1926 Expediens
1002 1873 1138 1925 igitur
1157 1875 1248 1914 erat

214 1945 343 1986 rudes
364 1945 501 1986 adhuc
520 1944 744 1998 discipulos
770 1945 934 1995 fovere,
964 1956 1051 1985 non
1076 1944 1248 1997 jeJuniis

219 2025 486 2066 aggravare,
508 2017 679 2067 propter
697 2016 951 2057 vetustatem
970 2014 1250 2055 conversatio-

214 2084 306 2135 nis;
330 2087 500 2138 propter
518 2097 648 2138 quam
666 2085 807 2126 subdit
830 2100 839 2127 ε
866 2087 974 2133 Quia
990 2097 1111 2129 nemo
1137 2097 1246 2128 com-

214 2157 459 2208 missuram,
476 2156 519 2197 id
536 2159 612 2208 est,
630 2157 880 2210 particulam
893 2169 990 2211 quae
1008 2158 1246 2210 conjungit,

215 2237 243 2268 a
272 2228 521 2271 vestimento
560 2238 666 2271 novo
684 2260 694 2279 ‚
732 2228 887 2269 scilicet
918 2229 1101 2270 ablatam
1122 2261 1135 2280 ,
1166 2230 1247 2271 im-

216 2299 354 2341 mittit
385 2299 435 2340 in
467 2299 767 2342 vestimentum
797 2304 942 2351 vetus,·
968 2300 1067 2352 quia
1093 2300 1250 2352 duplex

217 2368 408 2420 sequitur
434 2369 738 2411 inconveniens
751 2384 761 2419 ;
784 2372 825 2409 et
853 2369 946 2410 ideo
966 2369 1081 2410 addit
1102 2384 1111 2409 z
1135 2369 1251 2412 Alio-

219 2440 325 2491 quin
344 2442 382 2481 ei
399 2450 554 2482 novum
573 2440 750 2492 rumpit,
775 2440 887 2492 quod
900 2442 961 2480 est
982 2440 1247 2481 damnosum.

218 2508 274 2551 El
292 2511 422 2552 veteri
445 2520 531 2553 mm
547 2511 744 2553 convenit
773 2512 1051 2553 commissura
1071 2522 1098 2552 α
1115 2521 1221 2554 novo
1234 2542 1246 2562 ,

219 2580 320 2633 quia
338 2580 602 2622 indecorum.
626 2580 694 2622 Sic
713 2581 986 2634 spiritualiter
1012 2582 1252 2634 intelligen-

220 2651 323 2692 dum
338 2683 348 2702 ‚
370 2652 485 2705 quod
504 2664 592 2693 non
618 2655 716 2693 sunt
745 2652 1013 2706 imponendae
1029 2664 1154 2693 novae
1174 2652 1250 2692 ob-

219 2723 443 2765 servantiae
466 2754 479 2773 ,
510 2723 806 2765 convenientes
853 2735 977 2765 novae
1025 2735 1248 2765 conversa-

219 2792 346 2843 tioni,
370 2793 560 2846 quandiu
579 2794 709 2835 homo
729 2806 816 2835 non
837 2796 897 2834 est
916 2794 1060 2847 priora
1078 2797 1248 2845 exutus,

219 2864 283 2904 uti
300 2876 389 2905 non
422 2867 483 2905 est
502 2868 657 2906 exutus
675 2877 777 2906 mox
807 2865 853 2906 in
877 2865 1083 2918 principio
1112 2866 1252 2906 adhuc

222 2945 312 2975 suae
343 2936 646 2978 conversionis.
676 2935 728 2977 Et
762 2935 855 2976 ideo
887 2935 1049 2977 dicebat
1071 2936 1250 2990 Aposto-

222 3002 289 3043 lus
307 3003 320 3026 ⁵
342 3019 351 3045 :
378 3020 397 3044 ε(
414 3005 558 3047 Edocti
581 3006 698 3056 estis,
719 3020 739 3044 ›>
765 3009 841 3047 etc.
875 3006 1076 3059 Sequitur
1099 3019 1109 3047 :
1140 3022 1159 3045 «
1178 3007 1253 3049 De-

225 3074 368 3125 ponite
397 3088 474 3118 vos
503 3077 736 3118 secundum
769 3077 991 3129 pristinam
1028 3089 1250 3121 conversa-

226 3142 383 3186 tionem
403 3149 590 3189 veterem
609 3148 848 3198 hominem,
871 3148 944 3201 qui
964 3149 1252 3202 corrumpitur

227 3215 459 3257 secundum
494 3218 698 3259 desideria
732 3219 902 3260 erroris.
933 3234 952 3257 >2
987 3219 1038 3260 Et
1072 3222 1249 3272 postea:

233 3298 253 3323 «
271 3284 435 3327 Induite
464 3298 626 3330 novum
643 3289 884 3341 hominem,
913 3290 987 3344 qui
1014 3291 1252 3333 secundum

271 3388 281 3410 ¹
302 3388 409 3427 Joan„
429 3396 501 3430 xvi,
521 3392 611 3423 20.—-
625 3392 640 3414 ²
662 3392 750 3434 Tob„
775 3401 819 3433 11,
846 3395 876 3433 6,
898 3395 930 3425 5.
950 3411 990 3417 —
1008 3393 1022 3415 ³
1043 3394 1155 3434 Amos,
1176 3402 1251 3434 vm,

229 3436 279 3466 10.
299 3452 339 3459 -
356 3435 369 3456 ’·
390 3435 520 3477 Tmen„
544 3445 570 3478 1,
592 3440 641 3472 16.
658 3454 699 3463 --
718 3440 732 3462 ⁵
756 3440 891 3482 Eplees„
917 3449 967 3482 lv,
985 3443 1038 3483 21,
1065 3443 1117 3481 22,
1138 3442 1190 3474 24.
1212 3458 1253 3466 -

2257 159 2328 198 351

1310 243 1445 285 Deum
1463 245 1628 285 creatus
1649 244 1711 284 est
1723 243 1768 283 in
1783 243 1947 296 ,iustitia
1968 245 2008 283 et
2026 243 2242 284 sanctitate
2260 257 2333 285 ve-

1311 315 1461 355 ritatis.
1492 329 1510 353 »
1546 314 1653 355 Item
1684 314 1735 355 ad
1767 313 2023 356 colossenses
2052 313 2065 334 ⁶
2101 328 2110 354 :
2147 329 2165 351 «
2196 313 2335 366 Expo-

1311 385 1459 426 liantes
1484 397 1560 427 vos
1580 387 1766 426 veterem
1797 384 2015 425 hominem
2043 396 2142 424 cum
2177 384 2337 424 actibus

1313 457 1431 507 suis,
1463 459 1503 496 et
1532 457 1752 497 induentes
1783 467 1968 506 novum,
1992 470 2011 492 n
2037 457 2112 495 etc.
2140 454 2340 506 Alioquin

1313 526 1392 566 erit
1409 529 1743 567 monstruosum.
1767 526 1818 567 Et
1836 527 1949 576 ideo,
1969 527 2014 566 in
2033 527 2176 577 figura
2190 525 2338 577 hujus,

1313 596 1526 648 prohibita
1560 598 1621 636 est
1660 597 1706 636 in
1742 596 1836 648 lege
1872 596 2117 638 commixtio
2153 595 2339 637 diverso-

1313 679 1411 706 rum
1436 670 1449 691 ⁷
1477 681 1486 707 ε
1524 682 1543 706 α
1573 666 1665 707 Non
1703 667 1890 709 indueris
1917 668 2196 716 vestimento,
2230 666 2342 718 quod

1314 749 1367 777 ex
1388 737 1486 777 lana
1514 737 1686 790 linoque
1705 740 1950 779 contextum
1970 742 2054 789 est;
2076 753 2095 777 »
2121 738 2222 791 quia
2243 738 2343 778 hinc

1314 807 1614 848 contemnitur.
1650 807 1852 849 Dominus
1890 809 1948 850 ait
1985 809 1998 831 ³
2029 823 2038 850 :
2079 824 2098 848 α
2126 808 2344 862 Numquid

1315 878 1405 920 avis
1424 878 1604 919 discolor
1630 878 1855 919 haereditas
1875 891 1970 920 mea
1989 879 2125 919 mihi?
2144 894 2163 918 ι)

1369 949 1590 1000 Secundo,
1626 949 1767 1002 ipsum
1799 952 1887 991 erat
1917 949 2144 1002 expediens
2175 951 2346 1002 propter

1314 1021 1590 1073 fragilitatem
1639 1020 1776 1061 carnis
1801 1034 1811 1071 ;
1862 1023 2033 1073 propter
2075 1032 2204 1073 quam
2250 1019 2347 1060 dicit

1319 1093 1391 1142 (v.
1415 1091 1495 1141 37)
1521 1091 1606 1133 :El
1624 1102 1743 1134 nemo
1771 1092 1904 1134 millet
1935 1092 2082 1133 vinum
2111 1101 2266 1133 novum
2297 1090 2346 1132 in

1316 1164 1430 1204 uires
1450 1166 1606 1204 veteres
1617 1175 1635 1215 ,·
1655 1163 1755 1215 quia
1783 1175 1837 1203 ex
1861 1162 1940 1203 hoc
1972 1162 2162 1215 sequitur
2188 1160 2346 1213 duplex

1319 1232 1643 1284 inconveniens,
1676 1233 1831 1274 scilicet
1860 1233 2010 1274 effusio
2044 1233 2155 1283 vini,
2175 1233 2346 1284 propter

1316 1303 1428 1355 quod
1448 1303 1545 1344 dicit
1568 1318 1576 1344 ε
1600 1305 1806 1356 Alioquin
1828 1307 1991 1356 rumpet
2012 1305 2162 1346 vinum
2191 1312 2347 1344 novum

1317 1378 1452 1424 utres,
1475 1378 1513 1416 ei
1531 1375 1679 1416 vinum
1708 1374 1964 1427 effundetur.
1991 1374 2116 1415 Aliud
2147 1374 2345 1415 inconve-

1317 1444 1439 1485 niens
1462 1475 1472 1494 ‚
1504 1445 1683 1496 perditio
1715 1447 1777 1485 est
1807 1445 1941 1494 utris;
1976 1444 2086 1485 unde
2120 1444 2233 1484 addit
2257 1458 2265 1484 ε
2289 1443 2330 1483 E
2334 1448 2348 1486 i

1317 1518 1429 1558 uires
1459 1515 1671 1567 peribunt.
1703 1514 1754 1555 Et
1783 1515 1875 1556 ideo
1906 1526 2018 1556 novo
2050 1514 2150 1556 vino
2181 1517 2244 1555 est
2271 1526 2349 1554 no-

1317 1598 1422 1627 vum
1441 1598 1517 1627 vas
1547 1585 1886 1639 providendum3
1916 1587 2085 1638 propter
2104 1585 2217 1638 quod
2251 1585 2350 1625 dicit

1323 1656 1389 1709 (v.
1419 1657 1498 1709 38)
1525 1671 1533 1697 ε
1560 1656 1641 1698 Sed
1662 1658 1811 1699 vinum
1835 1667 1990 1699 novum
2010 1657 2058 1698 in
2078 1660 2193 1698 utres
2220 1665 2349 1698 novos

1319 1726 1573 1769 mittendum
1590 1731 1652 1770 esc
1666 1740 1683 1780 ‚·
1703 1732 1740 1769 et
1760 1731 1938 1780 utraque
1968 1726 2346 1769 conservabuntur.

1320 1797 1388 1839 Sic
1419 1798 1655 1851 spirituales
1683 1799 1963 1841 observantiae
1993 1801 2093 1840 sunt
2124 1798 2350 1852 spirituali-

1320 1870 1423 1919 bus,
1455 1881 1540 1910 non
1569 1870 1808 1911 carnalibus
1842 1870 2108 1923 imponendae
2129 1901 2140 1921 ,
2175 1869 2250 1922 qui
2278 1869 2349 1910 de-

1322 1941 1548 1992 signantur
1562 1953 1637 1993 per
1657 1943 1775 1982 utres
1794 1946 1972 1991 veteres,
1989 1940 2224 1982 secundum
2246 1939 2351 1980 illud

1323 2012 1486 2053 Psalmi
1504 2014 1518 2036 ⁹
1541 2027 1551 2053 :
1583 2011 1770 2053 «Factus
1789 2024 1885 2052 sum
1907 2012 2016 2052 sicut
2041 2014 2136 2052 uter
2163 2011 2209 2051 in
2232 2011 2351 2063 prui-

1322 2095 1391 2122 na.
1415 2097 1434 2120 ))
1461 2082 1578 2124 Unde
1610 2083 1892 2135 designantur
1910 2095 1985 2136 per
2008 2085 2122 2123 utres
2142 2081 2352 2122 Gabaoni-

1322 2156 1465 2194 tarum
1491 2156 1640 2207 ruptos
1666 2156 1707 2194 et
1733 2153 1891 2195 solutos
1910 2155 1938 2179 ¹⁰
1960 2166 2000 2194 z«
2022 2153 2140 2194 Utres
2160 2152 2250 2193 vini
2275 2164 2351 2193 no-

1323 2236 1400 2266 vos
1434 2225 1708 2278 implevimus
1725 2240 1735 2276 ;
1773 2237 1888 2266 nunc
1920 2225 2035 2278 rupti
2064 2227 2194 2275 sunt,
2228 2226 2353 2276 atque

1324 2296 1448 2337 soluti
1473 2311 1483 2347 ;
1524 2311 1544 2335 ))
1579 2299 1620 2337 et
1662 2297 1720 2337 ita
1763 2297 1816 2337 ad
1854 2295 2155 2337 continendum
2202 2295 2353 2336 vinum

1324 2366 1468 2419 inepti.
1492 2366 1543 2407 Et
1574 2366 1666 2407 ideo
1698 2367 1750 2407 ad
1772 2366 2015 2409 Corinthios
2037 2367 2065 2392 1¹
2091 2379 2101 2407 ι
2131 2380 2150 2404 α
2170 2365 2220 2406 Et
2241 2377 2323 2418 ego
2338 2396 2351 2415 ,

1323 2436 1497 2487 fratres,
1520 2448 1606 2477 non
1635 2437 1754 2489 potui
1782 2437 1902 2478 vobis
1929 2436 2047 2489 loqui
2076 2436 2196 2489 quasi
2227 2436 2353 2489 spiri-

1324 2506 1532 2557 tualibus,
1567 2507 1640 2547 sed
1677 2507 1801 2560 quasi
1838 2507 2078 2548 carnalibus
2099 2539 2110 2559 ,
2150 2510 2353 2560 tanquam

1324 2578 1512 2631 parvulis
1530 2578 1576 2618 in
1594 2577 1773 2620 Christo.
1795 2578 1877 2620 Lac
1904 2579 2026 2622 vobis
2054 2581 2203 2632 potum
2231 2579 2350 2631 dedi,

1325 2661 1413 2690 non
1428 2662 1581 2691 escam.
1603 2665 1622 2689 »
1646 2650 1883 2704 Antequam
1912 2663 2018 2703 ergo
2038 2651 2097 2692 eis
2122 2650 2355 2704 spiritualia

1323 2720 1610 2773 injungantur
1628 2754 1642 2773 ,
1670 2735 1839 2764 necesse
1876 2725 1938 2764 est
1971 2725 2019 2763 ut
2049 2722 2174 2764 corda
2205 2735 2357 2764 eorum

1327 2796 1599 2844 renoventur,
1625 2795 1752 2846 Juxta
1782 2794 1886 2835 illud
1913 2794 2155 2837 Ezechielis
2174 2793 2205 2816 ¹²
2230 2808 2239 2835 t
2267 2808 2286 2832 «
2305 2792 2357 2834 Et

1326 2863 1433 2904 dabo
1453 2864 1576 2906 vobis
1596 2876 1667 2905 cor
1687 2877 1851 2907 novum
1864 2896 1877 2916 ,
1899 2868 1939 2905 et
1965 2865 2165 2918 spiritum
2194 2876 2356 2905 novum

1326 2945 1482 2986 ponam
1509 2935 1555 2975 in
1588 2936 1728 2976 medio
1757 2936 1902 2977 vestri.
1941 2950 1961 2974 ›>
1996 2935 2104 2985 Quia
2130 2935 2356 2988 Apostolus

1328 3004 1386 3045 ait
1407 3005 1433 3030 ¹³
1452 3019 1461 3046 :
1488 3020 1507 3045 ct
1526 3005 1573 3046 In
1594 3006 1768 3048 Cnmsro
1788 3005 1900 3057 JESU,
1927 3018 2065 3060 neque
2088 3006 2356 3047 circumcisio

1327 3075 1486 3129 aliquid
1513 3076 1649 3129 valet,
1679 3089 1819 3130 neque
1846 3077 2131 3131 praeputium3
2153 3077 2224 3118 sed
2245 3088 2356 3118 nova

1326 3149 1533 3190 creatura.
1569 3163 1589 3188 ι)
1618 3148 1670 3189 Et
1712 3149 1805 3190 ideo
1851 3149 1954 3202 petit
1996 3148 2128 3191 David
2151 3148 2179 3170 1⁶
2209 3162 2218 3188 ;
2243 3147 2355 3187 «Cor

1327 3219 1538 3262 mundum
1557 3232 1652 3261 crea
1671 3220 1718 3261 in
1736 3232 1825 3272 me,
1847 3220 1979 3272 DeUS,
1999 3223 2039 3261 et
2058 3219 2256 3272 spiritum
2269 3229 2356 3259 rec-

1327 3302 1341 3324 ⁶
1359 3302 1494 3344 coloss„
1517 3310 1569 3343 111,
1590 3305 1621 3344 9,
1644 3304 1694 3334 10.
1712 3318 1751 3325 -
1778 3304 1787 3322 ⁷
1814 3303 1925 3344 Dent„
1947 3310 2035 3342 xxn,
2055 3304 2104 3333 11.
2126 3318 2165 3324 —
2184 3301 2198 3322 ⁸
2221 3300 2356 3342 Jerem.‚

1326 3357 1390 3390 ΧΠ,
1408 3351 1481 3382 9.-
1499 3351 1511 3369 ⁹
1527 3350 1616 3382 Psal.
1628 3357 1747 3391 cxvm,
1761 3351 1857 3383 83.—
1873 3351 1897 3372 ¹⁰
1916 3354 1998 3391 Joa,
2016 3356 2066 3388 lx,
2088 3350 2181 3381 13.—
2194 3348 2216 3369 ¹¹
2234 3349 2245 3378 l
2263 3348 2354 3384 Cor..

1328 3404 1382 3438 111,
1405 3399 1433 3437 1,
1457 3400 1532 3431 2.—
1549 3398 1572 3416 ¹²
1589 3397 1725 3439 Ezech„
1744 3405 1872 3439 xxxvi,
1893 3400 1986 3432 26.—
2005 3396 2032 3419 1³
2056 3395 2145 3436 Gal„
2167 3403 2221 3437 vr,
2250 3398 2300 3428 15.
2317 3413 2356 3420 —

1328 3444 1353 3465 1⁴
1373 3444 1465 3477 Psal.
1483 3453 1517 3486 L,
1539 3447 1590 3480 12.
