2634 3853
990 139 1266 181 EXPOSITIO
1297 138 1349 180 IN
1378 138 1489 180 CAP.
1523 139 1629 180 XIII.

243 230 401 271 dicator
419 230 459 269 et
480 228 665 268 maxime
684 228 883 281 praelatus
897 260 906 278 ,
923 229 973 269 de
995 241 1078 281 quo
1092 228 1270 281 Aposto-

242 300 308 341 lus
323 301 335 322 1
360 314 368 341 :
398 314 417 337 (ι
436 298 526 351 Ego
547 299 752 351 plantavi,
774 299 922 352 Apollo
944 300 1115 351 rigavit.
1137 315 1155 338 n
1181 301 1268 340 Au-

243 370 463 423 gustinus,
496 369 647 412 Contra
666 371 851 422 quinque
881 369 1104 411 lzoereses2:
1148 384 1166 407 α
1192 370 1271 410 Ubi

243 441 362 491 estiS,
391 453 415 481 o
444 441 543 481 boni
569 441 796 493 agricolae‘?
823 441 923 493 quid
954 441 1108 492 agitis?
1139 453 1270 493 quare

242 511 420 552 vacatis?
440 511 597 553 Videtis
614 524 698 564 quo
718 511 829 552 malo
843 512 921 551 ista
934 511 1056 563 plena
1069 512 1118 552 sit
1133 514 1268 552 terra?

243 582 349 623 Hinc
370 583 523 635 spinae,
545 583 645 622 hinc
663 582 862 631 tribuluS,
881 582 980 622 hinc
1000 582 1159 623 foenum
1180 596 1269 623 sur-

245 653 322 705 git.
361 653 510 706 Spinas
547 654 772 704 incendite,
821 652 998 693 tribulos
1037 653 1267 706 eradicate,

241 724 404 765 foenum
425 727 579 773 secate,
610 736 722 766 nova
749 724 911 764 semina
931 725 1040 764 bona
1056 724 1242 775 spargite
1257 757 1267 776 ,

241 808 328 836 non
353 797 505 835 terreat
524 794 681 845 hiems,
713 797 753 835 et
775 796 808 833 si
837 794 1024 834 abundet
1047 794 1268 847 iniquitas,

241 868 384 906 tamen
403 867 564 907 ferveat
590 867 730 906 vestra
751 865 946 905 charitas,
965 865 1097 906 Serite
1113 866 1268 915 hieme,

242 937 355 989 quod
374 937 538 977 metatis
555 938 713 987 aestate,
729 951 747 974 n
771 939 850 977 etc.
876 936 965 977 Tali
986 937 1183 989 agricolae
1203 949 1271 977 ne-

241 1007 424 1059 gligenti
444 1008 642 1060 competit
664 1007 913 1048 comminari
927 1008 1190 1048 severitatem
1205 1009 1268 1049 di-

243 1079 332 1120 vini
348 1078 514 1132 judicii.
549 1077 724 1131 Propter
751 1079 863 1131 quod
885 1079 1025 1119 subdit
1053 1095 1060 1120 :
1095 1081 1270 1123 Succide

243 1160 335 1202 erqo
357 1149 476 1192 illam
500 1161 512 1190 .·
534 1153 581 1192 ut
602 1149 710 1202 quid
732 1151 861 1192 etiam
891 1154 1046 1192 terram
1067 1153 1271 1203 occupat?

241 1222 285 1262 id
295 1223 370 1272 est,
387 1221 590 1262 denuntia
603 1234 696 1262 eam
708 1221 1017 1272 succidendam,
1035 1223 1268 1263 secundum

241 1292 354 1345 quod
370 1279 531 1333 dicebat
547 1292 569 1334 J
572 1304 728 1332 oannes
738 1292 942 1344 Baptista³
960 1307 967 1332 :
983 1292 1154 1333 «Facite
1167 1294 1272 1334 fruc-

243 1365 337 1403 tum
357 1363 538 1414 dignum
558 1363 838 1415 poeniteutiae,
859 1378 876 1401 »
903 1365 1113 1416 sequitur:
1137 1380 1154 1401 «
1176 1365 1269 1405 Jam

243 1434 358 1474 enim
383 1433 540 1474 securis
565 1433 615 1473 ad
644 1433 829 1473 radicem
861 1434 993 1485 posita
1016 1438 1101 1483 est3
1133 1436 1272 1475 omnis

244 1517 347 1557 ergo
367 1506 510 1555 arbor,
533 1504 628 1557 qu'ae
649 1516 735 1544 non
765 1504 860 1544 facit
884 1506 1065 1544 fructum
1086 1505 1268 1555 bonum,

243 1576 474 1626 excidetur,
486 1578 524 1616 et
537 1576 581 1616 in
595 1576 738 1628 ignem
754 1576 961 1615 mittetur.
972 1590 989 1613 >³
1000 1575 1047 1615 Et
1064 1576 1221 1617 Paulus
1231 1577 1244 1597 Ι*
1259 1591 1266 1617 ;

244 1663 263 1687 (ι
287 1647 465 1699 Ignoras
484 1647 686 1700 quoniam
708 1646 948 1698 benignitas
966 1646 1036 1686 Dei
1062 1647 1111 1686 ad
1134 1648 1268 1699 poeni-

242 1720 417 1760 tentiam
436 1721 476 1759 te
495 1718 690 1759 adducit?
712 1717 954 1758 Secundum
983 1720 1126 1757 autem
1152 1718 1269 1758 duri-

242 1791 346 1831 tiam
374 1792 491 1830 tuam
523 1791 564 1830 et
598 1789 866 1842 impoenitens
899 1801 984 1837 cor,
1014 1788 1271 1830 thesaurizas

242 1862 318 1902 tibi
338 1861 446 1901 iram
468 1861 513 1900 in
537 1860 602 1901 die
621 1860 696 1900 irae
722 1861 763 1899 et
788 1859 1054 1899 revelationis
1073 1861 1179 1911 justi
1195 1862 1268 1912 ju-

243 1932 338 1974 dicii
358 1932 445 1983 Dei,
465 1946 484 1969 ›)
510 1933 587 1972 etc.
612 1930 661 1971 Et
682 1930 810 1971 David
830 1931 873 1969 in
898 1931 1105 1972 Psalmo-²⁵:
1131 1947 1149 1969 «
1165 1931 1266 1972 Pro-

241 2007 383 2058 pterea
402 2004 511 2044 Deus
531 2003 718 2043 destruet
737 2004 776 2042 te
806 2002 850 2041 111
870 2003 1018 2051 finem,
1043 2006 1083 2042 et
1103 2004 1266 2054 evellet,

241 2077 282 2116 et
301 2074 530 2126 emigrabit
551 2077 591 2114 te
629 2074 678 2114 de
710 2074 979 2113 tabernaculo
1012 2076 1105 2124 tuo,
1141 2078 1180 2115 et
1201 2087 1267 2115 ra-

241 2146 375 2187 dicem
396 2148 514 2186 tuam
534 2147 584 2185 de
605 2148 715 2185 terra
734 2144 986 2185 viventium.
1008 2159 1026 2181 n

293 2215 453 2265 Tertio,
487 2218 696 2269 quantum
728 2216 778 2255 ad
811 2214 1101 2255 necessitatem
1136 2215 1269 2267 poeni-

239 2288 381 2329 tentiae
409 2287 454 2326 in
478 2287 770 2334 remediando,
805 2285 1084 2336 subjungitur
1115 2285 1169 2337 (v.
1198 2286 1263 2338 8):

239 2359 298 2400 Ac
322 2357 392 2399 ille
416 2356 669 2409 respondens
703 2355 821 2397 dixit
849 2356 916 2397 iaz·
935 2367 949 2395 .·
973 2357 1169 2407 Domine,
1196 2357 1269 2399 di·-

238 2430 356 2472 micte
385 2429 504 2471 illam
532 2430 570 2470 et
597 2427 669 2469 hoc
699 2437 832 2477 anno,
854 2426 895 2467 id
923 2429 984 2467 est
1014 2427 1058 2466 in
1076 2430 1266 2480 tempore

239 2501 479 2551 senectutiS,
501 2510 631 2552 usque
656 2499 759 2541 dum
780 2498 943 2550 fodiam
964 2500 1078 2541 circa
1095 2499 1213 2541 illam
1229 2504 1267 2542 et

238 2575 405 2616 mittam
431 2575 633 2621 stercora,
667 2571 710 2611 id
729 2573 808 2621 est,
840 2571 970 2611 donec
990 2571 1188 2611 reducam
1214 2573 1266 2613 ad

239 2643 488 2685 memoriam
513 2644 550 2684 ei
580 2654 701 2683 suam
721 2641 991 2693 fragilitatem
1012 2647 1050 2681 et
1070 2644 1162 2695 ejus
1182 2644 1263 2683 ini-

237 2714 458 2767 quitatem.
495 2714 615 2755 Fodit
647 2713 786 2763 enim,
814 2713 887 2765 qui
922 2725 964 2752 se
996 2713 1193 2753 humiliat
1225 2713 1261 2754 ⁶:

243 2800 261 2824 a
280 2785 507 2838 Ingredere
524 2785 568 2824 in
579 2787 761 2837 petram,
778 2785 819 2823 et
829 2784 1084 2824 abscondere
1098 2784 1141 2824 in
1155 2785 1264 2825 fossa

234 2856 367 2897 humo
395 2868 419 2896 a
451 2855 553 2896 facie
588 2854 753 2894 timoris
784 2853 969 2904 Domini,
1002 2857 1042 2895 et
1074 2868 1099 2895 a
1128 2856 1264 2907 gloria

235 2927 466 2980 majestatis
502 2928 609 2979 ejus.
643 2940 661 2963 >³
691 2929 705 2950 ἵ
732 2924 908 2965 «Facite
927 2925 1047 2967 alveo
1066 2928 1264 2967 torrentis

234 3000 367 3052 hujus
385 3000 516 3040 fossas
533 3001 572 3039 et
590 2999 769 3039 fossas.»
795 2996 907 3038 Unde
922 2997 1080 3039 Glossa:
1105 2999 1263 3040 «Fossa

234 3070 391 3124 quippe
415 3070 460 3110 in
479 3070 566 3111 imo
585 3071 665 3119 est,
694 3068 862 3121 quando
885 3069 1113 3122 increpatio
1139 3082 1263 3110 men-

234 3144 322 3181 tem
360 3140 439 3180 sibi
471 3140 728 3181 demonstrat
763 3142 803 3179 et
830 3138 1044 3191 humiliat;
1081 3144 1263 3182 stercora

234 3212 378 3263 mittit,
403 3210 476 3263 qui
496 3213 712 3263 peccatum
741 3210 791 3251 ad
814 3211 1063 3251 memoriam
1083 3212 1259 3254 reducit.

275 3295 286 3316 1
316 3295 325 3325 Ι
352 3294 442 3332 Cor„
473 3301 531 3333 111,
556 3295 586 3324 6.
613 3310 653 3316 -
677 3294 690 3314 2
713 3293 782 3324 Imo
807 3295 937 3334 auctor,
959 3294 1108 3335 quisquis
1132 3295 1185 3326 ille
1207 3296 1261 3334 sit,

238 3340 315 3372 libri
334 3342 448 3371 contra
472 3340 614 3380 quinque
632 3340 761 3380 Izoeres‘„
787 3350 814 3373 c.
842 3349 893 3381 vr,
919 3350 953 3372 11.
981 3343 1017 3381 8,
1044 3341 1131 3372 inter
1152 3344 1261 3383 Opera

240 3389 276 3421 S.
297 3387 489 3428 Augustini,
508 3389 590 3418 tom.
611 3388 706 3427 Vlll,
726 3388 880 3429 Append.
903 3405 939 3411 -
961 3388 972 3406 ³
995 3388 1129 3427 Mami„
1149 3396 1206 3427 111,
1230 3392 1260 3428 8,

243 3436 292 3466 10.
306 3452 345 3458 —
365 3434 379 3457 ὃ
394 3435 498 3472 Rom„
517 3441 554 3474 11,
573 3437 603 3473 4,
622 3435 652 3466 5.
669 3452 708 3458 —
723 3435 736 3456 ὅ
749 3435 837 3469 Psal.
860 3444 906 3475 ιι,
924 3437 954 3467 7.
970 3453 1010 3458 —
1029 3436 1040 3454 ὓ
1057 3437 1189 3477 Jsa.,11,
1208 3440 1258 3469 50.

2295 150 2365 188 581

1346 228 1461 270 Unde
1480 229 1623 270 Glossa
1642 229 1765 271 Bedae
1785 231 1799 251 ⁸
1816 244 1824 269 :
1842 230 2002 271 Mittam
2022 235 2218 286 stercora,
2240 236 2283 276 id
2294 240 2370 287 est,

1345 300 1576 352 malorum,
1629 314 1726 355 quae
1763 302 1878 352 fecit,
1927 303 2283 347 abominationem
2320 309 2372 348 ad

1345 372 1537 412 animum
1568 373 1792 424 reducam,
1830 377 1870 415 et
1899 377 2232 428 compunctionis
2272 390 2370 429 gra-

1345 442 1467 493 tiam,
1517 456 1612 484 cum
1652 445 1859 486 fructibus
1906 446 2006 486 boni
2055 447 2216 499 operis,
2254 450 2374 501 quasi

1346 513 1396 552 de
1426 515 1645 565 putredine
1681 501 1873 556 stercoris
1910 518 2177 559 exsuscitem.
2214 534 2233 556 >³
2279 519 2373 560 Pec-

1346 588 1435 624 cata
1467 586 1582 625 enim
1618 589 1800 627 stercora
1832 588 2041 628 dicuntur.
2070 588 2186 629 Unde
2209 590 2297 631 Joel
2326 591 2371 630 ⁹:

1353 670 1371 693 «
1391 657 1747 709 Computruerunt
1762 660 1957 711 Junienta
1975 660 2020 700 in
2035 664 2215 702 stercore
2236 673 2328 702 suo,
2351 677 2369 699 »

1347 727 1397 767 Et
1415 728 1461 767 in
1484 728 1656 770 Threm's
1678 730 1706 754 ¹⁰
1730 742 1739 769 :
1769 745 1787 768 «
1806 730 1883 779 Qui
1901 732 2198 773 nutriebantur
2218 733 2262 774 in
2283 746 2377 775 cro-

1347 798 1442 848 ceis,
1465 799 1693 851 amplexati
1713 803 1812 840 sunt
1831 803 2060 842 stercora.»
2087 803 2247 844 Horum
2263 816 2377 846 reco-

1347 868 1496 919 gitatio
1507 870 1693 910 animam
1707 871 1932 912 foecundat.
1946 872 2062 913 Unde
2075 874 2120 913 in
2132 875 2309 927 Isaiaffl)
2321 876 2346 897 ¹¹
2365 890 2373 915 ε

1347 940 1598 992 Recogitabo
1629 942 1704 982 tibi
1733 955 1878 983 omnes
1902 956 2034 985 annos
2059 957 2177 985 meos
2196 946 2240 985 in
2264 959 2377 987 ama-

1346 1011 1529 1052 ritudine
1565 1013 1719 1054 animae
1756 1026 1876 1055 meae.
1914 1031 1932 1052 »
1974 1015 2025 1056 Et
2054 1017 2256 1059 Jeremz‘ccs
2295 1019 2323 1041 ¹²
2363 1033 2372 1059 :

1353 1083 1537 1124 «Statue
1581 1085 1656 1125 tibi
1700 1087 1932 1138 speculam,
1966 1100 2074 1139 pone
2110 1089 2187 1128 tibi
2219 1090 2373 1130 amari-

1347 1154 1528 1195 tudines.
1558 1170 1576 1193 »
1620 1156 1736 1196 Sicut
1779 1159 1921 1197 autem
1962 1158 2183 1199 fructificat
2227 1161 2373 1212 arbor,

1348 1227 1515 1278 quando
1552 1228 1660 1268 circa
1695 1241 1788 1268 eam
1819 1230 2045 1270 mittuntur
2074 1234 2275 1283 stercora3
2318 1234 2377 1274 sic

1347 1300 1388 1338 et
1407 1298 1566 1349 anima,
1589 1299 1693 1338 dum
1712 1304 1976 1352 peccatorum
1994 1314 2169 1343 suorum
2188 1305 2377 1345 recorda-

1347 1377 1429 1409 tur.
1451 1369 1546 1410 Ideo
1566 1371 1761 1411 subditur
1783 1372 1837 1423 (v.
1860 1374 1897 1422 9)
1921 1388 1929 1413 :
1953 1374 2006 1414 Et
2022 1374 2063 1414 si
2076 1375 2249 1426 quidem
2269 1377 2377 1426 fece-

1346 1442 1408 1483 rit
1429 1442 1637 1492 fructum,
1660 1442 1814 1482 scilicet
1833 1443 2018 1484 dimittes
2037 1457 2145 1485 eam.
2172 1446 2218 1486 Et
2237 1451 2299 1487 est
2317 1448 2376 1488 lo-

1347 1511 1458 1551 cutio
1478 1512 1729 1563 figurativa,
1753 1513 1799 1552 in
1827 1526 1910 1565 qua
1929 1514 2067 1554 deficit
2087 1516 2209 1556 dictio
2230 1530 2374 1558 neces-

1347 1582 1455 1622 saria
1481 1597 1489 1623 2
1519 1583 1590 1623 sed
1612 1585 1753 1623 tamen
1783 1586 2022 1625 communis
2055 1589 2116 1626 est
2150 1588 2299 1628 modus
2318 1589 2377 1629 lo-

1346 1654 1515 1705 quendi.
1558 1654 1641 1696 Sin
1677 1658 1838 1705 autem,
1882 1657 1930 1697 in
1967 1658 2161 1707 futurum
2189 1660 2376 1703 succides

1345 1734 1455 1775 eam,
1491 1738 1565 1777 per
1601 1726 1790 1777 gladium
1818 1727 2031 1779 Judicialis
2062 1730 2293 1771 sententiaa.
2329 1731 2376 1772 In

1345 1793 1545 1833 canonica
1583 1793 1703 1834 Judae
1725 1795 1753 1818 13
1789 1809 1797 1835 :
1828 1810 1847 1832 «
1872 1794 2054 1836 Arbores
2085 1799 2372 1850 autumnales,

1344 1864 1631 1917 infructuosae,
1652 1867 1717 1906 bis
1737 1869 1931 1918 mortuae,
1954 1869 2196 1910 eradicatae:
2222 1871 2375 1911 fluetus

1343 1936 1421 1975 feri
1444 1937 1596 1988 maris,
1631 1938 1928 1990 despumantes
1956 1951 2054 1979 suas
2083 1941 2371 1993 confusiones,

1345 2007 1480 2048 sidera
1500 2009 1702 2057 errantia,
1725 2009 1880 2061 quibus
1900 2010 2080 2062 procella
2102 2012 2375 2054 tenebrarum

1344 2085 1510 2121 servata
1540 2085 1602 2122 est
1631 2082 1675 2121 in
1696 2085 1919 2122 aeternum.
1944 2096 1963 2119 ›)
1997 2082 2072 2123 Vel
2091 2084 2277 2124 succides
2301 2098 2375 2137 per

1344 2154 1567 2192 mortcmst
1593 2168 1601 2194 ε
1631 2168 1649 2190 <t
1667 2153 1710 2193 Si
1740 2166 1825 2206 qua
1858 2154 1978 2204 ligna
2003 2166 2091 2194 non
2115 2158 2213 2194 sunt
2238 2157 2372 2207 pomi-

1343 2224 1450 2272 fera,
1489 2224 1560 2264 sed
1588 2224 1794 2275 agrestia3
1829 2238 1847 2261 »
1885 2227 1979 2272 etc„
2017 2239 2035 2261 «
2067 2225 2245 2265 succide.
2268 2240 2287 2262 ›>
2322 2225 2374 2267 Et

1341 2294 1414 2334 Job
1436 2294 1464 2315 ¹5
1485 2305 1524 2333 z«
1544 2293 1600 2333 De
1627 2305 1752 2333 mane
1772 2306 1906 2346 usque
1926 2294 1978 2334 ad
1997 2307 2215 2347 vesperam
2235 2297 2373 2336 succi-

1341 2364 1521 2404 dentur:
1556 2367 1597 2404 et
1620 2364 1719 2416 quia
1748 2364 1891 2404 nullus
1917 2364 2137 2416 intelligit,
2174 2365 2218 2405 in
2245 2369 2372 2407 aeter-

1340 2448 1446 2476 num
1466 2436 1678 2489 peribunt.
1701 2450 1719 2472 »

1395 2506 1444 2546 Et
1464 2509 1563 2547 nota
1588 2521 1596 2547 :
1633 2505 1717 2546 Sex
1748 2505 1929 2546 hominis
1961 2508 2104 2547 aetates
2130 2510 2229 2548 sunt
2250 2510 2372 2561 quasi

1339 2589 1413 2617 sex
1438 2578 1562 2627 anni,
1595 2577 1750 2617 scilicet
1776 2577 1971 2628 infantia,
2001 2577 2200 2630 pueritia,
2231 2579 2368 2620 adole-

1339 2648 1519 2699 scentia,
1550 2650 1775 2701 Juve11tus,
1811 2652 2022 2698 senectuS,
2054 2653 2093 2689 et
2115 2651 2294 2691 senium.
2324 2652 2370 2692 In

1338 2720 1476 2772 prima
1500 2723 1620 2760 aetate
1649 2732 1734 2760 non
1765 2720 1919 2772 quaerit
1939 2720 2122 2760 fructum
2143 2721 2365 2774 Dominus,

1338 2795 1507 2844 propter
1535 2791 1656 2831 liberi
1688 2791 1851 2831 arbitrii
1873 2791 2094 2831 defectum.
2118 2791 2165 2831 ln
2187 2793 2369 2833 secunda

1339 2874 1440 2904 vero
1465 2863 1642 2915 requirit
1669 2863 1810 2915 aliquo
1838 2862 1982 2912 modo,
2013 2862 2169 2903 scilicet
2198 2863 2242 2903 in
2268 2877 2366 2916 pue-

1336 2933 1446 2974 ritia.
1487 2933 1535 2973 In
1573 2933 1850 2974 adolescentia
1881 2932 2039 2985 magis,
2074 2937 2114 2974 et
2144 2934 2188 2974 in
2214 2935 2368 2986 juven-

1338 3004 1427 3042 tute
1448 3001 1635 3042 maxime
1656 3016 1664 3042 :
1691 3003 1879 3054 expectat
1897 3003 2040 3041 tamen
2059 3001 2361 3053 negligentem,

1337 3072 1577 3126 frequenter
1613 3084 1749 3125 usque
1784 3072 1835 3112 ad
1868 3073 2136 3112 senectutem.
2179 3071 2230 3112 Et
2263 3074 2365 3113 tunc

1336 3144 1506 3184 tandem
1540 3143 1593 3184 ad
1629 3145 1870 3184 extremum
1910 3143 2066 3195 profert
2097 3142 2363 3183 severitatem

1335 3215 1552 3255 sententiae
1570 3214 1773 3255 adversus
1790 3214 2098 3265 negligentem.

1335 3315 1375 3320 —
1401 3298 1414 3319 7
1442 3298 1483 3329 lV
1514 3298 1604 3338 Req„
1638 3305 1695 3337 111,
1732 3298 1779 3329 16.
1806 3314 1846 3320 —
1877 3298 1887 3315 ³
1916 3296 2008 3335 Ded„
2041 3297 2075 3326 z'n
2103 3297 2192 3336 Luc.‚
2217 3296 2274 3328 lib.
2303 3299 2360 3339 lV,

1336 3353 1364 3375 0.
1388 3352 1455 3376 LVI.
1476 3363 1516 3367 —
1538 3346 1549 3363 ⁰
1569 3344 1668 3385 Joal„
1689 3352 1713 3384 1,
1739 3346 1787 3375 17.
1807 3361 1848 3367 -—
1869 3345 1895 3366 ¹⁰
1915 3344 2042 3383 Tmen„
2065 3351 2109 3382 ιν,
2130 3344 2159 3374 5.
2179 3361 2219 3366 -
2240 3344 2264 3365 11
2284 3345 2360 3384 isa„

1336 3399 1490 3432 xxxviii,
1513 3394 1563 3424 15.
1581 3409 1619 3414 —
1643 3392 1667 3412 ¹2
1682 3392 1815 3431 Aerem„
1835 3398 1936 3429 xxm,
1956 3392 2008 3422 21.
2027 3407 2065 3413 —
2084 3390 2110 3411 1³
2125 3390 2215 3430 chrl„
2238 3392 2286 3431 12,
2310 3394 2358 3423 13.

1339 3457 1374 3461 —
1399 3439 1425 3460 ¹4
1445 3439 1558 3480 Dent„
1577 3447 1635 3479 xx,
1657 3441 1706 3473 20.
1725 3456 1765 3462 —
1785 3439 1810 3460 ¹⁵
1828 3437 1906 3477 Joh,
1926 3445 1972 3478 lv,
1993 3440 2096 3469 120.—
2116 3438 2157 3477 (a)
2174 3437 2225 3470 Al.
2246 3437 2356 3470 isaias.
