<?xml version="1.0" encoding="UTF-8"?>
<!DOCTYPE html PUBLIC "-//W3C//DTD XHTML 1.0 Transitional//EN"
    "http://www.w3.org/TR/xhtml1/DTD/xhtml1-transitional.dtd">
<html xmlns="http://www.w3.org/1999/xhtml" xml:lang="en" lang="en">
 <head>
  <title>
</title>
<meta http-equiv="Content-Type" content="text/html;charset=utf-8" />
  <meta name='ocr-system' content='tesseract 3.04.00' />
  <meta name='ocr-capabilities' content='ocr_page ocr_carea ocr_par ocr_line ocrx_word'/>
</head>
<body>
  <div class='ocr_page' id='page_1' title='image "./operaomniasixtiv10bonauoft/operaomniasixtiv10bonauoft_0128.png"; bbox 0 0 2587 3845; ppageno 0'>
   <div class='ocr_carea' id='block_1_1' title="bbox 59 870 198 1021">
    <p class='ocr_par' dir='ltr' id='par_1_1' title="bbox 59 870 198 1021">
     <span class='ocr_line' id='line_1_1' title="bbox 90 870 171 895; baseline -0.012 0"><span class='ocrx_word' id='word_1_1' title='bbox 90 870 171 895; x_wconf 80' lang='lat' dir='ltr'><em>Boua</em></span> 
     </span>
     <span class='ocr_line' id='line_1_2' title="bbox 59 911 198 947; baseline -0.022 -7"><span class='ocrx_word' id='word_1_2' title='bbox 59 911 198 947; x_wconf 75' lang='lat' dir='ltr'><em>simpliei-</em></span> 
     </span>
     <span class='ocr_line' id='line_1_3' title="bbox 59 957 197 983; baseline -0.022 -2"><span class='ocrx_word' id='word_1_3' title='bbox 59 957 102 981; x_wconf 74' lang='lat' dir='ltr'><em>ter</em></span> <span class='ocrx_word' id='word_1_4' title='bbox 118 975 124 983; x_wconf 86' lang='lat'><strong>.</strong></span> <span class='ocrx_word' id='word_1_5' title='bbox 151 960 181 979; x_wconf 85' lang='lat' dir='ltr'><em>se</em></span> <span class='ocrx_word' id='word_1_6' title='bbox 193 970 197 973; x_wconf 90' lang='lat'>-</span> 
     </span>
     <span class='ocr_line' id='line_1_4' title="bbox 59 995 189 1021; baseline -0.015 0"><span class='ocrx_word' id='word_1_7' title='bbox 59 995 189 1021; x_wconf 84' lang='lat' dir='ltr'><em>cundum</em></span> 
     </span>
    </p>
   </div>
   <div class='ocr_carea' id='block_1_2' title="bbox 224 134 300 172">
    <p class='ocr_par' dir='ltr' id='par_1_2' title="bbox 224 134 300 172">
     <span class='ocr_line' id='line_1_5' title="bbox 224 134 300 172; baseline -0.013 0"><span class='ocrx_word' id='word_1_8' title='bbox 224 134 300 172; x_wconf 84' lang='lat'><em>110</em></span> 
     </span>
    </p>
   </div>
   <div class='ocr_carea' id='block_1_3' title="bbox 217 208 1252 2238">
    <p class='ocr_par' dir='ltr' id='par_1_3' title="bbox 217 208 1252 2238">
     <span class='ocr_line' id='line_1_6' title="bbox 275 208 1242 268; baseline -0.018 -9"><span class='ocrx_word' id='word_1_9' title='bbox 275 220 343 260; x_wconf 80' lang='lat'><em>19.</em></span> <span class='ocrx_word' id='word_1_10' title='bbox 366 216 447 259; x_wconf 89' lang='lat' dir='ltr'><em>Sed</em></span> <span class='ocrx_word' id='word_1_11' title='bbox 466 226 540 257; x_wconf 87' lang='lat' dir='ltr'><em>nec</em></span> <span class='ocrx_word' id='word_1_12' title='bbox 559 219 748 268; x_wconf 80' lang='lat' dir='ltr'><em>aspectu,</em></span> <span class='ocrx_word' id='word_1_13' title='bbox 771 215 874 254; x_wconf 85' lang='lat' dir='ltr'><em>etc.:</em></span> <span class='ocrx_word' id='word_1_14' title='bbox 901 211 959 250; x_wconf 85' lang='lat' dir='ltr'><em>ita</em></span> <span class='ocrx_word' id='word_1_15' title='bbox 983 209 1141 249; x_wconf 82' lang='lat' dir='ltr'><em>dictum</em></span> <span class='ocrx_word' id='word_1_16' title='bbox 1160 208 1242 252; x_wconf 85' lang='lat' dir='ltr'><em>est,</em></span> 
     </span>
     <span class='ocr_line' id='line_1_7' title="bbox 220 274 1241 342; baseline -0.018 -11"><span class='ocrx_word' id='word_1_17' title='bbox 220 288 334 342; x_wconf 89' lang='lat' dir='ltr'><em>quod</em></span> <span class='ocrx_word' id='word_1_18' title='bbox 354 287 464 329; x_wconf 89' lang='lat' dir='ltr'><em>idola</em></span> <span class='ocrx_word' id='word_1_19' title='bbox 483 299 561 327; x_wconf 91' lang='lat' dir='ltr'><em>nec</em></span> <span class='ocrx_word' id='word_1_20' title='bbox 581 285 780 333; x_wconf 84' lang='lat' dir='ltr'><em>audiunt,</em></span> <span class='ocrx_word' id='word_1_21' title='bbox 802 293 879 322; x_wconf 84' lang='lat' dir='ltr'><em>nec</em></span> <span class='ocrx_word' id='word_1_22' title='bbox 897 279 1042 320; x_wconf 87' lang='lat' dir='ltr'><em>vident</em></span> <span class='ocrx_word' id='word_1_23' title='bbox 1062 274 1218 327; x_wconf 83' lang='lat' dir='ltr'><em>aliquid</em></span> <span class='ocrx_word' id='word_1_24' title='bbox 1231 305 1241 323; x_wconf 84' lang='lat'><em>,</em></span> 
     </span>
     <span class='ocr_line' id='line_1_8' title="bbox 219 345 1242 410; baseline -0.018 -10"><span class='ocrx_word' id='word_1_25' title='bbox 219 359 288 400; x_wconf 87' lang='lat' dir='ltr'><em>vel</em></span> <span class='ocrx_word' id='word_1_26' title='bbox 308 359 586 410; x_wconf 81' lang='lat' dir='ltr'><em>cognoscunt:</em></span> <span class='ocrx_word' id='word_1_27' title='bbox 610 367 687 395; x_wconf 81' lang='lat' dir='ltr'><em>nec.</em></span> <span class='ocrx_word' id='word_1_28' title='bbox 707 354 842 394; x_wconf 86' lang='lat' dir='ltr'><em>solum</em></span> <span class='ocrx_word' id='word_1_29' title='bbox 865 350 936 390; x_wconf 89' lang='lat' dir='ltr'><em>illa</em></span> <span class='ocrx_word' id='word_1_30' title='bbox 954 347 1059 388; x_wconf 89' lang='lat' dir='ltr'><em>nihil</em></span> <span class='ocrx_word' id='word_1_31' title='bbox 1078 345 1242 393; x_wconf 58' lang='lat' dir='ltr'><em>vident,</em></span> 
     </span>
     <span class='ocr_line' id='line_1_9' title="bbox 220 415 1245 480; baseline -0.017 -9"><span class='ocrx_word' id='word_1_32' title='bbox 220 430 294 471; x_wconf 82' lang='lat' dir='ltr'><em>sed</em></span> <span class='ocrx_word' id='word_1_33' title='bbox 325 440 398 470; x_wconf 88' lang='lat' dir='ltr'><em>nec</em></span> <span class='ocrx_word' id='word_1_34' title='bbox 429 431 597 480; x_wconf 84' lang='lat' dir='ltr'><em>aspectu</em></span> <span class='ocrx_word' id='word_1_35' title='bbox 620 422 793 475; x_wconf 79' lang='lat' dir='ltr'><em>aliquod</em></span> <span class='ocrx_word' id='word_1_36' title='bbox 819 432 872 463; x_wconf 59' lang='lat' dir='ltr'><em>ed*</em></span> <span class='ocrx_word' id='word_1_37' title='bbox 897 421 955 461; x_wconf 85' lang='lat' dir='ltr'><em>iis</em></span> <span class='ocrx_word' id='word_1_38' title='bbox 987 415 1245 459; x_wconf 69' lang='lat' dir='ltr'><em>animalibus</em></span> 
     </span>
     <span class='ocr_line' id='line_1_10' title="bbox 222 490 1243 551; baseline -0.016 -11"><span class='ocrx_word' id='word_1_39' title='bbox 222 500 328 542; x_wconf 86' lang='lat' dir='ltr'><em>bona</em></span> <span class='ocrx_word' id='word_1_40' title='bbox 364 502 501 551; x_wconf 76' lang='lat' dir='ltr'><em>potest</em></span> <span class='ocrx_word' id='word_1_41' title='bbox 538 495 793 547; x_wconf 75' lang='lat' dir='ltr'><em>conspicere.</em></span> <span class='ocrx_word' id='word_1_42' title='bbox 831 490 908 532; x_wconf 88' lang='lat' dir='ltr'><em>Sed</em></span> <span class='ocrx_word' id='word_1_43' title='bbox 945 498 1018 529; x_wconf 89' lang='lat' dir='ltr'><em>nec</em></span> <span class='ocrx_word' id='word_1_44' title='bbox 1052 490 1243 538; x_wconf 81' lang='lat' dir='ltr'><em>aspectu,</em></span> 
     </span>
     <span class='ocr_line' id='line_1_11' title="bbox 220 556 1246 623; baseline -0.017 -12"><span class='ocrx_word' id='word_1_45' title='bbox 220 570 338 623; x_wconf 88' lang='lat' dir='ltr'><em>quasi</em></span> <span class='ocrx_word' id='word_1_46' title='bbox 358 569 484 609; x_wconf 84' lang='lat' dir='ltr'><em>dicat:</em></span> <span class='ocrx_word' id='word_1_47' title='bbox 509 566 601 607; x_wconf 90' lang='lat' dir='ltr'><em>Non</em></span> <span class='ocrx_word' id='word_1_48' title='bbox 623 564 759 605; x_wconf 84' lang='lat' dir='ltr'><em>solum</em></span> <span class='ocrx_word' id='word_1_49' title='bbox 782 562 825 601; x_wconf 89' lang='lat' dir='ltr'><em>in</em></span> <span class='ocrx_word' id='word_1_50' title='bbox 847 558 1034 600; x_wconf 89' lang='lat' dir='ltr'><em>absentia</em></span> <span class='ocrx_word' id='word_1_51' title='bbox 1053 569 1127 609; x_wconf 77' lang='lat' dir='ltr'><em>per</em></span> <span class='ocrx_word' id='word_1_52' title='bbox 1146 556 1246 595; x_wconf 82' lang='lat' dir='ltr'><em>iina-</em></span> 
     </span>
     <span class='ocr_line' id='line_1_12' title="bbox 221 629 1243 692; baseline -0.015 -12"><span class='ocrx_word' id='word_1_53' title='bbox 221 640 502 692; x_wconf 73' lang='lat' dir='ltr'><em>ghrationem,</em></span> <span class='ocrx_word' id='word_1_54' title='bbox 531 636 602 676; x_wconf 84' lang='lat' dir='ltr'><em>sed</em></span> <span class='ocrx_word' id='word_1_55' title='bbox 631 646 707 675; x_wconf 90' lang='lat' dir='ltr'><em>nec</em></span> <span class='ocrx_word' id='word_1_56' title='bbox 733 633 778 672; x_wconf 91' lang='lat' dir='ltr'><em>in</em></span> <span class='ocrx_word' id='word_1_57' title='bbox 803 629 1029 684; x_wconf 72' lang='lat' dir='ltr'><em>praesentia</em></span> <span class='ocrx_word' id='word_1_58' title='bbox 1055 640 1130 680; x_wconf 88' lang='lat' dir='ltr'><em>per</em></span> <span class='ocrx_word' id='word_1_59' title='bbox 1151 639 1243 667; x_wconf 89' lang='lat' dir='ltr'><em>sen—</em></span> 
     </span>
     <span class='ocr_line' id='line_1_13' title="bbox 218 697 1248 760; baseline -0.016 -9"><span class='ocrx_word' id='word_1_60' title='bbox 218 722 329 760; x_wconf 83' lang='lat' dir='ltr'><em>sum,</em></span> <span class='ocrx_word' id='word_1_61' title='bbox 345 706 521 760; x_wconf 84' lang='lat' dir='ltr'><em>aliquod</em></span> <span class='ocrx_word' id='word_1_62' title='bbox 535 716 588 747; x_wconf 75' lang='lat' dir='ltr'><em>ex</em></span> <span class='ocrx_word' id='word_1_63' title='bbox 605 705 663 746; x_wconf 90' lang='lat' dir='ltr'><em>iis</em></span> <span class='ocrx_word' id='word_1_64' title='bbox 683 701 959 749; x_wconf 74' lang='lat' dir='ltr'><em>animalibus,</em></span> <span class='ocrx_word' id='word_1_65' title='bbox 975 711 1071 752; x_wconf 83' lang='lat' dir='ltr'><em>quac</em></span> <span class='ocrx_word' id='word_1_66' title='bbox 1092 697 1248 737; x_wconf 81' lang='lat' dir='ltr'><em>scilicet</em></span> 
     </span>
     <span class='ocr_line' id='line_1_14' title="bbox 218 769 1248 829; baseline -0.015 -8"><span class='ocrx_word' id='word_1_67' title='bbox 218 780 373 829; x_wconf 89' lang='lat' dir='ltr'><em>colunt,</em></span> <span class='ocrx_word' id='word_1_68' title='bbox 398 778 504 820; x_wconf 84' lang='lat' dir='ltr'><em>bona</em></span> <span class='ocrx_word' id='word_1_69' title='bbox 519 778 653 829; x_wconf 74' lang='lat' dir='ltr'><em>potest</em></span> <span class='ocrx_word' id='word_1_70' title='bbox 672 774 938 826; x_wconf 71' lang='lat' dir='ltr'><em>conspicere:</em></span> <span class='ocrx_word' id='word_1_71' title='bbox 957 773 998 811; x_wconf 89' lang='lat' dir='ltr'><em>et</em></span> <span class='ocrx_word' id='word_1_72' title='bbox 1013 769 1248 820; x_wconf 79' lang='lat' dir='ltr'><em>intelligen-</em></span> 
     </span>
     <span class='ocr_line' id='line_1_15' title="bbox 217 839 1247 894; baseline -0.014 -3"><span class='ocrx_word' id='word_1_73' title='bbox 217 851 319 891; x_wconf 90' lang='lat' dir='ltr'><em>dum</em></span> <span class='ocrx_word' id='word_1_74' title='bbox 347 852 411 890; x_wconf 83' lang='lat' dir='ltr'><em>est</em></span> <span class='ocrx_word' id='word_1_75' title='bbox 437 848 487 889; x_wconf 91' lang='lat' dir='ltr'><em>de</em></span> <span class='ocrx_word' id='word_1_76' title='bbox 515 846 638 887; x_wconf 88' lang='lat' dir='ltr'><em>bonis</em></span> <span class='ocrx_word' id='word_1_77' title='bbox 668 843 873 893; x_wconf 75' lang='lat' dir='ltr'><em>honestis,</em></span> <span class='ocrx_word' id='word_1_78' title='bbox 897 853 993 894; x_wconf 85' lang='lat' dir='ltr'><em>quae</em></span> <span class='ocrx_word' id='word_1_79' title='bbox 1021 842 1117 879; x_wconf 90' lang='lat' dir='ltr'><em>sunt</em></span> <span class='ocrx_word' id='word_1_80' title='bbox 1138 839 1247 878; x_wconf 86' lang='lat' dir='ltr'><em>bona</em></span> 
     </span>
     <span class='ocr_line' id='line_1_16' title="bbox 218 908 1243 974; baseline -0.014 -13"><span class='ocrx_word' id='word_1_81' title='bbox 218 920 482 974; x_wconf 88' lang='lat' dir='ltr'><em>simpliciter,</em></span> <span class='ocrx_word' id='word_1_82' title='bbox 510 920 558 958; x_wconf 91' lang='lat' dir='ltr'><em>ut</em></span> <span class='ocrx_word' id='word_1_83' title='bbox 586 918 686 957; x_wconf 90' lang='lat' dir='ltr'><em>sunt</em></span> <span class='ocrx_word' id='word_1_84' title='bbox 703 915 881 955; x_wconf 83' lang='lat' dir='ltr'><em>virtutes</em></span> <span class='ocrx_word' id='word_1_85' title='bbox 909 915 950 952; x_wconf 89' lang='lat' dir='ltr'><em>et</em></span> <span class='ocrx_word' id='word_1_86' title='bbox 977 908 1243 962; x_wconf 84' lang='lat' dir='ltr'><em>hujusmodi,</em></span> 
     </span>
     <span class='ocr_line' id='line_1_17' title="bbox 218 981 1245 1036; baseline -0.015 -3"><span class='ocrx_word' id='word_1_87' title='bbox 218 1004 302 1033; x_wconf 89' lang='lat' dir='ltr'><em>non</em></span> <span class='ocrx_word' id='word_1_88' title='bbox 317 991 367 1032; x_wconf 85' lang='lat' dir='ltr'><em>de</em></span> <span class='ocrx_word' id='word_1_89' title='bbox 381 989 503 1030; x_wconf 89' lang='lat' dir='ltr'><em>bonis</em></span> <span class='ocrx_word' id='word_1_90' title='bbox 516 987 706 1036; x_wconf 80' lang='lat' dir='ltr'><em>utilibus,</em></span> <span class='ocrx_word' id='word_1_91' title='bbox 723 984 789 1025; x_wconf 81' lang='lat' dir='ltr'><em>vel</em></span> <span class='ocrx_word' id='word_1_92' title='bbox 805 981 1133 1029; x_wconf 72' lang='lat' dir='ltr'><em>delectabilibUS,</em></span> <span class='ocrx_word' id='word_1_93' title='bbox 1148 991 1245 1032; x_wconf 82' lang='lat' dir='ltr'><em>quae</em></span> 
     </span>
     <span class='ocr_line' id='line_1_18' title="bbox 220 1051 1247 1106; baseline -0.014 -3"><span class='ocrx_word' id='word_1_94' title='bbox 220 1064 320 1103; x_wconf 89' lang='lat' dir='ltr'><em>sunt</em></span> <span class='ocrx_word' id='word_1_95' title='bbox 346 1061 456 1101; x_wconf 89' lang='lat' dir='ltr'><em>bona</em></span> <span class='ocrx_word' id='word_1_96' title='bbox 486 1053 863 1106; x_wconf 71' lang='lat' dir='ltr'><em>secundun1·’quid.</em></span> <span class='ocrx_word' id='word_1_97' title='bbox 895 1051 1145 1104; x_wconf 71' lang='lat' dir='ltr'><em>Effuyerunt</em></span> <span class='ocrx_word' id='word_1_98' title='bbox 1164 1060 1247 1090; x_wconf 85' lang='lat' dir='ltr'><em>au-</em></span> 
     </span>
     <span class='ocr_line' id='line_1_19' title="bbox 220 1121 1245 1181; baseline -0.017 -6"><span class='ocrx_word' id='word_1_99' title='bbox 220 1137 323 1181; x_wconf 87' lang='lat' dir='ltr'><em>tem,</em></span> <span class='ocrx_word' id='word_1_100' title='bbox 350 1133 447 1178; x_wconf 85' lang='lat' dir='ltr'><em>etc.‚</em></span> <span class='ocrx_word' id='word_1_101' title='bbox 473 1128 621 1181; x_wconf 80' lang='lat' dir='ltr'><em>quasi:</em></span> <span class='ocrx_word' id='word_1_102' title='bbox 651 1126 713 1165; x_wconf 88' lang='lat' dir='ltr'><em>Ita</em></span> <span class='ocrx_word' id='word_1_103' title='bbox 733 1122 892 1164; x_wconf 86' lang='lat' dir='ltr'><em>infirmi</em></span> <span class='ocrx_word' id='word_1_104' title='bbox 913 1122 1055 1162; x_wconf 90' lang='lat' dir='ltr'><em>colunt</em></span> <span class='ocrx_word' id='word_1_105' title='bbox 1083 1121 1245 1160; x_wconf 85' lang='lat' dir='ltr'><em>anima-</em></span> 
     </span>
     <span class='ocr_line' id='line_1_20' title="bbox 217 1189 1247 1250; baseline -0.014 -6"><span class='ocrx_word' id='word_1_106' title='bbox 217 1203 306 1243; x_wconf 88' lang='lat' dir='ltr'><em>lia:</em></span> <span class='ocrx_word' id='word_1_107' title='bbox 342 1204 506 1249; x_wconf 84' lang='lat' dir='ltr'><em>autem,</em></span> <span class='ocrx_word' id='word_1_108' title='bbox 539 1209 615 1250; x_wconf 90' lang='lat' dir='ltr'><em>pro</em></span> <span class='ocrx_word' id='word_1_109' title='bbox 651 1194 754 1237; x_wconf 86' lang='lat' dir='ltr'><em>sed:</em></span> <span class='ocrx_word' id='word_1_110' title='bbox 785 1194 1048 1247; x_wconf 76' lang='lat' dir='ltr'><em>effuqerunt,</em></span> <span class='ocrx_word' id='word_1_111' title='bbox 1076 1193 1152 1231; x_wconf 89' lang='lat' dir='ltr'><em>etc.</em></span> <span class='ocrx_word' id='word_1_112' title='bbox 1174 1189 1247 1231; x_wconf 86' lang='lat' dir='ltr'><em>Vel</em></span> 
     </span>
     <span class='ocr_line' id='line_1_21' title="bbox 219 1260 1249 1320; baseline -0.015 -5"><span class='ocrx_word' id='word_1_113' title='bbox 219 1275 370 1320; x_wconf 80' lang='lat' dir='ltr'><em>autem,</em></span> <span class='ocrx_word' id='word_1_114' title='bbox 392 1271 474 1311; x_wconf 85' lang='lat' dir='ltr'><em>hoe</em></span> <span class='ocrx_word' id='word_1_115' title='bbox 494 1270 555 1309; x_wconf 88' lang='lat' dir='ltr'><em>est</em></span> <span class='ocrx_word' id='word_1_116' title='bbox 574 1269 693 1315; x_wconf 89' lang='lat' dir='ltr'><em>certe,</em></span> <span class='ocrx_word' id='word_1_117' title='bbox 716 1264 890 1305; x_wconf 85' lang='lat' dir='ltr'><em>colendo</em></span> <span class='ocrx_word' id='word_1_118' title='bbox 909 1262 1124 1311; x_wconf 86' lang='lat' dir='ltr'><em>animalia,</em></span> <span class='ocrx_word' id='word_1_119' title='bbox 1148 1260 1249 1314; x_wconf 77' lang='lat' dir='ltr'><em>effu-</em></span> 
     </span>
     <span class='ocr_line' id='line_1_22' title="bbox 218 1331 1245 1397; baseline -0.016 -11"><span class='ocrx_word' id='word_1_120' title='bbox 218 1346 370 1397; x_wconf 82' lang='lat' dir='ltr'><em>9erunt</em></span> <span class='ocrx_word' id='word_1_121' title='bbox 392 1341 470 1382; x_wconf 87' lang='lat' dir='ltr'><em>Dei</em></span> <span class='ocrx_word' id='word_1_122' title='bbox 494 1338 665 1381; x_wconf 86' lang='lat' dir='ltr'><em>laudem</em></span> <span class='ocrx_word' id='word_1_123' title='bbox 686 1339 724 1378; x_wconf 89' lang='lat' dir='ltr'><em>et</em></span> <span class='ocrx_word' id='word_1_124' title='bbox 750 1334 1076 1377; x_wconf 73' lang='lat' dir='ltr'><em>benedictionem</em></span> <span class='ocrx_word' id='word_1_125' title='bbox 1089 1344 1105 1384; x_wconf 91' lang='lat'><em>;</em></span> <span class='ocrx_word' id='word_1_126' title='bbox 1126 1331 1245 1385; x_wconf 80' lang='lat' dir='ltr'><em>quasi</em></span> 
     </span>
     <span class='ocr_line' id='line_1_23' title="bbox 219 1404 1249 1462; baseline -0.015 -7"><span class='ocrx_word' id='word_1_127' title='bbox 219 1414 351 1455; x_wconf 87' lang='lat' dir='ltr'><em>dicat:</em></span> <span class='ocrx_word' id='word_1_128' title='bbox 392 1411 474 1452; x_wconf 88' lang='lat' dir='ltr'><em>Nec</em></span> <span class='ocrx_word' id='word_1_129' title='bbox 505 1410 645 1462; x_wconf 87' lang='lat' dir='ltr'><em>ipsum</em></span> <span class='ocrx_word' id='word_1_130' title='bbox 685 1407 817 1447; x_wconf 88' lang='lat' dir='ltr'><em>Deum</em></span> <span class='ocrx_word' id='word_1_131' title='bbox 839 1404 1142 1452; x_wconf 81' lang='lat' dir='ltr'><em>laudaverunt,</em></span> <span class='ocrx_word' id='word_1_132' title='bbox 1172 1414 1249 1442; x_wconf 86' lang='lat' dir='ltr'><em>nec</em></span> 
     </span>
     <span class='ocr_line' id='line_1_24' title="bbox 219 1474 1250 1531; baseline -0.013 -5"><span class='ocrx_word' id='word_1_133' title='bbox 219 1483 553 1526; x_wconf 81' lang='lat' dir='ltr'><em>benedixerunt:</em></span> <span class='ocrx_word' id='word_1_134' title='bbox 577 1478 762 1529; x_wconf 84' lang='lat' dir='ltr'><em>laudem,</em></span> <span class='ocrx_word' id='word_1_135' title='bbox 786 1489 861 1531; x_wconf 87' lang='lat' dir='ltr'><em>pro</em></span> <span class='ocrx_word' id='word_1_136' title='bbox 885 1478 979 1529; x_wconf 88' lang='lat' dir='ltr'><em>ejus</em></span> <span class='ocrx_word' id='word_1_137' title='bbox 999 1475 1184 1516; x_wconf 86' lang='lat' dir='ltr'><em>bonitate</em></span> <span class='ocrx_word' id='word_1_138' title='bbox 1206 1474 1250 1514; x_wconf 90' lang='lat' dir='ltr'><em>in</em></span> 
     </span>
     <span class='ocr_line' id='line_1_25' title="bbox 220 1545 1249 1607; baseline -0.013 -10"><span class='ocrx_word' id='word_1_139' title='bbox 220 1568 279 1607; x_wconf 87' lang='lat' dir='ltr'><em>se,</em></span> <span class='ocrx_word' id='word_1_140' title='bbox 309 1558 345 1597; x_wconf 90' lang='lat' dir='ltr'><em>et</em></span> <span class='ocrx_word' id='word_1_141' title='bbox 377 1552 726 1600; x_wconf 78' lang='lat' dir='ltr'><em>benedictionem,</em></span> <span class='ocrx_word' id='word_1_142' title='bbox 757 1560 834 1602; x_wconf 88' lang='lat' dir='ltr'><em>pro</em></span> <span class='ocrx_word' id='word_1_143' title='bbox 860 1549 953 1600; x_wconf 71' lang='lat' dir='ltr'><em>eJus</em></span> <span class='ocrx_word' id='word_1_144' title='bbox 973 1545 1249 1587; x_wconf 82' lang='lat' dir='ltr'><em>beneficentia</em></span> 
     </span>
     <span class='ocr_line' id='line_1_26' title="bbox 221 1616 1246 1675; baseline -0.012 -8"><span class='ocrx_word' id='word_1_145' title='bbox 221 1627 273 1667; x_wconf 91' lang='lat' dir='ltr'><em>ad</em></span> <span class='ocrx_word' id='word_1_146' title='bbox 289 1638 382 1666; x_wconf 77' lang='lat' dir='ltr'><em>nos,</em></span> <span class='ocrx_word' id='word_1_147' title='bbox 405 1624 556 1665; x_wconf 81' lang='lat' dir='ltr'><em>Contra</em></span> <span class='ocrx_word' id='word_1_148' title='bbox 571 1634 668 1675; x_wconf 83' lang='lat' dir='ltr'><em>quae</em></span> <span class='ocrx_word' id='word_1_149' title='bbox 688 1621 772 1661; x_wconf 89' lang='lat' dir='ltr'><em>duo</em></span> <span class='ocrx_word' id='word_1_150' title='bbox 791 1618 946 1660; x_wconf 89' lang='lat' dir='ltr'><em>dicitur</em></span> <span class='ocrx_word' id='word_1_151' title='bbox 965 1617 1007 1657; x_wconf 92' lang='lat' dir='ltr'><em>in</em></span> <span class='ocrx_word' id='word_1_152' title='bbox 1029 1616 1195 1658; x_wconf 81' lang='lat' dir='ltr'><em>Psalmo</em></span> <span class='ocrx_word' id='word_1_153' title='bbox 1212 1618 1220 1639; x_wconf 94' lang='lat'>¹</span> <span class='ocrx_word' id='word_1_154' title='bbox 1237 1627 1246 1655; x_wconf 92' lang='lat'>:</span> 
     </span>
     <span class='ocr_line' id='line_1_27' title="bbox 226 1687 1243 1742; baseline -0.012 -6"><span class='ocrx_word' id='word_1_155' title='bbox 226 1712 245 1736; x_wconf 73' lang='grc' dir='ltr'>α</span> <span class='ocrx_word' id='word_1_156' title='bbox 270 1693 536 1738; x_wconf 85' lang='lat' dir='ltr'><em>Confitemini</em></span> <span class='ocrx_word' id='word_1_157' title='bbox 566 1691 767 1738; x_wconf 78' lang='lat' dir='ltr'><em>Domino,</em></span> <span class='ocrx_word' id='word_1_158' title='bbox 801 1687 1003 1742; x_wconf 88' lang='lat' dir='ltr'><em>quoniam</em></span> <span class='ocrx_word' id='word_1_159' title='bbox 1032 1687 1190 1735; x_wconf 87' lang='lat' dir='ltr'><em>bonus,</em></span> <span class='ocrx_word' id='word_1_160' title='bbox 1225 1701 1243 1723; x_wconf 74' lang='grc' dir='ltr'>υ</span> 
     </span>
     <span class='ocr_line' id='line_1_28' title="bbox 219 1757 1251 1815; baseline -0.011 -7"><span class='ocrx_word' id='word_1_161' title='bbox 219 1767 374 1808; x_wconf 89' lang='grc'>56111661</span> <span class='ocrx_word' id='word_1_162' title='bbox 392 1765 437 1805; x_wconf 88' lang='lat' dir='ltr'><em>in</em></span> <span class='ocrx_word' id='word_1_163' title='bbox 460 1777 502 1805; x_wconf 89' lang='lat' dir='ltr'><em>se</em></span> <span class='ocrx_word' id='word_1_164' title='bbox 512 1779 522 1814; x_wconf 89' lang='lat'>;</span> <span class='ocrx_word' id='word_1_165' title='bbox 551 1779 570 1803; x_wconf 86' lang='grc'><em>((</em></span> <span class='ocrx_word' id='word_1_166' title='bbox 593 1761 796 1815; x_wconf 89' lang='lat' dir='ltr'><em>quoniam</em></span> <span class='ocrx_word' id='word_1_167' title='bbox 821 1760 866 1800; x_wconf 90' lang='lat' dir='ltr'><em>in</em></span> <span class='ocrx_word' id='word_1_168' title='bbox 892 1758 1096 1799; x_wconf 70' lang='lat' dir='ltr'><em>saeculum</em></span> <span class='ocrx_word' id='word_1_169' title='bbox 1126 1757 1251 1798; x_wconf 87' lang='lat' dir='ltr'><em>mise-</em></span> 
     </span>
     <span class='ocr_line' id='line_1_29' title="bbox 219 1829 1251 1888; baseline -0.01 -10"><span class='ocrx_word' id='word_1_170' title='bbox 219 1837 401 1878; x_wconf 87' lang='lat' dir='ltr'><em>ricordia</em></span> <span class='ocrx_word' id='word_1_171' title='bbox 420 1837 532 1888; x_wconf 87' lang='lat' dir='ltr'><em>ejus,</em></span> <span class='ocrx_word' id='word_1_172' title='bbox 559 1848 578 1872; x_wconf 79' lang='grc'><em>11</em></span> <span class='ocrx_word' id='word_1_173' title='bbox 595 1833 750 1874; x_wconf 88' lang='grc'>56111661</span> <span class='ocrx_word' id='word_1_174' title='bbox 774 1831 847 1884; x_wconf 83' lang='lat' dir='ltr'><em>(a),</em></span> <span class='ocrx_word' id='word_1_175' title='bbox 873 1829 1077 1883; x_wconf 89' lang='lat' dir='ltr'><em>quoniam</em></span> <span class='ocrx_word' id='word_1_176' title='bbox 1094 1829 1251 1869; x_wconf 83' lang='lat' dir='ltr'><em>benefi-</em></span> 
     </span>
     <span class='ocr_line' id='line_1_30' title="bbox 220 1901 1251 1955; baseline -0.012 -5"><span class='ocrx_word' id='word_1_177' title='bbox 220 1909 356 1950; x_wconf 82' lang='lat' dir='ltr'><em>centia</em></span> <span class='ocrx_word' id='word_1_178' title='bbox 375 1905 673 1948; x_wconf 83' lang='lat' dir='ltr'><em>misericordiae</em></span> <span class='ocrx_word' id='word_1_179' title='bbox 693 1905 786 1955; x_wconf 85' lang='lat' dir='ltr'><em>ejus</em></span> <span class='ocrx_word' id='word_1_180' title='bbox 806 1902 859 1942; x_wconf 90' lang='lat' dir='ltr'><em>ad</em></span> <span class='ocrx_word' id='word_1_181' title='bbox 880 1911 1026 1941; x_wconf 87' lang='lat' dir='ltr'><em>omnes</em></span> <span class='ocrx_word' id='word_1_182' title='bbox 1046 1912 1090 1939; x_wconf 87' lang='lat' dir='ltr'><em>se</em></span> <span class='ocrx_word' id='word_1_183' title='bbox 1111 1901 1251 1939; x_wconf 81' lang='lat' dir='ltr'><em>exten-</em></span> 
     </span>
     <span class='ocr_line' id='line_1_31' title="bbox 220 1969 1251 2028; baseline -0.013 -8"><span class='ocrx_word' id='word_1_184' title='bbox 220 1980 294 2021; x_wconf 87' lang='lat' dir='ltr'><em>dit.</em></span> <span class='ocrx_word' id='word_1_185' title='bbox 322 1978 374 2019; x_wconf 88' lang='lat' dir='ltr'><em>Et</em></span> <span class='ocrx_word' id='word_1_186' title='bbox 398 1977 496 2018; x_wconf 85' lang='lat' dir='ltr'><em>dicit</em></span> <span class='ocrx_word' id='word_1_187' title='bbox 521 1990 530 2016; x_wconf 90' lang='lat'>:</span> <span class='ocrx_word' id='word_1_188' title='bbox 561 1975 819 2028; x_wconf 72' lang='lat' dir='ltr'><em>effuqerunt,</em></span> <span class='ocrx_word' id='word_1_189' title='bbox 852 1983 937 2012; x_wconf 90' lang='lat' dir='ltr'><em>non</em></span> <span class='ocrx_word' id='word_1_190' title='bbox 965 1969 1103 2010; x_wconf 85' lang='lat' dir='ltr'><em>solum</em></span> <span class='ocrx_word' id='word_1_191' title='bbox 1135 1969 1251 2009; x_wconf 84' lang='lat' dir='ltr'><em>intus</em></span> 
     </span>
     <span class='ocr_line' id='line_1_32' title="bbox 219 2039 1247 2095; baseline -0.013 -4"><span class='ocrx_word' id='word_1_192' title='bbox 219 2050 344 2091; x_wconf 88' lang='lat' dir='ltr'><em>corde</em></span> <span class='ocrx_word' id='word_1_193' title='bbox 370 2061 455 2089; x_wconf 91' lang='lat' dir='ltr'><em>non</em></span> <span class='ocrx_word' id='word_1_194' title='bbox 480 2046 718 2095; x_wconf 72' lang='lat' dir='ltr'><em>laudantes,</em></span> <span class='ocrx_word' id='word_1_195' title='bbox 753 2046 794 2084; x_wconf 88' lang='lat' dir='ltr'><em>et</em></span> <span class='ocrx_word' id='word_1_196' title='bbox 819 2053 907 2082; x_wconf 90' lang='lat' dir='ltr'><em>non</em></span> <span class='ocrx_word' id='word_1_197' title='bbox 935 2039 1247 2090; x_wconf 79' lang='lat' dir='ltr'><em>benedicentes,</em></span> 
     </span>
     <span class='ocr_line' id='line_1_33' title="bbox 220 2109 1247 2171; baseline -0.014 -9"><span class='ocrx_word' id='word_1_198' title='bbox 220 2120 290 2162; x_wconf 89' lang='lat' dir='ltr'><em>sed</em></span> <span class='ocrx_word' id='word_1_199' title='bbox 311 2132 389 2171; x_wconf 77' lang='lat' dir='ltr'><em>nec</em></span> <span class='ocrx_word' id='word_1_200' title='bbox 402 2130 474 2160; x_wconf 86' lang='lat' dir='ltr'><em>ore</em></span> <span class='ocrx_word' id='word_1_201' title='bbox 488 2116 749 2165; x_wconf 76' lang='lat' dir='ltr'><em>confitentes,</em></span> <span class='ocrx_word' id='word_1_202' title='bbox 767 2114 911 2154; x_wconf 86' lang='lat' dir='ltr'><em>contra</em></span> <span class='ocrx_word' id='word_1_203' title='bbox 924 2110 1037 2164; x_wconf 90' lang='lat' dir='ltr'><em>quod</em></span> <span class='ocrx_word' id='word_1_204' title='bbox 1051 2109 1201 2150; x_wconf 84' lang='lat' dir='ltr'><em>dicitur</em></span> <span class='ocrx_word' id='word_1_205' title='bbox 1214 2109 1247 2149; x_wconf 79' lang='lat'><em>⁸:</em></span> 
     </span>
     <span class='ocr_line' id='line_1_34' title="bbox 227 2180 1252 2238; baseline -0.01 -9"><span class='ocrx_word' id='word_1_206' title='bbox 227 2206 245 2229; x_wconf 73' lang='grc' dir='ltr'>α</span> <span class='ocrx_word' id='word_1_207' title='bbox 266 2190 394 2232; x_wconf 84' lang='lat' dir='ltr'><em>Corde</em></span> <span class='ocrx_word' id='word_1_208' title='bbox 415 2188 599 2230; x_wconf 88' lang='lat' dir='ltr'><em>creditur</em></span> <span class='ocrx_word' id='word_1_209' title='bbox 618 2186 669 2227; x_wconf 90' lang='lat' dir='ltr'><em>ad</em></span> <span class='ocrx_word' id='word_1_210' title='bbox 690 2184 923 2238; x_wconf 74' lang='lat' dir='ltr'><em>Justitia1n‚</em></span> <span class='ocrx_word' id='word_1_211' title='bbox 946 2193 1019 2223; x_wconf 89' lang='lat' dir='ltr'><em>ore</em></span> <span class='ocrx_word' id='word_1_212' title='bbox 1044 2182 1185 2221; x_wconf 85' lang='lat' dir='ltr'><em>autem</em></span> <span class='ocrx_word' id='word_1_213' title='bbox 1204 2180 1252 2220; x_wconf 85' lang='lat' dir='ltr'><em>fit</em></span> 
     </span>
    </p>
   </div>
   <div class='ocr_carea' id='block_1_4' title="bbox 220 2259 751 2303">
    <p class='ocr_par' dir='ltr' id='par_1_4' title="bbox 220 2259 751 2303">
     <span class='ocr_line' id='line_1_35' title="bbox 220 2259 751 2303; baseline -0.017 0"><span class='ocrx_word' id='word_1_214' title='bbox 220 2261 424 2303; x_wconf 86' lang='lat' dir='ltr'><em>confessio</em></span> <span class='ocrx_word' id='word_1_215' title='bbox 444 2260 496 2301; x_wconf 88' lang='lat' dir='ltr'><em>ad</em></span> <span class='ocrx_word' id='word_1_216' title='bbox 516 2259 710 2300; x_wconf 87' lang='lat' dir='ltr'><em>salutem.</em></span> <span class='ocrx_word' id='word_1_217' title='bbox 732 2270 751 2293; x_wconf 84' lang='lat'>»</span> 
     </span>
    </p>
   </div>
   <div class='ocr_carea' id='block_1_5' title="bbox 527 2415 937 2464">
    <p class='ocr_par' dir='ltr' id='par_1_5' title="bbox 527 2415 937 2464">
     <span class='ocr_line' id='line_1_36' title="bbox 527 2415 937 2464; baseline -0.012 0"><span class='ocrx_word' id='word_1_218' title='bbox 527 2417 750 2464; x_wconf 89' lang='lat' dir='ltr'>CAPUT</span> <span class='ocrx_word' id='word_1_219' title='bbox 799 2415 937 2461; x_wconf 90' lang='lat' dir='ltr'><strong>XVI.</strong></span> 
     </span>
    </p>
   </div>
   <div class='ocr_carea' id='block_1_6' title="bbox 221 2537 1253 3237">
    <p class='ocr_par' dir='ltr' id='par_1_6' title="bbox 221 2537 1253 3237">
     <span class='ocr_line' id='line_1_37' title="bbox 276 2537 1248 2599; baseline -0.014 -9"><span class='ocrx_word' id='word_1_220' title='bbox 276 2553 314 2589; x_wconf 86' lang='lat'><em>1.</em></span> <span class='ocrx_word' id='word_1_221' title='bbox 348 2547 522 2599; x_wconf 76' lang='lat' dir='ltr'><em>Propter</em></span> <span class='ocrx_word' id='word_1_222' title='bbox 551 2544 637 2585; x_wconf 81' lang='lat' dir='ltr'><em>hoec</em></span> <span class='ocrx_word' id='word_1_223' title='bbox 650 2574 663 2593; x_wconf 92' lang='lat'><em>,</em></span> <span class='ocrx_word' id='word_1_224' title='bbox 697 2545 736 2583; x_wconf 89' lang='lat' dir='ltr'><em>et</em></span> <span class='ocrx_word' id='word_1_225' title='bbox 752 2550 827 2593; x_wconf 75' lang='lat' dir='ltr'><em>per</em></span> <span class='ocrx_word' id='word_1_226' title='bbox 853 2538 923 2580; x_wconf 81' lang='lat' dir='ltr'><em>his</em></span> <span class='ocrx_word' id='word_1_227' title='bbox 950 2537 1137 2588; x_wconf 82' lang='lat' dir='ltr'><em>similia,</em></span> <span class='ocrx_word' id='word_1_228' title='bbox 1170 2538 1248 2577; x_wconf 87' lang='lat' dir='ltr'><em>etc.</em></span> 
     </span>
     <span class='ocr_line' id='line_1_38' title="bbox 223 2607 1253 2671; baseline -0.016 -10"><span class='ocrx_word' id='word_1_229' title='bbox 223 2619 450 2671; x_wconf 82' lang='lat' dir='ltr'><em>Postquam</em></span> <span class='ocrx_word' id='word_1_230' title='bbox 471 2629 494 2656; x_wconf 87' lang='lat' dir='ltr'><em>a</em></span> <span class='ocrx_word' id='word_1_231' title='bbox 514 2614 676 2655; x_wconf 89' lang='lat' dir='ltr'><em>decimo</em></span> <span class='ocrx_word' id='word_1_232' title='bbox 692 2611 814 2651; x_wconf 88' lang='lat' dir='ltr'><em>tertio</em></span> <span class='ocrx_word' id='word_1_233' title='bbox 835 2609 969 2661; x_wconf 87' lang='lat' dir='ltr'><em>capite</em></span> <span class='ocrx_word' id='word_1_234' title='bbox 989 2608 1079 2659; x_wconf 77' lang='lat' dir='ltr'><em>egit</em></span> <span class='ocrx_word' id='word_1_235' title='bbox 1097 2607 1148 2648; x_wconf 89' lang='lat' dir='ltr'><em>de</em></span> <span class='ocrx_word' id='word_1_236' title='bbox 1169 2618 1253 2646; x_wconf 87' lang='lat' dir='ltr'><em>me-</em></span> 
     </span>
     <span class='ocr_line' id='line_1_39' title="bbox 221 2676 1248 2740; baseline -0.015 -10"><span class='ocrx_word' id='word_1_237' title='bbox 221 2690 304 2730; x_wconf 87' lang='lat' dir='ltr'><em>rito</em></span> <span class='ocrx_word' id='word_1_238' title='bbox 324 2687 480 2740; x_wconf 78' lang='lat' dir='ltr'><em>culpae,</em></span> <span class='ocrx_word' id='word_1_239' title='bbox 503 2682 642 2737; x_wconf 90' lang='lat' dir='ltr'><em>quoad</em></span> <span class='ocrx_word' id='word_1_240' title='bbox 666 2691 812 2734; x_wconf 85' lang='lat' dir='ltr'><em>poenas</em></span> <span class='ocrx_word' id='word_1_241' title='bbox 841 2678 1060 2731; x_wconf 83' lang='lat' dir='ltr'><em>graviores</em></span> <span class='ocrx_word' id='word_1_242' title='bbox 1078 2676 1248 2717; x_wconf 88' lang='lat' dir='ltr'><em>ordina-</em></span> 
     </span>
     <span class='ocr_line' id='line_1_40' title="bbox 222 2747 1252 2802; baseline -0.014 -2"><span class='ocrx_word' id='word_1_243' title='bbox 222 2762 286 2800; x_wconf 83' lang='lat' dir='ltr'><em>tas</em></span> <span class='ocrx_word' id='word_1_244' title='bbox 306 2757 358 2798; x_wconf 92' lang='lat' dir='ltr'><em>ad</em></span> <span class='ocrx_word' id='word_1_245' title='bbox 386 2752 777 2797; x_wconf 78' lang='lat' dir='ltr'><em>condemnationem</em></span> <span class='ocrx_word' id='word_1_246' title='bbox 800 2749 1051 2802; x_wconf 87' lang='lat' dir='ltr'><em>impiorum,</em></span> <span class='ocrx_word' id='word_1_247' title='bbox 1075 2747 1144 2787; x_wconf 88' lang='lat' dir='ltr'><em>hic</em></span> <span class='ocrx_word' id='word_1_248' title='bbox 1163 2747 1252 2799; x_wconf 80' lang='lat' dir='ltr'><em>agit</em></span> 
     </span>
     <span class='ocr_line' id='line_1_41' title="bbox 223 2818 1252 2880; baseline -0.013 -10"><span class='ocrx_word' id='word_1_249' title='bbox 223 2829 274 2870; x_wconf 88' lang='lat' dir='ltr'><em>de</em></span> <span class='ocrx_word' id='word_1_250' title='bbox 293 2826 497 2880; x_wconf 87' lang='lat' dir='ltr'><em>supplicio</em></span> <span class='ocrx_word' id='word_1_251' title='bbox 517 2835 678 2878; x_wconf 84' lang='lat' dir='ltr'><em>poenae:</em></span> <span class='ocrx_word' id='word_1_252' title='bbox 703 2824 744 2864; x_wconf 87' lang='grc'><em>61</em></span> <span class='ocrx_word' id='word_1_253' title='bbox 764 2821 900 2874; x_wconf 85' lang='lat' dir='ltr'><em>primo</em></span> <span class='ocrx_word' id='word_1_254' title='bbox 919 2820 968 2860; x_wconf 88' lang='grc'><em>(16</em></span> <span class='ocrx_word' id='word_1_255' title='bbox 986 2818 1120 2872; x_wconf 79' lang='lat' dir='ltr'><em>poenis</em></span> <span class='ocrx_word' id='word_1_256' title='bbox 1140 2820 1252 2858; x_wconf 88' lang='lat' dir='ltr'><em>ante-</em></span> 
     </span>
     <span class='ocr_line' id='line_1_42' title="bbox 224 2889 1252 2944; baseline -0.013 -3"><span class='ocrx_word' id='word_1_257' title='bbox 224 2898 469 2941; x_wconf 83' lang='lat' dir='ltr'><em>cedentibus</em></span> <span class='ocrx_word' id='word_1_258' title='bbox 489 2898 690 2944; x_wconf 87' lang='lat' dir='ltr'><em>mortem,</em></span> <span class='ocrx_word' id='word_1_259' title='bbox 712 2893 871 2933; x_wconf 88' lang='lat' dir='ltr'><em>scilicet</em></span> <span class='ocrx_word' id='word_1_260' title='bbox 891 2891 935 2930; x_wconf 91' lang='lat' dir='ltr'><em>in</em></span> <span class='ocrx_word' id='word_1_261' title='bbox 960 2890 1039 2930; x_wconf 91' lang='lat' dir='ltr'><em>isto</em></span> <span class='ocrx_word' id='word_1_262' title='bbox 1059 2889 1192 2942; x_wconf 86' lang='lat' dir='ltr'><em>capite</em></span> <span class='ocrx_word' id='word_1_263' title='bbox 1211 2891 1252 2930; x_wconf 86' lang='lat' dir='ltr'><em>et</em></span> 
     </span>
     <span class='ocr_line' id='line_1_43' title="bbox 223 2960 1249 3020; baseline -0.011 -8"><span class='ocrx_word' id='word_1_264' title='bbox 223 2970 383 3012; x_wconf 86' lang='lat' dir='ltr'><em>decimo</em></span> <span class='ocrx_word' id='word_1_265' title='bbox 403 2967 602 3020; x_wconf 76' lang='lat' dir='ltr'><em>septim03</em></span> <span class='ocrx_word' id='word_1_266' title='bbox 626 2963 822 3013; x_wconf 82' lang='lat' dir='ltr'><em>secundo,</em></span> <span class='ocrx_word' id='word_1_267' title='bbox 846 2962 897 3002; x_wconf 84' lang='lat' dir='ltr'><em>de</em></span> <span class='ocrx_word' id='word_1_268' title='bbox 915 2960 1051 3013; x_wconf 82' lang='lat' dir='ltr'><em>poenis</em></span> <span class='ocrx_word' id='word_1_269' title='bbox 1067 2960 1249 3001; x_wconf 85' lang='lat' dir='ltr'><em>inferen-</em></span> 
     </span>
     <span class='ocr_line' id='line_1_44' title="bbox 223 3030 1247 3085; baseline -0.013 -3"><span class='ocrx_word' id='word_1_270' title='bbox 223 3041 337 3082; x_wconf 85' lang='lat' dir='ltr'><em>tibus</em></span> <span class='ocrx_word' id='word_1_271' title='bbox 361 3040 540 3080; x_wconf 86' lang='lat' dir='ltr'><em>mortem</em></span> <span class='ocrx_word' id='word_1_272' title='bbox 556 3067 566 3084; x_wconf 91' lang='lat'><em>,</em></span> <span class='ocrx_word' id='word_1_273' title='bbox 588 3035 742 3075; x_wconf 79' lang='lat' dir='ltr'><em>scilicet</em></span> <span class='ocrx_word' id='word_1_274' title='bbox 770 3032 978 3085; x_wconf 76' lang='lat' dir='ltr'><em>capitibus</em></span> <span class='ocrx_word' id='word_1_275' title='bbox 997 3030 1158 3071; x_wconf 86' lang='lat' dir='ltr'><em>decimo</em></span> <span class='ocrx_word' id='word_1_276' title='bbox 1177 3042 1247 3071; x_wconf 88' lang='grc'><em>06-</em></span> 
     </span>
     <span class='ocr_line' id='line_1_45' title="bbox 222 3100 1252 3158; baseline -0.012 -7"><span class='ocrx_word' id='word_1_277' title='bbox 222 3117 320 3153; x_wconf 84' lang='lat' dir='ltr'><em>tavo</em></span> <span class='ocrx_word' id='word_1_278' title='bbox 339 3112 380 3150; x_wconf 88' lang='lat' dir='ltr'><em>et</em></span> <span class='ocrx_word' id='word_1_279' title='bbox 399 3104 740 3158; x_wconf 74' lang='lat' dir='ltr'><em>undevigesimo.</em></span> <span class='ocrx_word' id='word_1_280' title='bbox 764 3103 811 3143; x_wconf 88' lang='lat' dir='ltr'><em>In</em></span> <span class='ocrx_word' id='word_1_281' title='bbox 830 3102 983 3155; x_wconf 88' lang='lat' dir='ltr'><em>prima,</em></span> <span class='ocrx_word' id='word_1_282' title='bbox 1002 3100 1139 3153; x_wconf 88' lang='lat' dir='ltr'><em>primo</em></span> <span class='ocrx_word' id='word_1_283' title='bbox 1160 3101 1252 3152; x_wconf 83' lang='lat' dir='ltr'><em>agit</em></span> 
     </span>
     <span class='ocr_line' id='line_1_46' title="bbox 223 3172 1246 3237; baseline -0.014 -12"><span class='ocrx_word' id='word_1_284' title='bbox 223 3184 274 3225; x_wconf 89' lang='lat' dir='ltr'><em>de</em></span> <span class='ocrx_word' id='word_1_285' title='bbox 292 3193 418 3237; x_wconf 84' lang='lat' dir='ltr'><em>poena</em></span> <span class='ocrx_word' id='word_1_286' title='bbox 431 3190 595 3227; x_wconf 87' lang='lat' dir='ltr'><em>sensus,</em></span> <span class='ocrx_word' id='word_1_287' title='bbox 615 3176 718 3217; x_wconf 87' lang='lat' dir='ltr'><em>etde</em></span> <span class='ocrx_word' id='word_1_288' title='bbox 733 3175 958 3228; x_wconf 81' lang='lat' dir='ltr'><em>plagarum</em></span> <span class='ocrx_word' id='word_1_289' title='bbox 971 3172 1246 3224; x_wconf 82' lang='lat' dir='ltr'><em>immissione,</em></span> 
     </span>
    </p>
   </div>
   <div class='ocr_carea' id='block_1_7' title="bbox 224 3301 1250 3443">
    <p class='ocr_par' dir='ltr' id='par_1_7' title="bbox 224 3301 1250 3443">
     <span class='ocr_line' id='line_1_47' title="bbox 267 3301 1250 3348; baseline -0.012 -4"><span class='ocrx_word' id='word_1_290' title='bbox 267 3316 275 3333; x_wconf 88' lang='lat'><strong>¹</strong></span> <span class='ocrx_word' id='word_1_291' title='bbox 296 3311 388 3345; x_wconf 85' lang='lat' dir='ltr'><em>Psal.</em></span> <span class='ocrx_word' id='word_1_292' title='bbox 409 3316 465 3348; x_wconf 77' lang='lat' dir='ltr'><em>cx,</em></span> <span class='ocrx_word' id='word_1_293' title='bbox 488 3312 516 3340; x_wconf 83' lang='grc'><em>1.</em></span> <span class='ocrx_word' id='word_1_294' title='bbox 536 3324 576 3330; x_wconf 91' lang='grc'>-</span> <span class='ocrx_word' id='word_1_295' title='bbox 595 3307 609 3327; x_wconf 76' lang='lat'>2</span> <span class='ocrx_word' id='word_1_296' title='bbox 624 3307 726 3344; x_wconf 61' lang='lat' dir='ltr'><em>Rom„</em></span> <span class='ocrx_word' id='word_1_297' title='bbox 748 3312 783 3344; x_wconf 82' lang='lat' dir='ltr'><em>x,</em></span> <span class='ocrx_word' id='word_1_298' title='bbox 805 3306 854 3335; x_wconf 84' lang='lat'><em>10.</em></span> <span class='ocrx_word' id='word_1_299' title='bbox 874 3320 915 3326; x_wconf 90' lang='lat'><strong>—</strong></span> <span class='ocrx_word' id='word_1_300' title='bbox 933 3303 947 3324; x_wconf 78' lang='lat'>⁸</span> <span class='ocrx_word' id='word_1_301' title='bbox 965 3301 1098 3342; x_wconf 76' lang='lat' dir='ltr'><em>Eplzes.,</em></span> <span class='ocrx_word' id='word_1_302' title='bbox 1117 3309 1148 3342; x_wconf 93' lang='lat' dir='ltr'><em>v,</em></span> <span class='ocrx_word' id='word_1_303' title='bbox 1165 3305 1195 3333; x_wconf 84' lang='grc'><em>6.</em></span> <span class='ocrx_word' id='word_1_304' title='bbox 1211 3320 1250 3326; x_wconf 85' lang='grc'><strong>-</strong></span> 
     </span>
     <span class='ocr_line' id='line_1_48' title="bbox 224 3349 1250 3396; baseline -0.01 -4"><span class='ocrx_word' id='word_1_305' title='bbox 224 3362 238 3383; x_wconf 72' lang='lat'>⁸</span> <span class='ocrx_word' id='word_1_306' title='bbox 255 3361 362 3395; x_wconf 81' lang='lat' dir='ltr'><em>Deut.,</em></span> <span class='ocrx_word' id='word_1_307' title='bbox 383 3364 465 3396; x_wconf 80' lang='lat' dir='ltr'><em>xxv,</em></span> <span class='ocrx_word' id='word_1_308' title='bbox 486 3357 516 3387; x_wconf 81' lang='lat'><em>2.</em></span> <span class='ocrx_word' id='word_1_309' title='bbox 543 3371 578 3377; x_wconf 88' lang='lat'>-</span> <span class='ocrx_word' id='word_1_310' title='bbox 603 3354 616 3375; x_wconf 78' lang='lat'>⁵</span> <span class='ocrx_word' id='word_1_311' title='bbox 634 3353 726 3393; x_wconf 81' lang='lat' dir='ltr'><em>Sap.,</em></span> <span class='ocrx_word' id='word_1_312' title='bbox 746 3358 815 3389; x_wconf 77' lang='lat' dir='ltr'><em>xii,</em></span> <span class='ocrx_word' id='word_1_313' title='bbox 841 3352 891 3382; x_wconf 79' lang='lat'><em>23.</em></span> <span class='ocrx_word' id='word_1_314' title='bbox 912 3366 953 3373; x_wconf 92' lang='lat'>-</span> <span class='ocrx_word' id='word_1_315' title='bbox 975 3350 987 3367; x_wconf 55' lang='grc' dir='ltr'><strong>θ</strong></span> <span class='ocrx_word' id='word_1_316' title='bbox 1006 3349 1119 3388; x_wconf 66' lang='lat' dir='ltr'><em>Deut„</em></span> <span class='ocrx_word' id='word_1_317' title='bbox 1139 3357 1250 3390; x_wconf 76' lang='lat' dir='ltr'><em>xxxii,</em></span> 
     </span>
     <span class='ocr_line' id='line_1_49' title="bbox 226 3398 1028 3443; baseline -0.016 -2"><span class='ocrx_word' id='word_1_318' title='bbox 226 3411 277 3441; x_wconf 81' lang='lat'><em>24.</em></span> <span class='ocrx_word' id='word_1_319' title='bbox 300 3426 334 3431; x_wconf 92' lang='lat'>-</span> <span class='ocrx_word' id='word_1_320' title='bbox 355 3408 369 3429; x_wconf 87' lang='lat'><em>&#39;¹</em></span> <span class='ocrx_word' id='word_1_321' title='bbox 391 3406 503 3443; x_wconf 66' lang='lat' dir='ltr'><em>Deut„</em></span> <span class='ocrx_word' id='word_1_322' title='bbox 524 3409 586 3443; x_wconf 83' lang='lat' dir='ltr'><em>vu,</em></span> <span class='ocrx_word' id='word_1_323' title='bbox 605 3404 636 3434; x_wconf 83' lang='lat'><em>6.</em></span> <span class='ocrx_word' id='word_1_324' title='bbox 658 3417 696 3425; x_wconf 89' lang='lat'>—</span> <span class='ocrx_word' id='word_1_325' title='bbox 717 3400 728 3419; x_wconf 76' lang='lat'>⁸</span> <span class='ocrx_word' id='word_1_326' title='bbox 747 3400 858 3437; x_wconf 86' lang='lat' dir='ltr'><em>Prov.,</em></span> <span class='ocrx_word' id='word_1_327' title='bbox 878 3405 955 3437; x_wconf 78' lang='lat' dir='ltr'><em>xlii,</em></span> <span class='ocrx_word' id='word_1_328' title='bbox 977 3398 1028 3430; x_wconf 76' lang='lat'><em>¹9.</em></span> 
     </span>
    </p>
   </div>
   <div class='ocr_carea' id='block_1_8' title="bbox 829 114 1749 165">
    <p class='ocr_par' dir='ltr' id='par_1_8' title="bbox 829 114 1749 165">
     <span class='ocr_line' id='line_1_50' title="bbox 829 114 1749 165; baseline -0.01 0"><span class='ocrx_word' id='word_1_329' title='bbox 829 118 1097 165; x_wconf 83' lang='lat' dir='ltr'><em>EXPOSlTlO</em></span> <span class='ocrx_word' id='word_1_330' title='bbox 1130 117 1179 157; x_wconf 88' lang='lat' dir='ltr'><em>IN</em></span> <span class='ocrx_word' id='word_1_331' title='bbox 1212 114 1410 162; x_wconf 88' lang='lat' dir='ltr'>LIBRUM</span> <span class='ocrx_word' id='word_1_332' title='bbox 1439 115 1749 157; x_wconf 84' lang='lat' dir='ltr'><strong>SAPIENTIAE.</strong></span> 
     </span>
    </p>
   </div>
   <div class='ocr_carea' id='block_1_9' title="bbox 1318 203 2361 3298">
    <p class='ocr_par' dir='ltr' id='par_1_9' title="bbox 1318 203 2350 1029">
     <span class='ocr_line' id='line_1_51' title="bbox 1318 203 2344 258; baseline 0.004 -15"><span class='ocrx_word' id='word_1_333' title='bbox 1318 203 1473 244; x_wconf 87' lang='grc'>56111661</span> <span class='ocrx_word' id='word_1_334' title='bbox 1484 204 1664 255; x_wconf 85' lang='lat' dir='ltr'><em>capitulo</em></span> <span class='ocrx_word' id='word_1_335' title='bbox 1678 204 1776 253; x_wconf 88' lang='lat' dir='ltr'><em>isto;</em></span> <span class='ocrx_word' id='word_1_336' title='bbox 1791 205 1972 245; x_wconf 86' lang='lat' dir='ltr'><em>secundo</em></span> <span class='ocrx_word' id='word_1_337' title='bbox 1985 204 2036 245; x_wconf 90' lang='lat' dir='ltr'><em>de</em></span> <span class='ocrx_word' id='word_1_338' title='bbox 2047 216 2172 257; x_wconf 84' lang='lat' dir='ltr'><em>poena</em></span> <span class='ocrx_word' id='word_1_339' title='bbox 2185 206 2344 258; x_wconf 88' lang='lat' dir='ltr'><em>damni,</em></span> 
     </span>
     <span class='ocr_line' id='line_1_52' title="bbox 1319 273 2348 327; baseline 0.006 -15"><span class='ocrx_word' id='word_1_340' title='bbox 1319 273 1472 314; x_wconf 88' lang='lat' dir='ltr'><em>scilicet</em></span> <span class='ocrx_word' id='word_1_341' title='bbox 1493 274 1542 313; x_wconf 89' lang='lat' dir='ltr'><em>de</em></span> <span class='ocrx_word' id='word_1_342' title='bbox 1568 273 1675 313; x_wconf 87' lang='lat' dir='ltr'><em>lucis</em></span> <span class='ocrx_word' id='word_1_343' title='bbox 1703 273 2007 323; x_wconf 83' lang='lat' dir='ltr'><em>subtractione,</em></span> <span class='ocrx_word' id='word_1_344' title='bbox 2030 276 2163 327; x_wconf 86' lang='lat' dir='ltr'><em>capite</em></span> <span class='ocrx_word' id='word_1_345' title='bbox 2186 276 2348 317; x_wconf 87' lang='lat' dir='ltr'><em>decimo</em></span> 
     </span>
     <span class='ocr_line' id='line_1_53' title="bbox 1319 342 2350 396; baseline 0.004 -14"><span class='ocrx_word' id='word_1_346' title='bbox 1319 343 1510 395; x_wconf 84' lang='lat' dir='ltr'><em>septimo.</em></span> <span class='ocrx_word' id='word_1_347' title='bbox 1542 343 1588 383; x_wconf 89' lang='lat' dir='ltr'><em>In</em></span> <span class='ocrx_word' id='word_1_348' title='bbox 1619 343 1780 395; x_wconf 85' lang='lat' dir='ltr'><em>prima,</em></span> <span class='ocrx_word' id='word_1_349' title='bbox 1806 342 1942 395; x_wconf 84' lang='lat' dir='ltr'><em>primo</em></span> <span class='ocrx_word' id='word_1_350' title='bbox 1972 344 2022 384; x_wconf 88' lang='lat' dir='ltr'><em>de</em></span> <span class='ocrx_word' id='word_1_351' title='bbox 2049 356 2173 396; x_wconf 83' lang='lat' dir='ltr'><em>poena</em></span> <span class='ocrx_word' id='word_1_352' title='bbox 2192 345 2350 386; x_wconf 86' lang='lat' dir='ltr'><em>inflicta</em></span> 
     </span>
     <span class='ocr_line' id='line_1_54' title="bbox 1320 413 2349 466; baseline 0.005 -15"><span class='ocrx_word' id='word_1_353' title='bbox 1320 426 1394 465; x_wconf 79' lang='lat' dir='ltr'><em>por</em></span> <span class='ocrx_word' id='word_1_354' title='bbox 1412 426 1479 453; x_wconf 85' lang='lat' dir='ltr'><em>res</em></span> <span class='ocrx_word' id='word_1_355' title='bbox 1502 414 1730 462; x_wconf 81' lang='lat' dir='ltr'><em>animatas3</em></span> <span class='ocrx_word' id='word_1_356' title='bbox 1754 413 1950 463; x_wconf 83' lang='lat' dir='ltr'><em>secundo,</em></span> <span class='ocrx_word' id='word_1_357' title='bbox 1972 413 2022 454; x_wconf 89' lang='lat' dir='ltr'><em>de</em></span> <span class='ocrx_word' id='word_1_358' title='bbox 2044 426 2169 466; x_wconf 81' lang='lat' dir='ltr'><em>poena</em></span> <span class='ocrx_word' id='word_1_359' title='bbox 2191 415 2349 456; x_wconf 87' lang='lat' dir='ltr'><em>inflicta</em></span> 
     </span>
     <span class='ocr_line' id='line_1_55' title="bbox 1319 483 2346 536; baseline 0.003 -13"><span class='ocrx_word' id='word_1_360' title='bbox 1319 496 1393 535; x_wconf 83' lang='lat' dir='ltr'><em>per</em></span> <span class='ocrx_word' id='word_1_361' title='bbox 1413 496 1479 524; x_wconf 87' lang='lat' dir='ltr'><em>res</em></span> <span class='ocrx_word' id='word_1_362' title='bbox 1498 485 1749 525; x_wconf 85' lang='lat' dir='ltr'><em>inanimatas</em></span> <span class='ocrx_word' id='word_1_363' title='bbox 1769 498 1777 523; x_wconf 93' lang='lat'>:</span> <span class='ocrx_word' id='word_1_364' title='bbox 1801 483 2012 536; x_wconf 70' lang='lat' dir='ltr'><em>Neqantes</em></span> <span class='ocrx_word' id='word_1_365' title='bbox 2032 489 2171 527; x_wconf 82' lang='lat' dir='ltr'><em>autem</em></span> <span class='ocrx_word' id='word_1_366' title='bbox 2192 489 2246 536; x_wconf 86' lang='lat' dir='ltr'><em>te,</em></span> <span class='ocrx_word' id='word_1_367' title='bbox 2268 488 2346 526; x_wconf 83' lang='lat' dir='ltr'><em>etc.</em></span> 
     </span>
     <span class='ocr_line' id='line_1_56' title="bbox 1322 552 2350 608; baseline 0.003 -15"><span class='ocrx_word' id='word_1_368' title='bbox 1322 552 1367 593; x_wconf 92' lang='lat' dir='ltr'><em>In</em></span> <span class='ocrx_word' id='word_1_369' title='bbox 1387 554 1538 606; x_wconf 88' lang='lat' dir='ltr'><em>prima,</em></span> <span class='ocrx_word' id='word_1_370' title='bbox 1563 555 1701 606; x_wconf 88' lang='lat' dir='ltr'><em>primo</em></span> <span class='ocrx_word' id='word_1_371' title='bbox 1722 554 1914 605; x_wconf 80' lang='lat' dir='ltr'><em>tangitur</em></span> <span class='ocrx_word' id='word_1_372' title='bbox 1934 553 2248 608; x_wconf 79' lang='lat' dir='ltr'><em>AEgyptiorum,</em></span> <span class='ocrx_word' id='word_1_373' title='bbox 2275 568 2350 608; x_wconf 90' lang='lat' dir='ltr'><em>per</em></span> 
     </span>
     <span class='ocr_line' id='line_1_57' title="bbox 1318 624 2350 677; baseline 0.004 -13"><span class='ocrx_word' id='word_1_374' title='bbox 1318 624 1420 664; x_wconf 87' lang='lat' dir='ltr'><em>vilia</em></span> <span class='ocrx_word' id='word_1_375' title='bbox 1438 625 1637 665; x_wconf 81' lang='lat' dir='ltr'><em>animalia</em></span> <span class='ocrx_word' id='word_1_376' title='bbox 1656 628 1696 665; x_wconf 90' lang='lat' dir='ltr'><em>et</em></span> <span class='ocrx_word' id='word_1_377' title='bbox 1712 625 1876 675; x_wconf 88' lang='lat' dir='ltr'><em>nociva,</em></span> <span class='ocrx_word' id='word_1_378' title='bbox 1898 624 2083 676; x_wconf 78' lang='lat' dir='ltr'><em>puniti03</em></span> <span class='ocrx_word' id='word_1_379' title='bbox 2104 627 2303 677; x_wconf 89' lang='lat' dir='ltr'><em>secundo,</em></span> <span class='ocrx_word' id='word_1_380' title='bbox 2328 640 2350 667; x_wconf 87' lang='grc'><em>6</em></span> 
     </span>
     <span class='ocr_line' id='line_1_58' title="bbox 1320 687 2349 748; baseline 0.002 -13"><span class='ocrx_word' id='word_1_381' title='bbox 1320 699 1464 736; x_wconf 87' lang='lat' dir='ltr'><em>contra</em></span> <span class='ocrx_word' id='word_1_382' title='bbox 1483 687 1782 747; x_wconf 68' lang='lat' dir='ltr'><em>Hebraeorum,</em></span> <span class='ocrx_word' id='word_1_383' title='bbox 1811 708 1886 748; x_wconf 85' lang='lat' dir='ltr'><em>per</em></span> <span class='ocrx_word' id='word_1_384' title='bbox 1905 695 2163 736; x_wconf 84' lang='lat' dir='ltr'><em>delectabili.1</em></span> <span class='ocrx_word' id='word_1_385' title='bbox 2187 698 2349 737; x_wconf 86' lang='lat' dir='ltr'><em>anima-</em></span> 
     </span>
     <span class='ocr_line' id='line_1_59' title="bbox 1319 766 2348 819; baseline 0.002 -13"><span class='ocrx_word' id='word_1_386' title='bbox 1319 766 1389 816; x_wconf 90' lang='lat' dir='ltr'><em>lia,</em></span> <span class='ocrx_word' id='word_1_387' title='bbox 1412 767 1637 807; x_wconf 89' lang='lat' dir='ltr'><em>consolatio</em></span> <span class='ocrx_word' id='word_1_388' title='bbox 1656 781 1664 807; x_wconf 78' lang='lat' dir='ltr'>z</span> <span class='ocrx_word' id='word_1_389' title='bbox 1695 767 1773 808; x_wconf 85' lang='lat' dir='ltr'><em>Pro</em></span> <span class='ocrx_word' id='word_1_390' title='bbox 1793 766 1969 819; x_wconf 79' lang='lat' dir='ltr'><em>quibus,</em></span> <span class='ocrx_word' id='word_1_391' title='bbox 1988 769 2088 816; x_wconf 89' lang='lat' dir='ltr'><em>etc.;</em></span> <span class='ocrx_word' id='word_1_392' title='bbox 2114 768 2256 818; x_wconf 87' lang='lat' dir='ltr'><em>tertio,</em></span> <span class='ocrx_word' id='word_1_393' title='bbox 2279 780 2348 808; x_wconf 83' lang='lat' dir='ltr'><em>eo-</em></span> 
     </span>
     <span class='ocr_line' id='line_1_60' title="bbox 1319 836 2347 881; baseline 0.004 -5"><span class='ocrx_word' id='word_1_394' title='bbox 1319 848 1418 876; x_wconf 88' lang='lat' dir='ltr'><em>rum</em></span> <span class='ocrx_word' id='word_1_395' title='bbox 1451 837 1503 877; x_wconf 87' lang='lat' dir='ltr'><em>ab</em></span> <span class='ocrx_word' id='word_1_396' title='bbox 1532 837 1786 877; x_wconf 76' lang='lat' dir='ltr'><em>animalibus</em></span> <span class='ocrx_word' id='word_1_397' title='bbox 1818 836 1980 877; x_wconf 81' lang='lat' dir='ltr'><em>nocivis</em></span> <span class='ocrx_word' id='word_1_398' title='bbox 2012 837 2232 878; x_wconf 87' lang='lat' dir='ltr'><em>liberatio:</em></span> <span class='ocrx_word' id='word_1_399' title='bbox 2270 839 2347 881; x_wconf 87' lang='lat' dir='ltr'><em>Et·</em></span> 
     </span>
     <span class='ocr_line' id='line_1_61' title="bbox 1320 907 2350 960; baseline 0.001 -12"><span class='ocrx_word' id='word_1_400' title='bbox 1320 908 1452 957; x_wconf 84' lang='lat' dir='ltr'><em>enim,</em></span> <span class='ocrx_word' id='word_1_401' title='bbox 1475 911 1574 958; x_wconf 86' lang='lat' dir='ltr'><em>etc.;</em></span> <span class='ocrx_word' id='word_1_402' title='bbox 1607 910 1775 960; x_wconf 80' lang='lat' dir='ltr'><em>quarto,</em></span> <span class='ocrx_word' id='word_1_403' title='bbox 1810 907 2022 959; x_wconf 54' lang='lat' dir='ltr'><em>praedicta}</em></span> <span class='ocrx_word' id='word_1_404' title='bbox 2042 908 2287 960; x_wconf 86' lang='lat' dir='ltr'><em>punitionis,</em></span> <span class='ocrx_word' id='word_1_405' title='bbox 2310 912 2350 949; x_wconf 87' lang='lat' dir='ltr'><em>et</em></span> 
     </span>
     <span class='ocr_line' id='line_1_62' title="bbox 1318 977 2175 1029; baseline 0.004 -12"><span class='ocrx_word' id='word_1_406' title='bbox 1318 978 1576 1018; x_wconf 79' lang='lat' dir='ltr'><em>liberationis</em></span> <span class='ocrx_word' id='word_1_407' title='bbox 1596 978 1727 1018; x_wconf 88' lang='lat' dir='ltr'><em>ratio:</em></span> <span class='ocrx_word' id='word_1_408' title='bbox 1750 979 1802 1018; x_wconf 87' lang='lat' dir='ltr'><em>In</em></span> <span class='ocrx_word' id='word_1_409' title='bbox 1823 977 1897 1019; x_wconf 76' lang='lat' dir='ltr'><em>lioc</em></span> <span class='ocrx_word' id='word_1_410' title='bbox 1921 982 2077 1029; x_wconf 85' lang='lat' dir='ltr'><em>autem,</em></span> <span class='ocrx_word' id='word_1_411' title='bbox 2097 982 2175 1019; x_wconf 87' lang='grc'>616.</span> 
     </span>
    </p>

    <p class='ocr_par' dir='ltr' id='par_1_10' title="bbox 1319 1048 2359 2220">
     <span class='ocr_line' id='line_1_63' title="bbox 1372 1048 2351 1101; baseline 0.005 -13"><span class='ocrx_word' id='word_1_412' title='bbox 1372 1048 1548 1100; x_wconf 75' lang='lat' dir='ltr'><em>Propter</em></span> <span class='ocrx_word' id='word_1_413' title='bbox 1575 1048 1682 1098; x_wconf 79' lang='lat' dir='ltr'><em>lioec,</em></span> <span class='ocrx_word' id='word_1_414' title='bbox 1713 1048 1887 1098; x_wconf 85' lang='lat' dir='ltr'><em>scilicet,</em></span> <span class='ocrx_word' id='word_1_415' title='bbox 1921 1051 2025 1100; x_wconf 81' lang='lat' dir='ltr'><em>quia</em></span> <span class='ocrx_word' id='word_1_416' title='bbox 2047 1051 2215 1101; x_wconf 69' lang='lat' dir='ltr'><em>infirmi</em></span> <span class='ocrx_word' id='word_1_417' title='bbox 2241 1051 2351 1093; x_wconf 88' lang='lat' dir='ltr'><em>cole-</em></span> 
     </span>
     <span class='ocr_line' id='line_1_64' title="bbox 1321 1118 2348 1173; baseline 0.002 -13"><span class='ocrx_word' id='word_1_418' title='bbox 1321 1120 1419 1161; x_wconf 80' lang='lat' dir='ltr'><em>banc</em></span> <span class='ocrx_word' id='word_1_419' title='bbox 1441 1118 1577 1169; x_wconf 80' lang='lat' dir='ltr'><em>idola,</em></span> <span class='ocrx_word' id='word_1_420' title='bbox 1602 1119 1691 1159; x_wconf 86' lang='lat' dir='ltr'><em>sive</em></span> <span class='ocrx_word' id='word_1_421' title='bbox 1705 1121 1875 1171; x_wconf 83' lang='lat' dir='ltr'><em>propter</em></span> <span class='ocrx_word' id='word_1_422' title='bbox 1892 1119 2139 1161; x_wconf 71' lang='lat' dir='ltr'><em>idololatriae</em></span> <span class='ocrx_word' id='word_1_423' title='bbox 2159 1124 2348 1173; x_wconf 85' lang='lat' dir='ltr'><em>peccata;</em></span> 
     </span>
     <span class='ocr_line' id='line_1_65' title="bbox 1320 1188 2353 1244; baseline 0.001 -12"><span class='ocrx_word' id='word_1_424' title='bbox 1320 1194 1359 1232; x_wconf 85' lang='lat' dir='ltr'><em>et</em></span> <span class='ocrx_word' id='word_1_425' title='bbox 1390 1189 1455 1231; x_wconf 79' lang='lat' dir='ltr'><em>liis</em></span> <span class='ocrx_word' id='word_1_426' title='bbox 1482 1188 1669 1239; x_wconf 85' lang='lat' dir='ltr'><em>similia,</em></span> <span class='ocrx_word' id='word_1_427' title='bbox 1699 1189 1741 1228; x_wconf 85' lang='lat' dir='ltr'><em>id</em></span> <span class='ocrx_word' id='word_1_428' title='bbox 1771 1190 1848 1239; x_wconf 88' lang='lat' dir='ltr'><em>est,</em></span> <span class='ocrx_word' id='word_1_429' title='bbox 1875 1191 2046 1242; x_wconf 82' lang='lat' dir='ltr'><em>propter</em></span> <span class='ocrx_word' id='word_1_430' title='bbox 2074 1190 2155 1231; x_wconf 88' lang='lat' dir='ltr'><em>alia</em></span> <span class='ocrx_word' id='word_1_431' title='bbox 2186 1196 2353 1244; x_wconf 86' lang='lat' dir='ltr'><em>peccata</em></span> 
     </span>
     <span class='ocr_line' id='line_1_66' title="bbox 1319 1259 2354 1313; baseline 0.005 -13"><span class='ocrx_word' id='word_1_432' title='bbox 1319 1260 1567 1301; x_wconf 81' lang='lat' dir='ltr'><em>idololatriae</em></span> <span class='ocrx_word' id='word_1_433' title='bbox 1608 1259 1819 1312; x_wconf 80' lang='lat' dir='ltr'><em>praedietis</em></span> <span class='ocrx_word' id='word_1_434' title='bbox 1856 1260 2011 1300; x_wconf 83' lang='lat' dir='ltr'><em>similia</em></span> <span class='ocrx_word' id='word_1_435' title='bbox 2039 1276 2047 1302; x_wconf 91' lang='lat'>:</span> <span class='ocrx_word' id='word_1_436' title='bbox 2094 1263 2215 1313; x_wconf 83' lang='lat' dir='ltr'><em>passi</em></span> <span class='ocrx_word' id='word_1_437' title='bbox 2253 1266 2354 1305; x_wconf 88' lang='lat' dir='ltr'><em>sunt</em></span> 
     </span>
     <span class='ocr_line' id='line_1_67' title="bbox 1320 1330 2353 1384; baseline 0.001 -12"><span class='ocrx_word' id='word_1_438' title='bbox 1320 1331 1451 1383; x_wconf 66' lang='lat' dir='ltr'><em>dione</em></span> <span class='ocrx_word' id='word_1_439' title='bbox 1473 1334 1680 1373; x_wconf 82' lang='lat' dir='ltr'><em>tormenta</em></span> <span class='ocrx_word' id='word_1_440' title='bbox 1689 1343 1705 1383; x_wconf 93' lang='lat'><em>,·</em></span> <span class='ocrx_word' id='word_1_441' title='bbox 1726 1330 1840 1370; x_wconf 90' lang='lat' dir='ltr'><em>unde</em></span> <span class='ocrx_word' id='word_1_442' title='bbox 1855 1330 1887 1371; x_wconf 80' lang='lat'><em>³:</em></span> <span class='ocrx_word' id='word_1_443' title='bbox 1911 1345 1930 1368; x_wconf 76' lang='grc' dir='ltr'><em>(ι</em></span> <span class='ocrx_word' id='word_1_444' title='bbox 1950 1330 2122 1384; x_wconf 85' lang='lat' dir='ltr'><em>Propter</em></span> <span class='ocrx_word' id='word_1_445' title='bbox 2138 1332 2218 1373; x_wconf 90' lang='grc'>1106</span> <span class='ocrx_word' id='word_1_446' title='bbox 2237 1334 2353 1374; x_wconf 87' lang='lat' dir='ltr'><em>venit</em></span> 
     </span>
     <span class='ocr_line' id='line_1_68' title="bbox 1320 1401 2354 1445; baseline 0.002 -3"><span class='ocrx_word' id='word_1_447' title='bbox 1320 1401 1384 1442; x_wconf 89' lang='lat' dir='ltr'><em>ira</em></span> <span class='ocrx_word' id='word_1_448' title='bbox 1415 1402 1486 1442; x_wconf 89' lang='lat' dir='ltr'><em>Dei</em></span> <span class='ocrx_word' id='word_1_449' title='bbox 1518 1402 1563 1442; x_wconf 92' lang='lat' dir='ltr'><em>in</em></span> <span class='ocrx_word' id='word_1_450' title='bbox 1590 1402 1699 1442; x_wconf 84' lang='lat' dir='ltr'><em>filios</em></span> <span class='ocrx_word' id='word_1_451' title='bbox 1729 1401 1987 1442; x_wconf 57' lang='lat' dir='ltr'><em>diffidentiae.</em></span> <span class='ocrx_word' id='word_1_452' title='bbox 2021 1416 2039 1439; x_wconf 79' lang='lat' dir='ltr'><em>n</em></span> <span class='ocrx_word' id='word_1_453' title='bbox 2073 1402 2156 1443; x_wconf 50' lang='grc' dir='ltr'><em>Ε1ὦ</em></span> <span class='ocrx_word' id='word_1_454' title='bbox 2184 1415 2193 1443; x_wconf 77' lang='lat' dir='ltr'><em>t</em></span> <span class='ocrx_word' id='word_1_455' title='bbox 2220 1419 2240 1442; x_wconf 72' lang='lat' dir='ltr'><em>a</em></span> <span class='ocrx_word' id='word_1_456' title='bbox 2271 1403 2354 1445; x_wconf 85' lang='lat' dir='ltr'><em>Pro</em></span> 
     </span>
     <span class='ocr_line' id='line_1_69' title="bbox 1321 1472 2347 1526; baseline -0.003 -13"><span class='ocrx_word' id='word_1_457' title='bbox 1321 1484 1525 1514; x_wconf 86' lang='lat' dir='ltr'><em>mensura</em></span> <span class='ocrx_word' id='word_1_458' title='bbox 1544 1472 1721 1526; x_wconf 85' lang='lat' dir='ltr'><em>peccati,</em></span> <span class='ocrx_word' id='word_1_459' title='bbox 1739 1473 1817 1513; x_wconf 84' lang='lat' dir='ltr'><em>erit</em></span> <span class='ocrx_word' id='word_1_460' title='bbox 1837 1475 1876 1513; x_wconf 89' lang='lat' dir='ltr'><em>ct</em></span> <span class='ocrx_word' id='word_1_461' title='bbox 1896 1473 2123 1525; x_wconf 81' lang='lat' dir='ltr'><em>plagarum</em></span> <span class='ocrx_word' id='word_1_462' title='bbox 2146 1474 2309 1515; x_wconf 82' lang='lat' dir='ltr'><em>modus.</em></span> <span class='ocrx_word' id='word_1_463' title='bbox 2329 1488 2347 1511; x_wconf 86' lang='lat'>»</span> 
     </span>
     <span class='ocr_line' id='line_1_70' title="bbox 1323 1543 2356 1596; baseline 0 -12"><span class='ocrx_word' id='word_1_464' title='bbox 1323 1543 1416 1584; x_wconf 93' lang='lat' dir='ltr'><em>Non</em></span> <span class='ocrx_word' id='word_1_465' title='bbox 1437 1544 1551 1585; x_wconf 88' lang='lat' dir='ltr'><em>enim</em></span> <span class='ocrx_word' id='word_1_466' title='bbox 1572 1544 1692 1584; x_wconf 86' lang='lat' dir='ltr'><em>dehet</em></span> <span class='ocrx_word' id='word_1_467' title='bbox 1712 1556 1802 1584; x_wconf 84' lang='lat' dir='ltr'><em>esse</em></span> <span class='ocrx_word' id='word_1_468' title='bbox 1824 1543 2004 1584; x_wconf 83' lang='lat' dir='ltr'><em>dedecus</em></span> <span class='ocrx_word' id='word_1_469' title='bbox 2025 1544 2160 1596; x_wconf 82' lang='lat' dir='ltr'><em>eulpae</em></span> <span class='ocrx_word' id='word_1_470' title='bbox 2181 1544 2271 1584; x_wconf 87' lang='lat' dir='ltr'><em>sine</em></span> <span class='ocrx_word' id='word_1_471' title='bbox 2288 1544 2356 1585; x_wconf 89' lang='lat' dir='ltr'><em>de-</em></span> 
     </span>
     <span class='ocr_line' id='line_1_71' title="bbox 1323 1613 2353 1667; baseline 0 -13"><span class='ocrx_word' id='word_1_472' title='bbox 1323 1626 1418 1655; x_wconf 86' lang='lat' dir='ltr'><em>core</em></span> <span class='ocrx_word' id='word_1_473' title='bbox 1444 1615 1645 1667; x_wconf 58' lang='grc' dir='ltr'><em>ι1115111116,</em></span> <span class='ocrx_word' id='word_1_474' title='bbox 1673 1614 1741 1655; x_wconf 89' lang='lat' dir='ltr'><em>vel</em></span> <span class='ocrx_word' id='word_1_475' title='bbox 1760 1613 1977 1664; x_wconf 64' lang='lat' dir='ltr'><em>vindictae,</em></span> <span class='ocrx_word' id='word_1_476' title='bbox 2010 1614 2244 1654; x_wconf 84' lang='lat' dir='ltr'><em>secundum</em></span> <span class='ocrx_word' id='word_1_477' title='bbox 2264 1614 2353 1655; x_wconf 90' lang='lat' dir='ltr'><em>Au-</em></span> 
     </span>
     <span class='ocr_line' id='line_1_72' title="bbox 1324 1684 2352 1737; baseline 0.001 -12"><span class='ocrx_word' id='word_1_478' title='bbox 1324 1685 1563 1737; x_wconf 82' lang='lat' dir='ltr'><em>gustinum.</em></span> <span class='ocrx_word' id='word_1_479' title='bbox 1586 1684 1646 1726; x_wconf 92' lang='lat' dir='ltr'><em>Et</em></span> <span class='ocrx_word' id='word_1_480' title='bbox 1666 1695 1743 1737; x_wconf 73' lang='lat' dir='ltr'><em>per</em></span> <span class='ocrx_word' id='word_1_481' title='bbox 1763 1684 2081 1727; x_wconf 71' lang='lat' dir='ltr'><em>multitudinem</em></span> <span class='ocrx_word' id='word_1_482' title='bbox 2101 1685 2352 1736; x_wconf 85' lang='lat' dir='ltr'><em>bestiarum,</em></span> 
     </span>
     <span class='ocr_line' id='line_1_73' title="bbox 1321 1755 2352 1808; baseline 0 -11"><span class='ocrx_word' id='word_1_483' title='bbox 1321 1760 1480 1797; x_wconf 86' lang='lat' dir='ltr'><em>terram</em></span> <span class='ocrx_word' id='word_1_484' title='bbox 1507 1755 1662 1796; x_wconf 88' lang='lat' dir='ltr'><em>scilicet</em></span> <span class='ocrx_word' id='word_1_485' title='bbox 1688 1768 1835 1796; x_wconf 88' lang='lat' dir='ltr'><em>eorum</em></span> <span class='ocrx_word' id='word_1_486' title='bbox 1856 1757 2136 1808; x_wconf 75' lang='lat' dir='ltr'><em>vastantium,</em></span> <span class='ocrx_word' id='word_1_487' title='bbox 2166 1759 2212 1797; x_wconf 82' lang='lat' dir='ltr'><em>ut</em></span> <span class='ocrx_word' id='word_1_488' title='bbox 2238 1769 2352 1798; x_wconf 90' lang='lat' dir='ltr'><em>mus-</em></span> 
     </span>
     <span class='ocr_line' id='line_1_74' title="bbox 1324 1826 2356 1881; baseline 0.001 -13"><span class='ocrx_word' id='word_1_489' title='bbox 1324 1839 1469 1868; x_wconf 87' lang='lat' dir='ltr'><em>carum</em></span> <span class='ocrx_word' id='word_1_490' title='bbox 1484 1859 1494 1877; x_wconf 85' lang='lat'><em>,</em></span> <span class='ocrx_word' id='word_1_491' title='bbox 1515 1826 1777 1867; x_wconf 85' lang='lat' dir='ltr'><em>locustarum</em></span> <span class='ocrx_word' id='word_1_492' title='bbox 1794 1859 1804 1877; x_wconf 92' lang='lat'><em>,</em></span> <span class='ocrx_word' id='word_1_493' title='bbox 1830 1829 1870 1867; x_wconf 88' lang='lat' dir='ltr'><em>et</em></span> <span class='ocrx_word' id='word_1_494' title='bbox 1891 1840 2094 1869; x_wconf 89' lang='lat' dir='ltr'><em>ranarum</em></span> <span class='ocrx_word' id='word_1_495' title='bbox 2108 1859 2119 1878; x_wconf 88' lang='lat'><strong>‚</strong></span> <span class='ocrx_word' id='word_1_496' title='bbox 2142 1831 2182 1869; x_wconf 90' lang='grc'><em>61</em></span> <span class='ocrx_word' id='word_1_497' title='bbox 2202 1829 2356 1881; x_wconf 85' lang='lat' dir='ltr'><em>hujus-</em></span> 
     </span>
     <span class='ocr_line' id='line_1_75' title="bbox 1323 1898 2356 1951; baseline 0 -12"><span class='ocrx_word' id='word_1_498' title='bbox 1323 1898 1460 1948; x_wconf 79' lang='lat' dir='ltr'><em>modi3</em></span> <span class='ocrx_word' id='word_1_499' title='bbox 1482 1898 1756 1940; x_wconf 70' lang='lat' dir='ltr'><em>exterminati</em></span> <span class='ocrx_word' id='word_1_500' title='bbox 1776 1902 1897 1949; x_wconf 79' lang='lat' dir='ltr'><em>sunt,</em></span> <span class='ocrx_word' id='word_1_501' title='bbox 1920 1899 1962 1939; x_wconf 90' lang='lat' dir='ltr'><em>id</em></span> <span class='ocrx_word' id='word_1_502' title='bbox 1981 1901 2062 1950; x_wconf 83' lang='lat' dir='ltr'><em>est,</em></span> <span class='ocrx_word' id='word_1_503' title='bbox 2087 1899 2277 1951; x_wconf 79' lang='lat' dir='ltr'><em>graviter</em></span> <span class='ocrx_word' id='word_1_504' title='bbox 2296 1900 2356 1940; x_wconf 83' lang='lat' dir='ltr'><em>af-</em></span> 
     </span>
     <span class='ocr_line' id='line_1_76' title="bbox 1322 1968 2357 2020; baseline 0.001 -11"><span class='ocrx_word' id='word_1_505' title='bbox 1322 1969 1445 2019; x_wconf 86' lang='lat' dir='ltr'><em>flicti,</em></span> <span class='ocrx_word' id='word_1_506' title='bbox 1468 1971 1507 2009; x_wconf 88' lang='lat' dir='ltr'><em>et</em></span> <span class='ocrx_word' id='word_1_507' title='bbox 1526 1969 1631 2009; x_wconf 86' lang='lat' dir='ltr'><em>forte</em></span> <span class='ocrx_word' id='word_1_508' title='bbox 1651 1968 1781 2020; x_wconf 83' lang='lat' dir='ltr'><em>aliqui</em></span> <span class='ocrx_word' id='word_1_509' title='bbox 1802 1981 1952 2009; x_wconf 86' lang='lat' dir='ltr'><em>eorum</em></span> <span class='ocrx_word' id='word_1_510' title='bbox 1978 1969 2123 2019; x_wconf 89' lang='lat' dir='ltr'><em>occisi;</em></span> <span class='ocrx_word' id='word_1_511' title='bbox 2149 1969 2258 2010; x_wconf 89' lang='lat' dir='ltr'><em>unde</em></span> <span class='ocrx_word' id='word_1_512' title='bbox 2286 1982 2357 2010; x_wconf 91' lang='lat' dir='ltr'><em>su-</em></span> 
     </span>
     <span class='ocr_line' id='line_1_77' title="bbox 1324 2039 2359 2092; baseline 0.001 -13"><span class='ocrx_word' id='word_1_513' title='bbox 1324 2051 1400 2092; x_wconf 82' lang='lat' dir='ltr'><em>pra</em></span> <span class='ocrx_word' id='word_1_514' title='bbox 1418 2043 1431 2065; x_wconf 80' lang='lat'><em>¹⁵</em></span> <span class='ocrx_word' id='word_1_515' title='bbox 1452 2054 1460 2079; x_wconf 92' lang='lat'>:</span> <span class='ocrx_word' id='word_1_516' title='bbox 1485 2055 1504 2078; x_wconf 79' lang='grc' dir='ltr'><em>(ι</em></span> <span class='ocrx_word' id='word_1_517' title='bbox 1525 2039 1602 2080; x_wconf 88' lang='lat' dir='ltr'><em>Per</em></span> <span class='ocrx_word' id='word_1_518' title='bbox 1622 2039 1730 2089; x_wconf 81' lang='lat' dir='ltr'><em>haec,</em></span> <span class='ocrx_word' id='word_1_519' title='bbox 1754 2051 1850 2091; x_wconf 85' lang='lat' dir='ltr'><em>quae</em></span> <span class='ocrx_word' id='word_1_520' title='bbox 1871 2039 2108 2090; x_wconf 82' lang='lat' dir='ltr'><em>coluerunt,</em></span> <span class='ocrx_word' id='word_1_521' title='bbox 2132 2039 2280 2080; x_wconf 88' lang='lat' dir='ltr'><em>dedisti</em></span> <span class='ocrx_word' id='word_1_522' title='bbox 2300 2040 2359 2080; x_wconf 85' lang='lat' dir='ltr'><em>eis</em></span> 
     </span>
     <span class='ocr_line' id='line_1_78' title="bbox 1324 2110 2358 2160; baseline 0 -10"><span class='ocrx_word' id='word_1_523' title='bbox 1324 2122 1492 2150; x_wconf 87' lang='lat' dir='ltr'><em>summa</em></span> <span class='ocrx_word' id='word_1_524' title='bbox 1511 2112 1739 2160; x_wconf 78' lang='lat' dir='ltr'><em>tormenta;</em></span> <span class='ocrx_word' id='word_1_525' title='bbox 1762 2124 1781 2148; x_wconf 78' lang='grc'><em>1)</em></span> <span class='ocrx_word' id='word_1_526' title='bbox 1802 2112 1842 2150; x_wconf 89' lang='grc'><em>61</em></span> <span class='ocrx_word' id='word_1_527' title='bbox 1862 2110 1898 2151; x_wconf 87' lang='lat'><em>⁶:</em></span> <span class='ocrx_word' id='word_1_528' title='bbox 1922 2124 1941 2148; x_wconf 74' lang='grc' dir='ltr'><em>ε(</em></span> <span class='ocrx_word' id='word_1_529' title='bbox 1960 2110 2110 2151; x_wconf 87' lang='lat' dir='ltr'><em>Dentes</em></span> <span class='ocrx_word' id='word_1_530' title='bbox 2129 2110 2358 2152; x_wconf 84' lang='lat' dir='ltr'><em>bestiarum</em></span> 
     </span>
     <span class='ocr_line' id='line_1_79' title="bbox 1325 2179 1760 2220; baseline -0.007 0"><span class='ocrx_word' id='word_1_531' title='bbox 1325 2180 1553 2220; x_wconf 85' lang='lat' dir='ltr'><em>immittam</em></span> <span class='ocrx_word' id='word_1_532' title='bbox 1573 2179 1617 2219; x_wconf 91' lang='lat' dir='ltr'><em>in</em></span> <span class='ocrx_word' id='word_1_533' title='bbox 1637 2191 1722 2220; x_wconf 86' lang='grc'>605.</span> <span class='ocrx_word' id='word_1_534' title='bbox 1742 2194 1760 2217; x_wconf 79' lang='lat' dir='ltr'><em>n</em></span> 
     </span>
    </p>

    <p class='ocr_par' dir='ltr' id='par_1_11' title="bbox 1321 2251 2361 3298">
     <span class='ocr_line' id='line_1_80' title="bbox 1378 2251 2360 2304; baseline 0.001 -12"><span class='ocrx_word' id='word_1_535' title='bbox 1378 2254 1417 2292; x_wconf 74' lang='lat'><em>2.</em></span> <span class='ocrx_word' id='word_1_536' title='bbox 1442 2252 1521 2293; x_wconf 90' lang='lat' dir='ltr'><em>Pro</em></span> <span class='ocrx_word' id='word_1_537' title='bbox 1532 2251 1685 2304; x_wconf 82' lang='lat' dir='ltr'><em>quibus</em></span> <span class='ocrx_word' id='word_1_538' title='bbox 1702 2253 1933 2302; x_wconf 86' lang='lat' dir='ltr'><em>tormentis,</em></span> <span class='ocrx_word' id='word_1_539' title='bbox 1952 2253 2031 2292; x_wconf 87' lang='grc'>616.</span> <span class='ocrx_word' id='word_1_540' title='bbox 2051 2266 2059 2292; x_wconf 91' lang='lat'>:</span> <span class='ocrx_word' id='word_1_541' title='bbox 2081 2251 2150 2292; x_wconf 90' lang='lat' dir='ltr'><em>hic</em></span> <span class='ocrx_word' id='word_1_542' title='bbox 2165 2251 2360 2304; x_wconf 82' lang='lat' dir='ltr'><em>tangitur</em></span> 
     </span>
     <span class='ocr_line' id='line_1_81' title="bbox 1326 2323 2361 2376; baseline -0.001 -12"><span class='ocrx_word' id='word_1_543' title='bbox 1326 2323 1611 2365; x_wconf 87' lang='lat' dir='ltr'><em>Israelitarum</em></span> <span class='ocrx_word' id='word_1_544' title='bbox 1620 2323 1861 2372; x_wconf 73' lang='lat' dir='ltr'><em>consolatio,</em></span> <span class='ocrx_word' id='word_1_545' title='bbox 1874 2326 1914 2363; x_wconf 89' lang='lat' dir='ltr'><em>et</em></span> <span class='ocrx_word' id='word_1_546' title='bbox 1928 2323 2066 2376; x_wconf 88' lang='lat' dir='ltr'><em>primo</em></span> <span class='ocrx_word' id='word_1_547' title='bbox 2080 2323 2253 2376; x_wconf 89' lang='lat' dir='ltr'><em>ponitur</em></span> <span class='ocrx_word' id='word_1_548' title='bbox 2267 2335 2361 2364; x_wconf 91' lang='lat' dir='ltr'><em>con-</em></span> 
     </span>
     <span class='ocr_line' id='line_1_82' title="bbox 1325 2393 2357 2445; baseline -0.002 -10"><span class='ocrx_word' id='word_1_549' title='bbox 1325 2394 1540 2435; x_wconf 88' lang='lat' dir='ltr'><em>solationis</em></span> <span class='ocrx_word' id='word_1_550' title='bbox 1555 2395 1705 2435; x_wconf 86' lang='lat' dir='ltr'><em>modus</em></span> <span class='ocrx_word' id='word_1_551' title='bbox 1719 2407 1729 2445; x_wconf 91' lang='lat'>;</span> <span class='ocrx_word' id='word_1_552' title='bbox 1745 2394 1927 2434; x_wconf 86' lang='lat' dir='ltr'><em>secundo</em></span> <span class='ocrx_word' id='word_1_553' title='bbox 1941 2406 2083 2434; x_wconf 87' lang='lat' dir='ltr'><em>causa:</em></span> <span class='ocrx_word' id='word_1_554' title='bbox 2110 2393 2248 2444; x_wconf 80' lang='lat' dir='ltr'><em>Utillz‘,</em></span> <span class='ocrx_word' id='word_1_555' title='bbox 2261 2396 2339 2434; x_wconf 89' lang='lat' dir='ltr'><em>etc.</em></span> <span class='ocrx_word' id='word_1_556' title='bbox 2346 2408 2357 2443; x_wconf 88' lang='lat'>;</span> 
     </span>
     <span class='ocr_line' id='line_1_83' title="bbox 1325 2465 2360 2517; baseline 0.001 -12"><span class='ocrx_word' id='word_1_557' title='bbox 1325 2465 1447 2506; x_wconf 90' lang='lat' dir='ltr'><em>tertio</em></span> <span class='ocrx_word' id='word_1_558' title='bbox 1459 2465 1669 2506; x_wconf 87' lang='lat' dir='ltr'><em>celeritas:</em></span> <span class='ocrx_word' id='word_1_559' title='bbox 1688 2465 1729 2507; x_wconf 83' lang='lat' dir='ltr'><em>Ii</em></span> <span class='ocrx_word' id='word_1_560' title='bbox 1742 2468 1897 2515; x_wconf 84' lang='lat' dir='ltr'><em>autem,</em></span> <span class='ocrx_word' id='word_1_561' title='bbox 1923 2467 2018 2515; x_wconf 85' lang='lat' dir='ltr'><em>etc.;</em></span> <span class='ocrx_word' id='word_1_562' title='bbox 2035 2467 2186 2517; x_wconf 86' lang='lat' dir='ltr'><em>quarto</em></span> <span class='ocrx_word' id='word_1_563' title='bbox 2201 2465 2360 2506; x_wconf 87' lang='lat' dir='ltr'><em>accele-</em></span> 
     </span>
     <span class='ocr_line' id='line_1_84' title="bbox 1325 2536 2361 2590; baseline 0.001 -13"><span class='ocrx_word' id='word_1_564' title='bbox 1325 2536 1501 2577; x_wconf 83' lang='lat' dir='ltr'><em>rationis</em></span> <span class='ocrx_word' id='word_1_565' title='bbox 1513 2537 1807 2590; x_wconf 80' lang='lat' dir='ltr'><em>opportunitas</em></span> <span class='ocrx_word' id='word_1_566' title='bbox 1822 2537 2074 2589; x_wconf 77' lang='lat' dir='ltr'><em>:Oportebac,</em></span> <span class='ocrx_word' id='word_1_567' title='bbox 2086 2540 2165 2577; x_wconf 88' lang='lat' dir='ltr'><em>etc.</em></span> <span class='ocrx_word' id='word_1_568' title='bbox 2180 2537 2259 2579; x_wconf 87' lang='lat' dir='ltr'><em>Pro</em></span> <span class='ocrx_word' id='word_1_569' title='bbox 2268 2538 2361 2590; x_wconf 76' lang='lat' dir='ltr'><em>qui-</em></span> 
     </span>
     <span class='ocr_line' id='line_1_85' title="bbox 1326 2607 2358 2659; baseline -0.001 -11"><span class='ocrx_word' id='word_1_570' title='bbox 1326 2607 1400 2648; x_wconf 82' lang='lat' dir='ltr'><em>bus</em></span> <span class='ocrx_word' id='word_1_571' title='bbox 1420 2608 1663 2657; x_wconf 87' lang='lat' dir='ltr'><em>tormentis,</em></span> <span class='ocrx_word' id='word_1_572' title='bbox 1695 2607 1737 2646; x_wconf 89' lang='lat' dir='ltr'><em>id</em></span> <span class='ocrx_word' id='word_1_573' title='bbox 1760 2609 1836 2657; x_wconf 87' lang='lat' dir='ltr'><em>est,</em></span> <span class='ocrx_word' id='word_1_574' title='bbox 1859 2607 1949 2647; x_wconf 91' lang='grc'>1060</span> <span class='ocrx_word' id='word_1_575' title='bbox 1969 2619 2154 2659; x_wconf 89' lang='lat' dir='ltr'><em>quorum</em></span> <span class='ocrx_word' id='word_1_576' title='bbox 2171 2610 2358 2648; x_wconf 88' lang='lat' dir='ltr'><em>tormen-</em></span> 
     </span>
     <span class='ocr_line' id='line_1_86' title="bbox 1324 2677 2361 2730; baseline 0.004 -14"><span class='ocrx_word' id='word_1_577' title='bbox 1324 2678 1491 2727; x_wconf 88' lang='lat' dir='ltr'><em>torum,</em></span> <span class='ocrx_word' id='word_1_578' title='bbox 1518 2677 1638 2729; x_wconf 85' lang='lat' dir='ltr'><em>quasi</em></span> <span class='ocrx_word' id='word_1_579' title='bbox 1666 2687 1685 2718; x_wconf 92' lang='lat' dir='ltr'><em>e</em></span> <span class='ocrx_word' id='word_1_580' title='bbox 1708 2678 1951 2727; x_wconf 86' lang='lat' dir='ltr'><em>contrario,</em></span> <span class='ocrx_word' id='word_1_581' title='bbox 1975 2678 2074 2718; x_wconf 87' lang='lat' dir='ltr'><em>bene</em></span> <span class='ocrx_word' id='word_1_582' title='bbox 2102 2677 2361 2730; x_wconf 78' lang='lat' dir='ltr'><em>disposuisti</em></span> 
     </span>
     <span class='ocr_line' id='line_1_87' title="bbox 1321 2748 2359 2801; baseline -0.002 -11"><span class='ocrx_word' id='word_1_583' title='bbox 1321 2748 1525 2800; x_wconf 78' lang='lat' dir='ltr'><em>populum</em></span> <span class='ocrx_word' id='word_1_584' title='bbox 1564 2752 1704 2799; x_wconf 88' lang='lat' dir='ltr'><em>tuum,</em></span> <span class='ocrx_word' id='word_1_585' title='bbox 1745 2748 1900 2788; x_wconf 78' lang='lat' dir='ltr'><em>scillcet</em></span> <span class='ocrx_word' id='word_1_586' title='bbox 1941 2748 2216 2789; x_wconf 86' lang='lat' dir='ltr'><em>Israeliticum</em></span> <span class='ocrx_word' id='word_1_587' title='bbox 2230 2779 2240 2797; x_wconf 90' lang='lat'><em>,</em></span> <span class='ocrx_word' id='word_1_588' title='bbox 2285 2749 2359 2801; x_wconf 90' lang='lat' dir='ltr'><em>qui</em></span> 
     </span>
     <span class='ocr_line' id='line_1_88' title="bbox 1325 2818 2359 2871; baseline 0.001 -13"><span class='ocrx_word' id='word_1_589' title='bbox 1325 2821 1415 2858; x_wconf 87' lang='lat' dir='ltr'><em>erat</em></span> <span class='ocrx_word' id='word_1_590' title='bbox 1439 2819 1532 2870; x_wconf 89' lang='lat' dir='ltr'><em>ejus</em></span> <span class='ocrx_word' id='word_1_591' title='bbox 1554 2818 1737 2871; x_wconf 81' lang='lat' dir='ltr'><em>populus</em></span> <span class='ocrx_word' id='word_1_592' title='bbox 1763 2819 2007 2870; x_wconf 85' lang='lat' dir='ltr'><em>peculiaris,</em></span> <span class='ocrx_word' id='word_1_593' title='bbox 2037 2822 2084 2859; x_wconf 91' lang='lat' dir='ltr'><em>ut</em></span> <span class='ocrx_word' id='word_1_594' title='bbox 2108 2819 2289 2860; x_wconf 86' lang='lat' dir='ltr'><em>habetur</em></span> <span class='ocrx_word' id='word_1_595' title='bbox 2314 2819 2359 2859; x_wconf 91' lang='lat' dir='ltr'><em>in</em></span> 
     </span>
     <span class='ocr_line' id='line_1_89' title="bbox 1328 2889 2355 2943; baseline 0.002 -14"><span class='ocrx_word' id='word_1_596' title='bbox 1328 2890 1651 2932; x_wconf 86' lang='lat' dir='ltr'><em>Deuteronomio</em></span> <span class='ocrx_word' id='word_1_597' title='bbox 1672 2889 1700 2929; x_wconf 90' lang='lat'><em>⁷.</em></span> <span class='ocrx_word' id='word_1_598' title='bbox 1727 2889 1905 2941; x_wconf 81' lang='lat' dir='ltr'><em>Quibus,</em></span> <span class='ocrx_word' id='word_1_599' title='bbox 1926 2890 1969 2931; x_wconf 85' lang='lat' dir='ltr'><em>id</em></span> <span class='ocrx_word' id='word_1_600' title='bbox 1990 2893 2068 2941; x_wconf 84' lang='lat' dir='ltr'><em>est,</em></span> <span class='ocrx_word' id='word_1_601' title='bbox 2090 2891 2156 2931; x_wconf 86' lang='lat' dir='ltr'><em>cui</em></span> <span class='ocrx_word' id='word_1_602' title='bbox 2175 2890 2355 2943; x_wconf 83' lang='lat' dir='ltr'><em>populo,</em></span> 
     </span>
     <span class='ocr_line' id='line_1_90' title="bbox 1326 2960 2353 3013; baseline 0.001 -12"><span class='ocrx_word' id='word_1_603' title='bbox 1326 2960 1489 3003; x_wconf 87' lang='lat' dir='ltr'><em>dedisti</em></span> <span class='ocrx_word' id='word_1_604' title='bbox 1523 2961 1909 3013; x_wconf 80' lang='lat' dir='ltr'><em>concupiscentiam</em></span> <span class='ocrx_word' id='word_1_605' title='bbox 1939 2961 2235 3004; x_wconf 85' lang='lat' dir='ltr'><em>delectamenti</em></span> <span class='ocrx_word' id='word_1_606' title='bbox 2264 2962 2353 3012; x_wconf 90' lang='lat' dir='ltr'><em>sui,</em></span> 
     </span>
     <span class='ocr_line' id='line_1_91' title="bbox 1324 3031 2355 3084; baseline 0 -12"><span class='ocrx_word' id='word_1_607' title='bbox 1324 3032 1366 3072; x_wconf 86' lang='lat' dir='ltr'><em>id</em></span> <span class='ocrx_word' id='word_1_608' title='bbox 1397 3034 1482 3083; x_wconf 78' lang='lat' dir='ltr'><em>est,</em></span> <span class='ocrx_word' id='word_1_609' title='bbox 1513 3032 1783 3084; x_wconf 86' lang='lat' dir='ltr'><em>concupitum</em></span> <span class='ocrx_word' id='word_1_610' title='bbox 1813 3032 2056 3072; x_wconf 87' lang='lat' dir='ltr'><em>delectabile</em></span> <span class='ocrx_word' id='word_1_611' title='bbox 2079 3032 2116 3073; x_wconf 80' lang='lat'><em>⁸:</em></span> <span class='ocrx_word' id='word_1_612' title='bbox 2145 3046 2164 3070; x_wconf 77' lang='lat' dir='ltr'><em>c(</em></span> <span class='ocrx_word' id='word_1_613' title='bbox 2188 3031 2355 3073; x_wconf 87' lang='lat' dir='ltr'><em>Deside-</em></span> 
     </span>
     <span class='ocr_line' id='line_1_92' title="bbox 1324 3102 2351 3154; baseline -0.002 -12"><span class='ocrx_word' id='word_1_614' title='bbox 1324 3102 1439 3142; x_wconf 89' lang='lat' dir='ltr'><em>rium</em></span> <span class='ocrx_word' id='word_1_615' title='bbox 1454 3102 1567 3143; x_wconf 89' lang='lat' dir='ltr'><em>enim</em></span> <span class='ocrx_word' id='word_1_616' title='bbox 1581 3102 1613 3142; x_wconf 89' lang='lat' dir='ltr'><em>si</em></span> <span class='ocrx_word' id='word_1_617' title='bbox 1632 3102 1907 3154; x_wconf 82' lang='lat' dir='ltr'><em>compleatur,</em></span> <span class='ocrx_word' id='word_1_618' title='bbox 1924 3102 2097 3143; x_wconf 86' lang='lat' dir='ltr'><em>delectat</em></span> <span class='ocrx_word' id='word_1_619' title='bbox 2114 3102 2316 3153; x_wconf 87' lang='lat' dir='ltr'><em>animam,</em></span> <span class='ocrx_word' id='word_1_620' title='bbox 2331 3116 2351 3139; x_wconf 78' lang='grc'><em>1)</em></span> 
     </span>
     <span class='ocr_line' id='line_1_93' title="bbox 1323 3173 2352 3226; baseline 0.001 -12"><span class='ocrx_word' id='word_1_621' title='bbox 1323 3175 1371 3214; x_wconf 89' lang='lat' dir='ltr'><em>ut</em></span> <span class='ocrx_word' id='word_1_622' title='bbox 1395 3173 1575 3214; x_wconf 84' lang='lat' dir='ltr'><em>hahetur</em></span> <span class='ocrx_word' id='word_1_623' title='bbox 1596 3173 1641 3213; x_wconf 90' lang='lat' dir='ltr'><em>in</em></span> <span class='ocrx_word' id='word_1_624' title='bbox 1662 3173 1919 3215; x_wconf 84' lang='lat' dir='ltr'><em>Proverbiis.</em></span> <span class='ocrx_word' id='word_1_625' title='bbox 1944 3173 2109 3215; x_wconf 83' lang='lat' dir='ltr'><em>Novum</em></span> <span class='ocrx_word' id='word_1_626' title='bbox 2137 3183 2352 3226; x_wconf 76' lang='lat' dir='ltr'><em>saporem,</em></span> 
     </span>
     <span class='ocr_line' id='line_1_94' title="bbox 1324 3244 2356 3298; baseline 0.004 -14"><span class='ocrx_word' id='word_1_627' title='bbox 1324 3244 1370 3284; x_wconf 91' lang='lat' dir='ltr'><em>in</em></span> <span class='ocrx_word' id='word_1_628' title='bbox 1390 3245 1532 3286; x_wconf 89' lang='lat' dir='ltr'><em>cibum</em></span> <span class='ocrx_word' id='word_1_629' title='bbox 1551 3245 1654 3286; x_wconf 91' lang='lat' dir='ltr'><em>novi</em></span> <span class='ocrx_word' id='word_1_630' title='bbox 1673 3244 1847 3298; x_wconf 81' lang='lat' dir='ltr'><em>saporis,</em></span> <span class='ocrx_word' id='word_1_631' title='bbox 1868 3255 2004 3286; x_wconf 81' lang='lat' dir='ltr'><em>escam</em></span> <span class='ocrx_word' id='word_1_632' title='bbox 2019 3255 2183 3298; x_wconf 76' lang='lat' dir='ltr'><em>parans</em></span> <span class='ocrx_word' id='word_1_633' title='bbox 2210 3245 2272 3287; x_wconf 79' lang='lat' dir='ltr'><em>eis</em></span> <span class='ocrx_word' id='word_1_634' title='bbox 2291 3255 2356 3288; x_wconf 81' lang='lat' dir='ltr'><em>or-</em></span> 
     </span>
    </p>
   </div>
   <div class='ocr_carea' id='block_1_10' title="bbox 1325 3350 2355 3440">
    <p class='ocr_par' dir='ltr' id='par_1_12' title="bbox 1325 3350 2355 3440">
     <span class='ocr_line' id='line_1_95' title="bbox 1369 3350 2355 3393; baseline 0 -11"><span class='ocrx_word' id='word_1_635' title='bbox 1369 3352 1414 3393; x_wconf 85' lang='lat' dir='ltr'><em>(a)</em></span> <span class='ocrx_word' id='word_1_636' title='bbox 1437 3351 1517 3384; x_wconf 76' lang='lat' dir='ltr'><em>Coet.</em></span> <span class='ocrx_word' id='word_1_637' title='bbox 1538 3350 1617 3384; x_wconf 78' lang='lat' dir='ltr'><em>edit.</em></span> <span class='ocrx_word' id='word_1_638' title='bbox 1639 3360 1703 3382; x_wconf 80' lang='lat' dir='ltr'><em>non</em></span> <span class='ocrx_word' id='word_1_639' title='bbox 1722 3351 1843 3382; x_wconf 77' lang='lat' dir='ltr'><em>habent</em></span> <span class='ocrx_word' id='word_1_640' title='bbox 1862 3350 2024 3392; x_wconf 82' lang='lat' dir='ltr'><em>quoniam</em></span> <span class='ocrx_word' id='word_1_641' title='bbox 2047 3351 2082 3383; x_wconf 85' lang='lat' dir='ltr'><em>in</em></span> <span class='ocrx_word' id='word_1_642' title='bbox 2106 3351 2267 3384; x_wconf 88' lang='lat' dir='ltr'><em>saeculum</em></span> <span class='ocrx_word' id='word_1_643' title='bbox 2293 3351 2355 3383; x_wconf 90' lang='lat' dir='ltr'><em>mi-</em></span> 
     </span>
     <span class='ocr_line' id='line_1_96' title="bbox 1325 3398 1781 3440; baseline 0.002 -10"><span class='ocrx_word' id='word_1_644' title='bbox 1325 3399 1509 3432; x_wconf 79' lang='lat' dir='ltr'><em>sericordia</em></span> <span class='ocrx_word' id='word_1_645' title='bbox 1527 3399 1618 3440; x_wconf 86' lang='lat' dir='ltr'><em>ejus,</em></span> <span class='ocrx_word' id='word_1_646' title='bbox 1642 3398 1781 3431; x_wconf 81' lang='lat' dir='ltr'><em>scilicet.</em></span> 
     </span>
    </p>
   </div>
  </div>
 </body>
</html>
