2634 3853
27 588 80 614 Per
98 586 129 612 fi-

27 628 93 654 dem

0 667 128 706 [naerenti

0 709 121 746 impedi·

5 754 103 781 menta

7 801 107 822 occur-

7 835 84 862 runt.

916 189 1189 234 EXPOSITIO
1218 189 1271 231 IN
1299 189 1414 232 CAP.
1444 190 1494 232 V.

159 304 178 327 α
197 286 377 338 Quaerite
416 283 643 325 Dominum
659 315 670 334 ,
721 286 762 324 et
804 279 1117 324 confirmamini
1156 292 1166 318 :

152 357 326 411 quaerite
353 353 498 395 faciem
531 354 622 405 ejus
652 365 833 406 semper.
854 367 872 390 »
915 352 997 393 Nec
1016 351 1167 391 imme-

150 429 244 477 rito,
265 426 365 479 quia
382 426 403 466 J
406 426 458 466 ob
478 425 613 478 inquit
631 427 641 448 ¹
667 439 675 466 :
705 440 724 464 c(
742 425 891 465 Libera
910 435 993 472 me,
1012 423 1052 462 et
1060 432 1169 474 pone

151 509 218 538 me
230 498 351 549 juxta
369 499 411 537 te
428 511 438 547 ;
460 498 502 537 et
520 495 708 548 cuiusvis
727 506 880 536 manus
899 494 1063 547 pugnet
1075 503 1169 532 con-

148 571 213 608 tra
230 579 313 608 me.
335 581 355 605 n
379 566 430 607 Et
448 566 548 619 quia
570 566 776 619 quaerenti
794 577 869 618 per
884 565 1012 605 fidem
1031 564 1167 614 impe-

148 638 333 678 dimenta
368 636 608 689 frequenter
644 637 874 685 ocurrunt,
908 634 1002 674 ideo
1031 632 1170 673 suddi-

147 711 216 749 tur
237 710 293 759 (v.
316 708 405 759 19):
427 708 482 750 Ec
497 717 582 749 non
596 707 857 749 invenientes
869 715 955 758 qua
972 707 1095 757 parte
1113 703 1166 744 il-

145 779 233 820 lum
250 779 564 830 inferrentproe
582 777 704 820 turba
734 791 742 816 ε
778 788 875 829 quae
898 775 1002 816 solet
1030 775 1166 826 impe-

145 849 234 891 dire
253 849 482 891 adventum
512 848 560 889 ad
584 847 817 897 Christum,
837 847 945 887 sicut
964 844 1115 886 dicitur
1135 847 1166 894 ²,

145 919 257 973 quod
282 934 301 958 ι(
315 919 453 960 turbae
474 918 746 971 increpabant
761 929 876 968 eum,
898 917 1120 957 uttaceret.
1144 928 1163 952 ›)

145 989 213 1031 Sic
233 991 274 1030 et
300 989 498 1030 Zachaeus
525 989 635 1029 infra
660 989 673 1009 ³
698 1001 707 1029 :
736 1003 754 1027 α
776 988 998 1037 Quaerebat
1026 986 1169 1028 videre

143 1060 300 1110 Jesum,
317 1060 410 1113 quis
424 1062 545 1110 esset,
562 1061 603 1100 et
621 1071 708 1100 non
721 1061 883 1112 poterat
897 1070 984 1111 prae
1000 1058 1167 1098 turba.»

145 1131 226 1172 Sed
261 1132 370 1171 certe
411 1142 554 1172 veram
591 1130 716 1171 fidem
750 1129 1049 1182 impedimenta
1082 1139 1169 1168 non

144 1202 379 1251 retrabunt,
402 1201 475 1242 sed
490 1201 736 1242 accendunt.
765 1200 814 1240 In
841 1201 962 1252 cujus
981 1199 1168 1240 testimo-

144 1273 265 1313 nium
282 1271 508 1312 subditur-z
530 1272 820 1320 Ascenderwzt
844 1282 976 1324 supra
1001 1274 1166 1322 tectum,

143 1346 180 1385 et
197 1353 270 1395 per
295 1343 456 1395 tegulas
480 1343 764 1384 submiserunt
780 1342 901 1383 illum
929 1352 1024 1382 cum
1048 1342 1165 1384 lecto.

142 1413 210 1455 Sic
243 1415 285 1453 et
315 1412 512 1453 Zachaeus
539 1413 658 1463 fecit,
692 1413 800 1453 sicut
832 1412 984 1452 dicitur
1008 1412 1119 1452 infra
1139 1412 1165 1461 ³,

141 1485 254 1538 quod
272 1484 456 1525 ascendit
488 1484 533 1524 in
556 1485 751 1525 arborem
788 1495 1084 1537 sycomorum,
1119 1485 1169 1524 ut

141 1556 162 1597 J
165 1567 285 1597 esum
295 1556 584 1596 transeuntem
597 1555 774 1605 videret,
792 1566 919 1607 quem
934 1566 1022 1607 prae
1042 1554 1168 1595 turba

142 1627 284 1670 videre
311 1638 397 1666 non
423 1628 601 1678 poterat.
624 1625 793 1666 Talibus
814 1625 1078 1678 adiutoribus
1099 1625 1165 1664 in·-

141 1698 311 1750 digebat
328 1697 396 1737 ille
415 1696 660 1749 languidus,
683 1697 757 1749 qui
783 1696 943 1737 dicebat
972 1696 985 1718 ⁵
1010 1709 1018 1736 ε
1046 1710 1065 1734 ((
1085 1695 1165 1736 Do-

141 1768 268 1819 mine,
285 1767 503 1809 hominem
521 1779 607 1808 non
624 1768 774 1819 habeo,
796 1770 857 1819 ut,
881 1779 978 1808 cum
998 1767 1168 1808 turbata

140 1840 266 1881 fuerit
286 1852 410 1892 aqua,
432 1840 570 1881 mittat
595 1852 663 1881 me
683 1840 730 1880 in
759 1839 980 1892 piscinam.
1002 1853 1021 1876 »
1048 1838 1168 1879 Tales

140 1911 352 1963 adJutores
390 1913 490 1951 sunt
533 1911 614 1951 viri
656 1910 866 1962 simplices
880 1941 890 1959 ,
931 1910 1167 1950 secundum

139 1982 252 2035 quod
269 1982 422 2023 dicitur
439 1981 476 2022 ⁶:
511 1997 530 2020 ε(
560 1981 820 2034 Accipientes
834 1981 1027 2033 discipuli
1052 1979 1165 2021 Pau-

138 2053 229 2093 lum
270 2055 417 2101 nocte,
453 2064 527 2105 per
562 2063 736 2092 murum
768 2051 1020 2092 dimiserunt
1050 2062 1163 2101 eum,

139 2123 431 2164 submittentes
466 2122 511 2161 in
551 2123 705 2174 sporta.
739 2135 758 2159 »
799 2120 918 2161 Tales
951 2123 1049 2161 sunt
1084 2121 1168 2163 viri

138 2193 393 2247 spirituales,
413 2192 489 2245 qui
507 2192 699 2232 infirmos
729 2204 805 2244 per
824 2192 1059 2233 orationem
1086 2191 1166 2233 Do-

139 2264 243 2306 mini
275 2263 516 2315 conspeetui
544 2264 850 2315 repraesentant
870 2262 883 2283 ⁷
907 2275 916 2302 ι
949 2276 968 2300 «
985 2261 1167 2303 Effunde

140 2336 246 2376 sicut
265 2346 421 2387 aquam
439 2344 510 2374 cor
529 2336 653 2373 tuum
672 2333 718 2372 in
733 2335 958 2384 conspectu
978 2333 1162 2373 Domini.

140 2406 252 2447 Leva
270 2405 322 2445 ad
343 2416 442 2445 eum
461 2415 614 2444 manus
632 2406 727 2444 tuas
741 2415 817 2455 pro
826 2403 1048 2443 animabus
1067 2415 1165 2455 par-

141 2476 342 2519 vulorum
373 2477 572 2523 tuorum,
607 2473 681 2526 qui
712 2473 952 2513 defecerunt
980 2475 1089 2513 same
1122 2474 1167 2514 in

142 2547 275 2600 capite
291 2545 483 2587 omnium
511 2545 807 2597 compitorum.
830 2558 849 2581 ))
873 2543 924 2584 Et
943 2544 1034 2585 ideo
1054 2557 1162 2598 prae-

142 2610 416 2659 sentaverunt
434 2627 533 2656 eum
549 2615 791 2667 conspectui
805 2615 985 2666 Domini,
1001 2618 1046 2656 ut
1067 2628 1165 2656 eum

141 2688 327 2737 videret3
350 2689 391 2727 et
408 2686 523 2736 situi,
544 2688 593 2726 ut
613 2697 711 2726 eum
734 2688 943 2738 tangeret.
968 2686 1019 2726 Et
1040 2698 1166 2739 prop-

142 2762 256 2800 terea
275 2758 439 2799 subdit:
461 2758 515 2800 In
543 2756 730 2800 medium
756 2762 852 2799 ante
884 2758 1048 2807 Jesum,
1068 2758 1170 2810 quia

144 2830 335 2871 Salvator
364 2840 530 2881 semper
560 2828 749 2868 medium
782 2828 952 2880 quaerit3
986 2828 1099 2869 unde
1117 2829 1131 2851 ⁸
1155 2843 1164 2869 ε

150 2915 170 2939 «
188 2900 348 2941 Medius
359 2902 550 2941 vestrum
564 2899 690 2949 stetit,
712 2910 841 2951 quem
862 2910 938 2940 vos
957 2899 1166 2939 nescitis.»

147 2969 199 3009 Et
216 2970 351 3010 infra⁹
375 2985 384 3011 ;
412 2970 540 3022 «Ego
558 2972 700 3010 autem
731 2970 776 3009 in
802 2969 942 3010 medio
977 2972 1169 3011 vestrum

146 3052 255 3080 sum.
279 3054 299 3078 n
319 3040 369 3081 Et
387 3041 479 3082 ideo
497 3042 541 3081 in
560 3041 730 3083 Psalmo
756 3041 784 3062 ¹0
807 3055 815 3080 :
844 3055 863 3079 «
881 3039 1167 3094 Suscepimus,

147 3110 272 3161 Deus,
292 3111 620 3153 misericordiam
648 3115 768 3153 tuam
790 3112 835 3152 in
867 3111 1005 3153 medio
1024 3113 1170 3165 templi

145 3180 222 3220 tui.
242 3193 262 3217 »

199 3253 265 3291 20.
291 3250 470 3297 Quorum
488 3252 615 3304 sidem
640 3256 691 3298 ut
709 3253 840 3298 vidit.
866 3254 1091 3296 Praemissa
1110 3257 1170 3296 est

193 3381 199 3398 ¹
221 3379 293 3418 Job,
313 3387 398 3420 xvu,
418 3381 448 3411 3.
467 3398 509 3403 -
527 3382 541 3402 ²
558 3383 691 3424 Malth„
708 3392 767 3425 xx,
787 3386 845 3425 313
864 3385 980 3423 Marc„
1002 3393 1037 3425 x,
1058 3386 1109 3417 48.
1130 3403 1170 3410 —-

146 3427 159 3449 3
182 3426 257 3466 lnf.,
278 3434 351 3466 xix,
370 3428 401 3457 3.
423 3443 463 3449 —-
481 3426 494 3447 δ
514 3427 610 3468 ibid,
632 3431 662 3460 4.
676 3448 716 3453 —
734 3432 745 3449 '³
764 3432 870 3470 Jocm„
892 3440 925 3473 v,
948 3433 978 3463 7.
993 3449 1032 3455 —
1046 3433 1058 3454 ⁶
1081 3433 1168 3472 Act„

148 3481 195 3512 lx,
217 3475 269 3505 25.
284 3490 324 3496 —
347 3474 357 3492 ⁷
377 3473 505 3514 Tlaren„
528 3482 565 3514 11,
588 3477 638 3507 19.
659 3493 700 3500 -
718 3478 728 3496 ⁸
747 3478 856 3518 Joan„
877 3486 902 3518 1,
924 3481 974 3510 26.
1000 3497 1042 3502 —
1059 3480 1070 3499 ⁰
1094 3480 1169 3520 inf„

2189 196 2262 235 341

1246 278 1439 320 miraculi
1475 278 1652 320 faciendi
1693 278 2010 331 opportunitas3
2054 280 2124 321 hie
2165 293 2268 324 vero

1245 350 1520 402 subJungitur
1557 349 1689 402 ipsius
1726 349 1770 389 in
1805 349 1993 390 faciendo
2031 350 2267 402 integritas,

1245 420 1345 471 quia
1376 421 1566 461 Christus
1604 419 1731 460 simul
1755 421 1797 460 et
1826 431 1980 472 corpus
2013 419 2193 471 infirmi,
2227 424 2269 462 et

1244 491 1431 532 animam
1463 495 1580 532 curat
1603 507 1610 531 :
1635 492 1822 531 animam
1846 503 1871 531 a
1890 493 2057 544 peceato
2072 523 2084 541 ,
2114 494 2154 532 et
2184 504 2271 533 cor-

1244 573 1366 613 pusa
1392 563 1554 602 morbo.
1591 562 1786 603 Consistit
1814 564 1956 602 autem
1987 562 2117 615 hujus
2147 563 2270 604 mira-

1244 631 1326 672 culi
1346 632 1571 684 integritas
1590 634 1769 684 perfecla
1788 633 1831 673 in
1851 635 2034 686 quatuor
2053 646 2149 686 quae
2171 638 2271 675 sunt

1243 713 1372 754 supra
1399 702 1602 743 virtutem
1640 703 1896 753 humanam,
1934 703 2087 744 scilicet
2115 704 2161 744 in
2196 717 2270 745 re-

1244 774 1442 814 missione
1461 777 1727 827 peccatorum
1742 807 1752 824 ,
1775 775 2022 816 discretione
2055 777 2271 828 cogItatio-

1244 856 1364 894 num,
1377 844 1659 886 confutatione
1670 857 1881 895 errorum,
1896 848 1936 886 et
1945 847 2270 888 consolidatione

1245 916 1534 956 membrorum
1552 915 1881 968 paralyticorum
1904 917 2022 958 :haec
2035 918 2149 958 enim
2169 931 2271 971 qua-

1244 988 1339 1026 tuor
1374 985 1628 1026 miraculum
1660 986 1843 1027 reddunt
1873 987 2116 1039 perfectum.
2153 988 2268 1029 Prae-

1244 1059 1424 1099 mittitur
1445 1070 1550 1110 ergo
1563 1058 1754 1099 remissio
1770 1061 2040 1111 peccatorum
2055 1071 2108 1100 ex
2119 1062 2272 1102 merito

1243 1130 1341 1171 fidei
1362 1129 1647 1180 offerentium,
1669 1141 1766 1170 cum
1786 1129 1886 1170 dicit
1908 1141 1918 1170 :
1942 1131 2126 1180 Quorum
2143 1132 2271 1182 fidem

1244 1204 1291 1243 ut
1309 1200 1437 1251 vidit,
1460 1199 1574 1253 quia,
1601 1200 1708 1241 sicut
1728 1199 1879 1241 dicitur
1895 1201 1922 1223 ¹¹
1946 1215 1988 1241 z«
2002 1200 2137 1242 Homo
2157 1203 2270 1244 videt

1244 1283 1307 1322 ea,
1329 1283 1425 1324 quae
1453 1273 1632 1323 parent,
1669 1270 1872 1312 Dominus
1903 1273 2046 1312 autem
2081 1271 2270 1314 intuetur

1245 1354 1330 1382 cor.
1350 1356 1369 1378 n
1393 1341 1505 1382 Vidit
1523 1372 1534 1391 ,
1573 1341 1751 1393 inquam
1768 1372 1778 1390 ,
1810 1341 1933 1382 oculo
1954 1342 2268 1395 misericordiae,

1244 1412 1352 1452 sicut
1369 1411 1414 1450 in
1433 1410 1584 1452 Exodo
1606 1411 1633 1432 ¹2
1657 1424 1666 1450 ε
1687 1425 1705 1448 α
1724 1410 1818 1451 Vidi
1838 1411 2105 1452 afflictionem
2125 1414 2272 1466 populi

1243 1483 1328 1523 mei
1353 1482 1399 1522 in
1430 1481 1628 1534 AEgypto.
1652 1495 1671 1519 ›>
1695 1481 1760 1522 Ad
1777 1494 1907 1534 quam
1931 1482 2140 1523 visionem
2169 1484 2273 1525 fides

1242 1553 1437 1606 disponit.
1462 1552 1694 1593 Hieremias
1714 1552 1741 1574 ²³
1764 1566 1773 1593 :
1804 1567 1823 1590 <‹
1844 1553 2021 1594 Domine
2037 1586 2047 1605 ,
2070 1555 2181 1595 oculi
2208 1556 2272 1596 tui

1242 1624 1472 1677 respiciunt
1492 1624 1634 1664 fidem.
1655 1638 1674 1661 ))
1709 1623 1760 1664 Et
1781 1624 1982 1677 quoniam
1997 1656 2007 1674 ,
2032 1625 2138 1666 sicut
2169 1626 2274 1666 dici-

1242 1696 1312 1735 tur
1332 1695 1361 1719 Ν
1380 1708 1417 1735 2«
1434 1694 1512 1734 Per
1531 1694 1862 1735 misericordiam
1877 1698 1917 1736 et
1935 1696 2062 1736 fidem
2077 1708 2270 1748 purgan-

1242 1769 1312 1806 tur
1328 1767 1510 1817 peccata,
1531 1780 1550 1803 »
1570 1765 1664 1806 ideo
1686 1766 1885 1807 subditur
1907 1780 1916 1807 ε
1939 1767 2069 1810 Discit
2090 1779 2104 1808 .·
2123 1768 2269 1817 Homo,

1243 1838 1518 1879 remittuntur
1548 1837 1627 1879 tibi
1643 1841 1814 1890 peccata
1849 1840 1937 1880 tua.
1972 1837 2020 1878 In
2053 1839 2133 1879 hoc
2158 1839 2272 1891 quod

1242 1908 1354 1959 dicit,
1376 1908 1523 1959 Homo,
1545 1908 1697 1949 invitat
1717 1909 1769 1949 ad
1783 1909 2160 1951 considerationem
2179 1922 2272 1963 pro-

1241 1979 1346 2031 priae
1383 1979 1580 2020 miseriae.
1599 1979 1626 2001 ¹5
1647 1993 1666 2018 ε(
1688 1979 1824 2021 Homo
1849 1982 1973 2021 natus
1995 1981 2045 2021 de
2078 1980 2269 2029 muliere,

1242 2048 1362 2089 brevi
1380 2048 1530 2091 vivens
1549 2052 1740 2102 tempore
1754 2082 1767 2101 ,
1800 2050 1989 2103 repletur
2022 2051 2168 2092 multis
2190 2052 2272 2091 mi-

1242 2119 1376 2159 seriis.
1398 2132 1417 2157 >³
1431 2119 1483 2160 Et
1502 2132 1651 2162 rursus
1663 2121 1691 2143 ¹⁶
1711 2121 1894 2163 :(‹Homo
1905 2122 2097 2174 putredo,
2110 2124 2150 2162 et
2159 2122 2272 2163 filius

1241 2190 1426 2230 hominis
1445 2192 1618 2232 vermis.
1641 2207 1659 2230 »
1687 2192 1735 2232 In
1756 2193 1862 2242 hoc,
1893 2193 2007 2245 quod
2041 2193 2267 2245 adjungit:

1243 2261 1554 2313 Remittuntur,
1578 2263 1729 2304 invitat
1760 2264 1813 2304 ad
1843 2275 1961 2316 spem
1998 2264 2154 2305 divinae
2177 2276 2272 2316 gra-

1241 2331 1311 2371 tiae
1332 2336 1361 2358 1⁷
1383 2344 1392 2372 :
1420 2347 1439 2371 α
1457 2332 1714 2375 Gratificavit
1736 2345 1814 2374 nos
1834 2333 1879 2373 in
1898 2334 2047 2374 dilecto
2066 2335 2153 2375 filio
2174 2347 2266 2386 suo,

1241 2402 1285 2441 in
1304 2414 1388 2454 quo
1410 2403 1618 2444 habemus
1643 2404 1976 2456 redemptionem
1997 2416 2072 2456 per
2091 2407 2270 2457 sangui-

1240 2484 1339 2512 nem
1359 2474 1464 2525 eJus,
1486 2474 1779 2514 remissionem
1799 2476 2081 2527 peccatorum.
2104 2490 2123 2514 ι)
2151 2475 2270 2517 Unde

1240 2542 1392 2583 dicitur
1413 2544 1441 2568 ¹⁸
1462 2556 1473 2585 ε
1493 2558 1511 2582 ((
1528 2544 1813 2584 Βθωίηυηωΐ
1828 2544 1949 2585 vobis
1961 2551 2128 2598 peccata
2146 2558 2270 2600 prop-

1243 2617 1304 2655 ter
1324 2627 1481 2656 nomen
1499 2617 1606 2668 eJus.
1634 2630 1653 2653 ›)
1676 2615 1775 2656 Haec
1800 2618 1945 2657 autem
1963 2617 2156 2658 remissio
2176 2630 2269 2671 pec-

1241 2688 1432 2726 catorum
1466 2686 1661 2727 inchoata
1693 2687 1771 2727 fuit
1802 2687 1926 2728 afide
1946 2687 2095 2738 aliena,
2132 2690 2270 2730 sedin

1240 2757 1411 2809 propria
1429 2760 1766 2798 consummatur.
1789 2756 1907 2799 Unde
1929 2757 2080 2798 Beda¹⁹
2096 2773 2104 2800 :
2121 2774 2140 2797 «
2159 2759 2267 2800 Mul-

1241 2829 1335 2868 tum
1354 2827 1466 2868 valet
1483 2827 1715 2880 unicuique
1744 2828 1848 2868 fides
1866 2829 2051 2881 propria,
2075 2841 2172 2870 cum
2192 2843 2269 2883 per

1243 2898 1423 2939 aliorum
1450 2898 1580 2939 homo
1600 2898 1653 2938 sit
1673 2898 1849 2939 interius
1869 2903 1910 2938 et
1928 2899 2112 2940 exterius
2131 2900 2268 2941 salva-

1242 2972 1331 3020 tus,
1354 2970 1425 3010 sed
1444 2970 1525 3010 hoc
1544 2981 1631 3010 non
1656 2969 1747 3009 sine
1760 2969 2261 3023 propriasuhsequente.»

1243 3041 1360 3083 Unde
1391 3042 1544 3083 dicitur
1574 3041 1802 3094 paralytico
1834 3041 1863 3066 2⁰
1894 3055 1904 3081 ε
1930 3056 1950 3080 <‹
1970 3041 2152 3092 Confide,
2183 3042 2265 3093 fili,

1242 3113 1515 3154 remittuntur
1545 3112 1620 3152 tibi
1652 3113 1833 3164 peccata.
1866 3126 1885 3149 »
1917 3111 1968 3152 Et
1997 3115 2119 3163 nota,
2155 3113 2268 3165 quod

1242 3186 1411 3236 peccata
1426 3183 1623 3224 dicuntur
1641 3183 1826 3233 remitti,
1850 3182 2049 3223 dicuntur
2075 3183 2262 3234 dimitti,

1243 3297 1335 3329 xxu,
1355 3291 1405 3321 27.
1428 3306 1467 3313 —
1495 3290 1520 3311 ¹0
1544 3288 1634 3320 Psal.
1661 3296 1739 3328 XLV,
1764 3290 1795 3319 6.
1818 3305 1859 3311 --
1884 3288 1909 3309 ¹1
1936 3288 1947 3318 Ι
1969 3289 2057 3328 Κεφ,
2080 3296 2156 3328 xvi,
2177 3289 2207 3319 7.
2229 3305 2265 3310 —-

1245 3338 1270 3359 ¹2
1286 3336 1408 3374 Eaeod„
1428 3344 1481 3376 111,
1503 3338 1534 3367 6.
1552 3352 1590 3358 -
1613 3335 1639 3356 ¹³
1657 3335 1790 3375 Jerem.,
1809 3343 1841 3375 v,
1858 3336 1888 3366 3.
1904 3352 1946 3358 —-
1965 3335 1992 3356 ’Β
2006 3336 2117 3374 Ρ)·ου.,
2137 3343 2191 3374 ΧΥ,
2213 3336 2265 3366 27.

1244 3402 1284 3408 -
1309 3384 1336 3406 ¹⁵
1358 3383 1435 3423 Job,
1456 3391 1526 3422 xw,
1550 3387 1578 3414 1.
1599 3399 1640 3406 —
1662 3383 1686 3401 ¹⁸
1710 3382 1809 3422 lbid.,
1828 3390 1909 3422 XXV,
1932 3384 1962 3413 6.
1981 3399 2022 3405 —-
2042 3382 2066 3402 ¹⁷
2086 3381 2219 3422 Ephes„
2240 3390 2265 3421 1,

1243 3433 1274 3472 6,
1296 3433 1326 3462 7.
1344 3447 1383 3453 —
1410 3432 1434 3453 ¹²³
1454 3431 1464 3461 1
1489 3431 1596 3470 Joan.,
1617 3437 1655 3469 11,
1681 3432 1731 3461 12.
1751 3447 1792 3454 —
1813 3431 1839 3452 1⁹
1859 3429 1954 3469 Bed.‚
1975 3430 2010 3461 in
2028 3429 2119 3470 Luc„
2139 3428 2196 3460 lib.
2221 3430 2264 3460 ΙΙ.

1243 3496 1283 3503 -
1299 3479 1325 3501 ²0
1341 3477 1475 3517 Mutela,
1496 3485 1542 3517 ix,
1559 3478 1589 3508 2.

2307 3120 2427 3148 Peccata

2287 3162 2357 3195 quot
2367 3168 2426 3187 mo-

2304 3202 2349 3228 dis
2366 3201 2408 3228 di-
