2634 3853
128 630 246 659 Plicatio

154 672 221 699 libri

135 714 229 748 myste
234 727 245 733 -

133 754 244 781 riorum

126 795 249 822 occulta·

134 836 244 862 tionem

131 876 228 911 signifi
234 890 243 896 -

117 919 173 945 cat.

1023 171 1306 213 EXPOSITIO
1337 171 1390 213 IN
1419 170 1534 213 CAP.
1566 170 1632 212 lv.

285 268 400 309 cium
426 265 644 306 doctorum
663 264 704 304 et
722 273 891 315 regum.
913 261 1030 303 Unde
1050 263 1061 283 ¹
1086 275 1096 302 ε
1122 277 1142 299 «
1170 261 1304 313 Super

283 336 524 378 cathedram
541 333 675 386 Moysi
695 333 895 374 sederunt
918 332 1076 373 Scribae
1094 334 1134 372 et
1154 331 1302 372 Phari-

282 406 369 448 saei.
390 420 410 444 ))
435 405 486 445 Et
503 405 580 446 Job
600 406 614 426 ²
636 418 644 444 z
669 418 688 442 (ι
708 404 749 445 Si
769 404 819 456 (a)
835 403 1062 452 voluissem
1074 402 1200 442 ire-ad
1215 413 1299 452 eOS,

281 476 474 518 sedebam
506 475 698 528 primus,
736 485 919 526 cumque
958 472 1148 513 sederem
1184 472 1303 525 quasi

279 559 382 596 reX‚
415 546 713 587 circumstante
750 544 937 585 exercitu
956 574 969 593 ,
1005 555 1123 584 eram
1161 545 1303 583 tamen

279 618 550 659 moerentium
582 616 832 658 consolator.
855 630 874 653 n
898 615 949 655 Et
978 617 1100 666 nota,
1129 615 1198 655 hic
1228 627 1303 668 per

277 688 543 742 plicationem
573 687 668 727 libri
696 686 899 727 debemus
930 685 1169 737 intelligere
1200 685 1303 727 divi-

277 771 432 800 norum
467 751 767 812 mysterIOrum
805 755 1124 796 occultationem
1141 787 1155 807 ,
1196 756 1297 808 quia

275 839 362 868 non
380 826 523 868 omnia
549 828 648 866 sunt
671 824 870 865 omnibus
894 823 1135 873 revelanda,
1157 835 1302 865 secun-

275 897 379 938 dum
405 897 519 950 quod
543 895 642 937 dicit
670 895 684 917 ³
703 894 812 935 Beda
835 908 844 934 :
876 908 895 932 <x
911 892 1114 934 Plicatum
1143 893 1299 934 librum

275 968 467 1009 ministro
485 967 688 1018 reddidit,
707 966 806 1019 quia
833 977 920 1007 non
939 966 1137 1007 omnibus
1158 967 1301 1007 omnia

249 1074 253 1077 Α
275 1038 472 1089 dicenda,
495 1038 566 1079 sed
596 1037 643 1091 (b)
672 1049 748 1090 pro
774 1039 898 1090 captu
924 1036 1190 1077 audientium
1211 1049 1301 1078 ver-

275 1112 380 1152 bum
407 1109 566 1151 doctori
593 1108 945 1161 dispensandum,
969 1120 1044 1149 suo
1065 1120 1301 1161 praemone-

276 1181 347 1221 bat
361 1180 569 1233 exemplo,
590 1194 609 1218 ›>
636 1191 734 1220 cum
753 1179 811 1220 ait
829 1179 842 1200 1
865 1194 904 1221 ιε(
921 1178 1051 1219 Multa
1070 1179 1205 1219 habeo
1224 1191 1301 1221 vo-

274 1250 339 1291 bis
371 1250 536 1300 dicere,
574 1251 646 1291 sed
682 1262 768 1291 non
806 1250 976 1303 potestis
1016 1249 1086 1290 illa
1131 1252 1300 1302 portare

276 1322 416 1363 modo.
438 1335 458 1359 ))
483 1322 496 1344 ⁵
527 1321 696 1372 «Vade,
731 1321 896 1372 Daniel,
920 1321 1019 1373 quia
1050 1321 1180 1361 clausi
1200 1324 1300 1362 sunt

273 1391 517 1444 signatique
543 1402 759 1432 sermones
785 1403 921 1443 usque
953 1391 1004 1431 ad
1037 1391 1299 1443 praefinitum

271 1464 453 1515 tempus.
482 1476 502 1501 i>
525 1461 600 1503 Vel
631 1461 723 1502 ideo
758 1461 959 1514 plicatum
988 1461 1180 1502 ministro
1209 1462 1300 1502 red-

271 1533 396 1584 didit,
433 1533 535 1586 quia
563 1533 796 1574 secundum
824 1532 929 1573 illud
952 1531 965 1553 ⁶
998 1546 1007 1572 ε
1045 1547 1063 1571 (ι
1083 1532 1225 1585 Usque
1254 1532 1299 1573 in

270 1603 526 1645 hodiernum
547 1604 679 1655 diem,
704 1616 802 1645 cum
832 1604 992 1655 legitur
1017 1603 1201 1656 Moyses,
1225 1616 1296 1646 ve-

270 1673 412 1714 lamen
431 1674 619 1727 positum
639 1676 845 1727 estsuper
862 1685 932 1714 cor
951 1685 1115 1714 eorum.
1139 1688 1158 1711 ›)

323 1744 387 1785 Ad
406 1745 728 1797 exprimendam
744 1756 846 1786 vero
861 1744 1102 1786 aviditatem
1117 1744 1159 1784 in
1176 1745 1298 1797 plebe

270 1815 467 1857 audiendi
484 1816 687 1866 verbum,
710 1816 905 1857 subditur
930 1828 940 1856 ε
962 1816 1016 1859 Εἰ
1041 1818 1230 1858 omnium
1248 1817 1297 1858 in

270 1898 490 1941 synaqoqa
521 1888 632 1930 oculi
652 1892 775 1930 erant
804 1888 1066 1930 intendentes
1091 1889 1140 1929 in
1172 1898 1292 1939 eum,

270 1959 390 2012 quasi
410 1958 694 2000 desiderantes
711 1970 810 1999 eum
830 1959 979 2000 audire
1007 1960 1113 1999 sicut
1133 1959 1296 2011 sapien—

271 2033 372 2072 tem.
396 2030 514 2072 Unde
544 2031 641 2071 dicit
662 2031 851 2083 Sapiens
872 2032 885 2054 ⁷
910 2045 918 2072 z
947 2045 966 2070 (‹
995 2030 1040 2070 In
1070 2034 1296 2083 conspectu

268 2101 504 2154 potentium
525 2101 784 2142 admirabilis
809 2114 882 2143 ero
898 2117 908 2153 3
926 2117 944 2140 i>
970 2105 1012 2143 et
1036 2105 1129 2156 post
1151 2116 1160 2143 z
1183 2118 1202 2141 α
1221 2103 1297 2144 Ta-

268 2173 432 2212 centem
463 2184 532 2213 me
563 2172 863 2224 sustinebunt,
887 2176 926 2214 et
954 2173 1197 2227 loquentem
1227 2187 1296 2215 me

267 2242 516 2296 respicient,
541 2257 560 2281 »
586 2245 664 2284 etc.
699 2243 750 2284 Et
779 2244 852 2286 Job
873 2248 886 2269 ⁸
921 2259 930 2285 ε
970 2260 989 2283 «
1021 2245 1100 2294 Qui
1129 2257 1196 2286 me
1225 2258 1297 2286 au-

266 2314 459 2365 diebant,
480 2315 759 2368 expectabant
782 2315 1057 2365 sententiam,
1078 2318 1119 2356 et
1147 2316 1295 2357 intenti

267 2385 460 2426 tacebant
490 2386 542 2426 ad
569 2386 794 2427 consilium
825 2399 983 2427 meum.
1007 2402 1026 2425 ))
1051 2387 1157 2436 Quia
1187 2388 1295 2428 sicut

267 2455 446 2497 dicitur⁹
472 2470 482 2496 ε
515 2471 534 2495 c<
562 2456 689 2497 Auris
719 2457 829 2497 bona
867 2457 1010 2498 audiet
1042 2469 1139 2498 cum
1177 2459 1293 2499 omni

268 2526 601 2579 concupiscentia
623 2526 889 2579 sapientiam.
913 2540 931 2564 i)

320 2596 386 2637 Ad
404 2596 706 2637 insinuandam
726 2609 827 2639 vero
844 2598 1093 2649 veritatem,
1118 2598 1208 2639 sive
1225 2600 1295 2640 fir-

266 2666 457 2707 mitatem
487 2667 711 2718 doctrinae,
740 2668 936 2709 subditur
959 2683 968 2709 :
995 2668 1126 2721 Coepz‘t
1157 2672 1294 2711 autem

267 2736 403 2779 dicere
428 2736 487 2778 ad
513 2737 633 2786 illos,
656 2738 760 2789 quia
788 2738 912 2781 hodie
938 2739 1108 2791 impleta
1128 2743 1187 2782 esc
1208 2740 1293 2782 liceo

265 2809 482 2860 scriptura
517 2809 565 2850 in
601 2809 776 2850 auribus
811 2810 975 2852 vestris.
1016 2809 1111 2851 Ideo
1141 2810 1294 2851 dicitur

266 2878 439 2932 impleta
458 2879 664 2932 scriptura
683 2879 755 2920 illa
774 2882 874 2920 tunc
902 2880 1052 2931 fuisse,
1075 2881 1177 2933 quia
1195 2893 1293 2922 cum

266 2950 396 2991 verba
426 2950 497 2991 illa
521 2951 574 2992 ad
603 2950 817 2992 Christum
850 2952 1112 3004 pertineant,
1148 2953 1293 2994 nullus

267 3019 312 3059 in
331 3021 502 3074 propria
520 3034 701 3075 persona
720 3025 883 3075 poterat
903 3023 1083 3064 verbum
1103 3025 1292 3076 praemis-

268 3100 363 3130 sum
395 3104 495 3133 vere
531 3093 688 3144 dicere,
722 3093 803 3134 nisi
836 3094 1045 3146 Christus,
1077 3095 1151 3147 qui
1189 3095 1293 3136 illud

268 3158 375 3211 legit
392 3161 436 3202 in
456 3162 629 3204 auribus
648 3175 797 3204 eorum
812 3164 840 3186 ¹⁰
856 3176 866 3205 :
883 3179 901 3203 (ι
916 3164 1015 3206 Haec
1034 3167 1132 3205 sunt
1146 3165 1289 3215 verba,

311 3259 322 3280 1
337 3259 472 3297 Mami„
491 3269 588 3302 xxm,
613 3264 643 3294 2.
659 3281 698 3287 -
717 3280 758 3286 —
780 3264 793 3284 2
817 3263 887 3305 Job,
907 3272 1002 3303 xxm,
1028 3267 1081 3296 25.
1102 3283 1142 3287 —
1162 3265 1175 3287 3
1195 3266 1290 3306 Bed.‚

271 3305 305 3335 z'n
325 3306 550 3346 Luc.,1ih.11.
567 3325 607 3331 -—-
627 3309 637 3327 ⁴
659 3310 767 3348 loun„
790 3318 860 3350 XVI,
887 3313 937 3343 12.
955 3329 996 3335 —
1017 3312 1027 3330 ⁵
1050 3312 1154 3352 Dan„
1174 3319 1237 3352 xli,
1259 3316 1290 3344 9.

270 3369 309 3375 —
329 3353 342 3372 ⁶
364 3353 389 3383 ll
413 3353 502 3393 Cor„
525 3362 577 3394 111,
599 3357 649 3386 15.
669 3373 709 3379 —
729 3357 738 3375 ⁷
758 3357 850 3397 Sap„
873 3365 952 3399 vni,
979 3360 1031 3399 11,
1054 3361 1102 3391 12.
1125 3377 1166 3382 -
1186 3360 1199 3381 3
1219 3360 1289 3400 Job,

247 3397 365 3439 'xxug
385 3401 437 3431 21.
463 3417 503 3423 —-
524 3401 535 3420 1)
558 3401 672 3438 Εςοίι”.,
700 3410 753 3443 111,
775 3406 825 3437 13.
842 3421 883 3427 -
906 3406 930 3428 ¹⁰
947 3406 1036 3446 Luc„
1058 3414 1151 3446 xxtv,
1179 3408 1229 3438 44.
1250 3425 1291 3430 —

272 3446 441 3487 ¹¹Matllc.,
456 3454 508 3487 111,
528 3449 629 3480 15.—
644 3449 818 3491 1²Mattk„
836 3459 869 3493 v,
884 3454 932 3485 17.
951 3470 986 3476 -
1005 3453 1033 3475 1³
1044 3453 1180 3495 Eplzes„
1195 3461 1220 3494 1,
1235 3456 1287 3487 23.

2325 177 2401 215 313

1381 273 1478 314 quae
1496 261 1664 302 locutus
1684 271 1781 301 sum
1802 261 1854 301 ad
1873 271 1970 311 VOS,
1994 271 2092 301 cum
2111 260 2249 301 adhuc
2267 273 2400 303 essem

1380 332 1600 374 vobiscum
1636 346 1644 373 :
1684 331 1885 384 quoniam
1921 342 2089 372 necesse
2138 333 2200 371 est
2237 331 2401 384 impleri

1379 402 1541 452 omnia,
1564 414 1661 455 quae
1686 401 1838 454 scripta
1858 404 1957 442 sunt
1987 401 2033 441 in
2059 401 2155 453 lege
2184 401 2343 454 Moysi,
2363 406 2403 442 et

1380 474 1623 526 Prophetis,
1645 476 1685 514 et
1714 473 1889 513 Psalmis
1914 473 1964 513 de
1984 485 2067 513 me.
2091 486 2109 510 »
2135 472 2252 514 Unde
2285 473 2399 514 Chri-

1379 547 1467 585 stus
1488 544 1733 596 adimplevit
1753 556 1923 585 omnem
1939 543 2172 596 justitiam,
2194 547 2402 596 quantum

1378 615 1430 655 ad
1450 627 1622 655 morum
1656 616 1937 667 honestatem,
1965 615 2199 656 secundum
2219 615 2323 655 illud
2342 617 2366 638 ¹¹
2391 630 2399 656 :

1384 699 1403 723 <t
1422 684 1490 725 Sic
1509 685 1624 726 decet
1643 697 1720 726 nos
1739 686 1914 738 implere
1934 698 2105 726 omnem
2132 686 2355 739 justitiam.
2377 702 2396 724 n

1377 754 1570 807 Implevit
1602 755 1729 796 etiam
1761 767 1932 796 omnem
1964 756 2237 809 scripturam,
2269 757 2400 809 expli-

1377 825 1509 866 cando
1528 827 1570 866 et
1589 826 1837 878 exponendo
1857 826 1929 866 Dei
1951 827 2171 867 veritatem
2192 830 2222 851 ¹2
2243 842 2251 868 :
2280 842 2299 866 c«
2326 828 2404 869 No-

1376 895 1447 937 lite
1476 897 1652 948 putare,
1685 896 1886 949 quoniam
1916 896 2014 937 veni
2044 896 2207 938 solvere
2236 897 2399 950 legem,

1377 968 1451 1007 aut
1471 967 1700 1020 prophetas
1723 981 1731 1008 z
1754 978 1841 1007 non
1868 966 1982 1007 enim
2002 967 2101 1008 veni
2127 967 2310 1018 solvere,
2332 969 2402 1008 sed

1376 1037 1621 1090 adimplere.
1644 1051 1662 1075 i>
1688 1037 1738 1078 Et
1758 1038 1851 1078 ideo
1870 1037 2022 1078 dicitur
2037 1038 2082 1087 ¹³,
2101 1052 2120 1076 (ι
2143 1037 2242 1090 quia
2261 1039 2403 1078 omnia

1375 1109 1419 1149 in
1453 1109 1652 1149 omnibus
1687 1108 1946 1161 adimplevit.
1987 1121 2005 1145 ›)
2044 1108 2160 1149 Unde
2197 1109 2327 1151 verba
2362 1112 2403 1150 et

1375 1180 1502 1231 signa
1529 1181 1682 1222 veteris
1707 1179 1815 1232 legis
1834 1191 1989 1229 vacua,
2010 1178 2203 1231 implevit
2228 1180 2402 1221 veritate

1375 1253 1416 1290 et
1441 1251 1593 1302 gratia.
1616 1250 1663 1291 In
1690 1252 1814 1303 cujus
1842 1250 2036 1302 signum,
2059 1250 2239 1292 Joamzz‘s
2259 1262 2401 1291 secun-

1375 1321 1426 1361 do
1449 1322 1511 1373 (c),
1534 1321 1578 1362 in
1598 1321 1735 1374 primo
1767 1322 1890 1373 signo
1918 1321 2071 1361 dicitur
2096 1321 2122 1343 ¹¹·
2154 1336 2162 1362 :
2188 1337 2206 1360 α
2228 1321 2400 1374 Implete

1374 1391 1548 1444 hydrias
1571 1403 1694 1443 aqua.
1718 1391 1767 1432 Et
1789 1391 2074 1443 impleverunt
2093 1403 2164 1432 eas
2191 1403 2329 1444 usque
2348 1392 2401 1432 ad

1373 1473 1609 1501 summum.
1632 1476 1651 1499 »

1426 1533 1492 1573 Ad
1538 1532 1823 1574 denotandum
1873 1543 1975 1573 vero
2022 1531 2314 1572 credulitatem
2356 1533 2401 1573 in

1374 1604 1646 1646 multitudine
1667 1604 1906 1654 assistente,
1928 1603 2122 1644 subditur
2146 1604 2200 1656 (v.
2227 1604 2290 1656 022)
2314 1618 2321 1644 :
2346 1604 2400 1646 Ec

1374 1686 1515 1718 omnes
1542 1676 1831 1719 testimonium
1856 1675 1924 1717 illi·
1949 1675 2124 1717 dabant.
2163 1674 2330 1724 Omnes,
2359 1675 2399 1715 id

1372 1750 1432 1787 est
1451 1779 1459 1798 ,
1485 1747 1617 1800 aliqui
1638 1747 1688 1788 de
1710 1746 1909 1787 omuibus
1930 1745 2263 1786 testificabantur
2283 1758 2399 1786 sanc-

1372 1818 1532 1858 titatem
1555 1820 1595 1858 et
1617 1817 1900 1858 innocentiam
1918 1816 2049 1869 ipsius
2068 1816 2119 1856 ¹⁵:
2141 1831 2159 1855 α
2178 1816 2305 1857 Auris
2326 1829 2398 1857 au-

1371 1890 1488 1931 diens
1509 1889 1771 1930 beatificabat
1793 1889 1845 1940 (cl)
1881 1900 1964 1939 me,
1993 1890 2034 1928 et
2065 1888 2213 1928 oculus
2250 1888 2398 1929 videns

1370 1960 1660 2001 testimonium
1687 1959 1886 2000 reddebat
1919 1958 2041 1998 mihi.
2071 1972 2089 1996 ›)
2116 1957 2167 1998 Et
2197 1959 2397 2011 quoniam

1370 2033 1510 2074 verbis
1530 2044 1615 2073 non
1635 2033 1830 2084 poterant
1850 2032 1941 2082 ejus
1962 2029 2147 2081 gratiam
2171 2030 2395 2082 explicare,

1369 2104 1462 2145 ideo
1483 2103 1675 2144 subditur
1692 2117 1701 2143 :
1718 2103 1772 2145 Ec
1789 2101 2058 2144 mirabantur
2080 2102 2129 2144 in
2148 2101 2283 2144 verbis
2304 2112 2397 2154 qra-

1370 2176 1465 2225 tioe‘,
1489 2185 1583 2227 quoe
1609 2173 1887 2227 procedebam
1913 2172 1963 2214 de
1993 2183 2061 2215 ore
2093 2173 2247 2224 ipsius.
2272 2172 2339 2213 Sic
2359 2175 2399 2213 et

1370 2245 1560 2286 doctores
1582 2249 1612 2272 ¹⁶
1633 2245 1899 2285 mirabantur
1925 2259 1944 2282 (ι
1971 2255 2099 2296 super
2118 2243 2339 2296 prudentia
2358 2246 2398 2284 et

1369 2316 1582 2368 responsis
1611 2317 1756 2368 ejus.»
1779 2315 1830 2356 Et
1858 2314 2058 2355 dicuntur
2086 2314 2216 2355 verba
2246 2315 2396 2366 gratiae

1368 2387 1602 2427 secundum
1622 2386 1726 2426 illud
1749 2386 1776 2410 ¹⁷
1803 2396 1813 2425 z
1842 2399 1861 2422 «
1881 2384 1929 2424 In
1948 2384 2070 2424 labiis
2103 2385 2256 2425 sensati
2276 2385 2396 2426 inve-

1367 2457 1508 2497 nietur
1529 2456 1692 2508 gratia,
1714 2470 1733 2493 ›)
1759 2457 1800 2496 et
1819 2455 2005 2495 maxime
2024 2455 2099 2507 huj
2107 2467 2154 2495 us
2167 2486 2179 2506 ,
2198 2456 2251 2496 ad
2268 2468 2394 2508 quem

1369 2530 1519 2571 Petrus
1537 2530 1697 2570 dicebat
1724 2530 1751 2555 ¹⁸
1775 2542 1784 2570 :
1808 2544 1826 2568 α
1840 2528 1978 2570 Verba
1997 2529 2098 2571 vitae
2123 2531 2295 2571 aeternae
2316 2531 2394 2571 ha-

1366 2601 1454 2641 bes.
1475 2615 1494 2638 n
1520 2600 1571 2641 Et
1589 2600 1677 2653 ipse
1696 2600 1747 2641 de
1765 2611 1809 2640 se
1830 2600 1857 2621 ¹⁹
1881 2614 1919 2640 2«
1939 2599 2094 2650 Verba,
2120 2612 2216 2652 quae
2236 2613 2319 2653 ego
2338 2601 2395 2642 lo-

1367 2674 1488 2712 cutus
1508 2683 1603 2711 sum
1622 2670 1764 2721 vobis,
1788 2670 1961 2723 spiritus
1992 2673 2034 2711 et
2059 2670 2147 2712 vita
2167 2674 2280 2712 sunt.
2302 2687 2320 2709 ›)
2344 2672 2395 2712 Et

1366 2742 1458 2783 ideo
1489 2742 1535 2782 in
1570 2741 1736 2785 Psalmo
1764 2743 1792 2767 ‘²⁰
1823 2756 1832 2783 ε
1869 2756 1888 2779 α
1908 2741 2066 2782 Diffusa
2091 2743 2153 2782 est
2189 2743 2323 2794 gratia
2349 2743 2393 2783 in

1366 2813 1487 2854 labiis
1511 2814 1613 2865 tuis,
1639 2816 1861 2867 propterea
1891 2813 2108 2854 benedixit
2139 2815 2179 2854 te
2210 2814 2318 2854 Deus
2349 2814 2393 2854 in

1366 2886 1591 2926 aeternum.
1613 2899 1631 2923 ›)

1419 2956 1473 2997 Ec
1505 2955 1699 2998 dicebant
1717 2966 1731 2995 .·
1753 2955 1925 3005 Nonne,
1948 2955 2026 2995 ete.
2061 2953 2292 3008 Postquam
2326 2955 2392 2996 in-

1366 3026 1554 3067 troduxit
1573 3025 1862 3067 testimonium
1890 3024 2186 3077 propheticum
2215 3025 2268 3065 ad
2298 3037 2391 3065 eru-

1365 3096 1566 3137 ditionem
1587 3096 1868 3144 credentium,
1891 3094 1959 3135 hic
1988 3094 2216 3135 introducit
2244 3106 2387 3134 exem-

1364 3167 1482 3219 plum
1501 3167 1793 3208 authenticum
1818 3166 1871 3206 ad
1898 3164 2227 3206 confutationem
2254 3165 2388 3205 detra-

1364 3278 1405 3284 ——
1426 3261 1450 3282 1⁴
1473 3261 1580 3301 Joan„
1606 3268 1645 3300 IL,
1664 3262 1695 3292 7.
1720 3278 1754 3283 -—
1776 3260 1802 3282 ¹5
1820 3259 1895 3297 Job,
1915 3267 2010 3299 xxtx,
2035 3261 2082 3290 11.
2100 3275 2134 3280 —-
2157 3259 2183 3279 1⁶
2210 3258 2329 3297 Supra,
2348 3264 2386 3296 ΙΙ,

1365 3309 1415 3340 47.
1436 3326 1475 3330 —
1495 3309 1518 3329 ¹7
1535 3307 1654 3346 Eccle.,
1678 3315 1712 3346 x,
1734 3309 1780 3339 12.
1804 3324 1839 3329 -—
1864 3306 1891 3328 18
1909 3306 2016 3345 Ιοαη.,
2039 3313 2085 3345 Vl,
2107 3306 2155 3336 08.
2178 3321 2216 3327 —
2238 3305 2267 3325 ¹⁴³
2288 3303 2385 3343 ibid„

1365 3357 1415 3387 64.
1435 3371 1477 3378 —
1495 3356 1524 3377 10
1544 3354 1634 3386 Ρειιί.
1660 3362 1751 3392 xLIV,
1771 3356 1800 3386 3.

1407 3407 1451 3448 (a)
1468 3408 1546 3440 Caet.
1559 3408 1638 3439 eclc'c.
1653 3407 1740 3439 deest
1754 3407 1843 3440 Si.—-
1858 3406 1904 3447 (b)
1919 3407 1999 3437 Item
2013 3405 2192 3437 scilicet.—
2210 3403 2248 3445 (c)
2268 3403 2383 3447 Suppl.

1364 3455 1484 3496 capite.
1499 3473 1535 3478 -
1551 3455 1597 3495 (d)
1615 3455 1696 3488 Caet.
1717 3454 1796 3487 edit.
1819 3454 1997 3487 beatificat.
