2634 3853
282 216 359 254 608

278 304 338 342 tat
371 301 424 341 ad
461 295 742 339 reverentiam
784 306 793 333 :
839 292 951 344 quod
993 292 1165 344 quidem
1207 290 1302 330 facit

278 367 568 424 persuadendo
602 364 885 406 humilitatem
913 361 1137 414 perfectam
1154 391 1166 410 ,
1198 359 1303 399 assi-

281 439 452 492 gnando
475 437 701 478 utilitatem
722 433 963 485 adjunctam
981 463 991 481 ,
1013 430 1302 471 confirmando

279 522 353 563 per
379 508 619 562 aequitatem
648 504 850 544 divinam.

333 580 475 621 Primo
494 577 629 628 igitur
643 573 900 626 persuadens
915 571 1197 611 humilitatem
1214 581 1305 620 per-

281 651 444 698 fectam,
468 646 567 687 dicit
589 659 597 684 z
620 644 808 686 Sedecim
822 646 995 684 vocatus
1012 641 1161 692 tueris,
1178 638 1301 688 vade,

281 718 466 761 recumbe
495 718 543 758 in
574 715 803 756 710vi88i7220
824 713 924 762 loco,
946 711 1131 763 teipsum
1151 709 1306 749 scilicet

281 789 477 830 omuibus
505 784 794 840 postponendo
811 814 822 832 ,
857 781 1091 823 secundum
1120 779 1222 820 illud
1253 780 1263 800 1
1293 789 1303 817 t

286 860 584 910 «Quicumque
603 855 783 897 voluerit
804 854 911 893 inter
938 864 1013 893 vos
1032 853 1168 903 maj0r
1190 849 1303 900 fieri,

280 930 331 970 sit
351 933 490 971 vester
508 928 713 969 minister.
737 925 787 966 Et
805 924 880 977 qui
900 922 1082 963 voluerit
1100 922 1211 961 inter
1230 932 1307 961 vos

281 1001 444 1052 primus
453 1011 558 1048 esse,
571 998 650 1039 erit
660 998 797 1038 vester
808 1006 955 1035 servus
969 1005 980 1034 ς
992 993 1098 1033 51001
1109 991 1222 1032 filius
1233 991 1307 1031 110-

280 1071 409 1110 minis
427 1082 512 1111 non
529 1069 645 1110 venit
667 1064 914 1112 ministrari,
928 1063 998 1104 sed
1016 1062 1305 1102 ministrare.»

280 1139 397 1180 Unde
418 1140 505 1192 ipse
524 1137 676 1179 resedit
704 1137 745 1175 in
773 1134 1004 1174 novissimo
1031 1132 1121 1173 loco
1139 1134 1177 1172 2:
1206 1131 1305 1172 «Vi-

280 1211 423 1251 dimus
443 1222 543 1250 eum
563 1207 842 1249 novissimum
859 1205 1067 1253 virorum,
1083 1204 1309 1244 virumdo-

279 1281 421 1321 lorum
454 1283 495 1321 et
528 1279 727 1320 scientem
758 1276 1078 1316 infirmitatem:
1109 1278 1150 1315 et
1187 1274 1308 1327 quasi

280 1351 548 1391 absconditus
582 1349 727 1391 vultus
763 1350 855 1400 ejus
887 1348 928 1387 et
960 1346 1234 1398 despectus.»
1262 1344 1310 1384 In

280 1420 411 1473 hujUs
447 1420 697 1461 humilitatis
739 1417 1147 1458 commendationem
1193 1415 1310 1456 sedes

282 1491 625 1532 excellentiorum
643 1489 888 1530 remotiores
908 1490 1006 1527 sunt
1032 1487 1084 1526 ab
1105 1485 1248 1535 altari,
1271 1487 1311 1526 et

282 1561 326 1600 in
349 1561 685 1613 processionibus
709 1559 759 1612 (a)
782 1559 943 1611 priores
961 1556 1192 1608 dignitates
1212 1556 1311 1595 sunt

282 1632 556 1685 posteriores,
578 1631 630 1671 ad
662 1630 794 1682 ipsius
812 1629 966 1669 scilicet
991 1626 1143 1667 Christi
1174 1626 1311 1665 imita-

283 1702 456 1753 tionem,
479 1702 553 1754 qui
573 1701 719 1752 utique
739 1700 791 1739 ad
810 1699 921 1738 hanc
936 1697 1223 1737 humilitatem
1244 1695 1310 1734 in—

282 1772 467 1823 vitabat,
502 1783 600 1812 cum
631 1771 824 1811 omnium
863 1767 1150 1821 apostolorum
1185 1766 1311 1818 pedes

282 1842 386 1883 lavit
409 1845 422 1867 3
443 1857 451 1882 :
481 1857 499 1880 «
520 1842 563 1882 Si
582 1854 664 1893 ego
684 1841 770 1881 lavi
784 1840 909 1893 pedes
927 1841 1089 1879 vestros
1109 1837 1312 1878 Dominus

283 1916 324 1953 et
343 1911 558 1964 Magister,
581 1914 622 1952 et
646 1923 722 1953 vos
742 1910 899 1951 debetis
928 1909 1034 1950 alter
1058 1907 1312 1949 0110110510-

283 1996 384 2025 vare
403 1983 543 2036 pedes.
568 1981 821 2035 Exemplum
841 1980 956 2022 enim
972 1979 1066 2020 dedi
1085 1979 1308 2029 vobiS,etc.

285 2054 390 2102 Quia
417 2054 430 2075 ¹·
466 2069 484 2093 «
521 2066 608 2095 non
652 2056 714 2094 est
763 2063 912 2093 servus
959 2052 1096 2103 maJ'or
1142 2049 1312 2090 domino

285 2136 384 2175 suo,
421 2138 440 2161 >)
476 2127 553 2165 010.
595 2124 646 2164 Ε1
684 2123 777 2164 ideo
819 2121 1046 2174 Apostolus
1084 2120 1310 2161 dicebat5:

292 2210 310 2232 «
330 2195 433 2236 Cum
452 2207 586 2235 essem
607 2194 713 2234 liber
731 2192 1014 2245 exsomnibus,
1032 2191 1227 2232 omnium
1246 2202 1314 2230 me

285 2277 457 2306 servum
478 2265 568 2306 feci.
587 2279 606 2302 ›)
635 2264 686 2305 Et
709 2275 861 2305 rursus
879 2263 892 2284 ⁶
915 2277 923 2303 :
953 2277 972 2300 α
991 2262 1081 2313 Ego
1114 2273 1209 2302 sum
1239 2260 1315 2300 mi-

285 2336 428 2377 nimus
454 2337 741 2389 apostolorum
759 2367 769 2386 ,
807 2335 881 2387 qui
913 2346 999 2374 000
1035 2345 1129 2374 sum
1154 2333 1315 2383 dignus

286 2408 428 2449 vocari
464 2407 734 2460 apostolus.»
775 2405 826 2445 Et
862 2405 1019 2445 iterum
1057 2408 1070 2428 ⁷
1107 2418 1116 2443 ς
1159 2418 1178 2441 «
1213 2402 1315 2442 Mihi

286 2478 402 2518 enim
434 2478 627 2519 omnium
654 2478 897 2517 sanctorum
926 2474 1104 2515 minimo
1138 2473 1235 2514 data
1253 2474 1316 2512 est

289 2549 428 2599 gratia
449 2549 554 2599 haec,
577 2549 621 2588 in
643 2547 845 2600 gentibus
864 2544 1158 2597 evangelizare
1180 2543 1316 2584 inves-

286 2618 481 2670 tigabiles
519 2618 687 2660 divitias
709 2616 875 2657 Christi.
910 2631 928 2654 ))
962 2615 1012 2656 Ε1
1041 2615 1134 2655 ideo
1154 2614 1316 2654 dicebat

288 2689 480 2742 princeps
514 2690 800 2742 apostolorum
827 2687 976 2729 Petrus
1011 2685 1024 2706 ⁸
1053 2700 1061 2725 :
1092 2700 1111 2723 (ι
1132 2683 1317 2736 SubJecti

289 2763 420 2801 estote
439 2761 556 2802 omni
572 2760 773 2800 humanae
793 2760 997 2798 creaturae
1026 2757 1199 2808 propter
1231 2753 1316 2795 Do-

290 2832 473 2872 minum.
495 2846 513 2869 n
541 2830 738 2873 Recumbe
757 2830 888 2881 igitur
900 2830 948 2870 in
965 2827 1196 2870 novissimo
1213 2825 1315 2875 Loco,

290 2903 330 2941 te
362 2901 604 2942 inferiorem
634 2901 831 2942 omnibus
859 2898 1109 2951 reputando.
1143 2896 1226 2937 Sed
1251 2896 1315 2936 di-

291 2983 358 3011 ces
381 2986 390 3012 :
413 2972 630 3020 Quomodo
653 2984 721 3012 me
750 2982 850 3012 vere
878 2968 1083 3021 reputabo
1122 2966 1319 3008 omnibus

292 3044 495 3094 pejorem,
535 3054 633 3083 cum
659 3041 782 3082 multi
817 3040 901 3080 sint
935 3051 1004 3079 me
1035 3038 1233 3091 peJ'ores‘?
1254 3037 1318 3078 Ad

291 3111 372 3153 hoc
398 3112 623 3165 respondet
655 3110 892 3151 Bernardus
920 3109 933 3130 ⁹
961 3120 971 3149 :
1014 3123 1033 3146 «
1061 3108 1105 3149 Si
1137 3107 1319 3148 enimin

292 3195 479 3235 quonam
514 3183 562 3235 (b)
597 3183 709 3222 statu
736 3191 1087 3233 unumquemque
1124 3180 1319 3219 nostrum

293 3252 446 3293 habeat
476 3253 607 3305 Deus,
637 3251 799 3305 liquido
828 3261 1209 3302 cognosceremUS,
1242 3260 1320 3290 000

336 3337 346 3357 ¹
367 3337 502 3376 Mattlz„
525 3345 590 3377 xx,
617 3338 677 3376 26,
696 3336 747 3367 28.
767 3352 807 3357 —
826 3335 840 3356 2
866 3335 943 3373 lm„
966 3341 1047 3371 LIII,
1067 3334 1097 3364 3.
1119 3349 1158 3355 —
1182 3332 1193 3350 ³
1212 3332 1318 3368 Joan„

295 3389 371 3423 xm,
394 3386 442 3425 14,
468 3386 517 3415 15.
538 3401 578 3407 —
597 3384 610 3405 ¹·
625 3384 736 3421 Jomz„
755 3389 813 3421 xv,
832 3383 882 3412 20.
903 3398 943 3404 -—
962 3381 1003 3411 51
1027 3380 1186 3419 Cor.,1x,
1210 3381 1259 3410 19.
1280 3395 1322 3402 -·

297 3428 310 3447 “
326 3430 423 3469 ibid„
444 3438 500 3472 xv,
521 3433 551 3463 9.
571 3448 611 3454 —
631 3430 644 3452 '¹
665 3429 801 3471 Ephes„
824 3436 876 3467 10,
898 3430 928 3460 8.
948 3446 988 3451 -
1007 3427 1020 3449 ⁸
1045 3429 1053 3458 Ι
1079 3428 1183 3467 Petr.,
1207 3434 1247 3466 11,
1269 3427 1321 3458 13.

296 3492 337 3499 —-
357 3479 369 3496 ⁹
390 3478 506 3518 Rern„
524 3478 559 3509 in
583 3478 696 3517 Cant„
715 3485 819 3516 serm,
839 3483 971 3513 xxxvii,
993 3484 1027 3506 0.
1049 3476 1078 3506 6.

1004 201 1285 245 EVANGELH
1316 200 1501 242 SANCTI
1532 199 1680 241 LUCAE

1375 300 1503 341 supra
1523 300 1638 338 sane,
1660 300 1737 329 nec
1756 288 1866 328 infra
1885 288 2028 329 sedere
2047 287 2318 335 deberemuS,
2333 297 2402 327 ve-

1374 360 1487 400 ritati
1507 360 1551 400 10
1571 360 1771 401 omnibus
1790 360 2114 413 acquiescentes.
2129 359 2248 400 Nunc
2259 359 2402 397 autem

1376 431 1477 483 quia
1495 431 1716 471 consilium
1749 431 1828 471 hoc
1857 430 1998 483 posuit
2021 430 2213 470 tenebras
2243 428 2402 468 latibu-

1376 501 1466 541 lum
1489 513 1630 550 suum,
1653 504 1695 541 et
1712 513 1850 542 sermo
1871 500 2138 541 absconditus
2155 502 2215 539 est
2228 511 2252 539 a
2264 498 2402 548 nobis,

1376 570 1435 611 ita
1463 574 1511 611 ut
1537 584 1662 612 nemo
1692 572 1793 612 sciat
1823 572 1858 611 si
1891 571 2048 623 dignus
2078 571 2131 610 sit
2160 581 2330 620 amore,
2350 580 2405 608 00

1377 641 1492 692 odio,
1506 641 1663 693 justius
1682 642 1900 694 tutiusque
1918 641 2118 693 profecto,
2136 641 2261 691 juxta
2275 639 2405 691 ipsius

1378 711 1566 751 veritatis
1589 711 1826 761 consilium,
1849 712 1883 751 si
1902 710 2185 752 novissimum
2205 709 2324 748 nobis
2343 709 2406 748 lo-

1378 793 1477 822 cum
1497 781 1717 832 eligimus,
1744 782 1794 822 de
1814 793 1898 833 quo
1919 779 2188 833 postmodum
2215 790 2315 819 cum
2334 778 2408 817 ho-

1378 862 1481 892 nore
1514 851 1709 904 superius
1729 851 1984 901 educamur,
2017 861 2147 902 quam
2166 848 2201 888 si
2227 848 2271 900 (0)
2296 859 2405 900 prae-

1379 923 1590 963 sumimus
1608 922 1823 972 altiorem,
1847 921 1962 962 unde
1987 920 2133 960 cedere
2156 931 2257 959 mox
2285 930 2409 971 opor-

1378 995 1463 1033 teat
1483 1005 1583 1034 cum
1612 994 1782 1033 rubore.
1813 992 1908 1033 Non
1937 994 1999 1033 est
2033 1003 2138 1042 ergo
2170 989 2409 1043 periculum

1381 1066 1776 1116 quantumcumque
1792 1065 1833 1103 te
1846 1062 2061 1112 humilies,
2078 1064 2407 1114 quantumcum-

1381 1145 1463 1186 que
1487 1135 1528 1173 te
1550 1135 1719 1185 reputes
1737 1133 1963 1183 minorem,
1984 1144 2112 1184 quam
2132 1132 2213 1183 sis,
2233 1132 2313 1172 hoc
2332 1134 2406 1182 est,

1381 1216 1511 1257 quam
1534 1207 1573 1244 te
1605 1204 1761 1245 veritas
1784 1204 1955 1254 habeat,
1986 1205 2049 1243 est
2077 1205 2221 1243 autem
2248 1202 2410 1254 grande

1382 1274 1543 1314 malum
1581 1274 1926 1326 horrendumque
1968 1272 2230 1326 periculum,
2270 1272 2305 1312 si
2343 1272 2411 1313 vel

1383 1344 1545 1385 modice
1574 1344 1669 1396 plus
1702 1356 1801 1385 vero
1827 1346 1868 1385 te
1888 1343 2086 1394 extollas,
2110 1342 2144 1382 si
2162 1343 2230 1384 vel
2249 1343 2324 1383 uni
2344 1342 2412 1384 vi-

1382 1415 1531 1456 delicet
1550 1415 1684 1456 intua
1703 1415 1959 1467 cogitatione
1978 1418 2019 1456 te
2039 1415 2260 1468 praeferas,
2283 1427 2411 1468 quem

1383 1487 1489 1527 forte
1511 1498 1656 1538 parem
1687 1486 1768 1526 tibi
1799 1486 1952 1527 veritas
1979 1486 2162 1539 judicat,
2192 1485 2412 1526 autetiam

1384 1555 1661 1608 superiorein.
1701 1556 2068 1604 Quemadmodum
2103 1557 2240 1605 enim,
2271 1556 2306 1595 si
2338 1568 2413 1608 per

1385 1627 1542 1667 ostium
1561 1629 1762 1676 transeas,
1786 1627 1909 1678 cujus
1937 1625 2275 1678 superliminare,
2296 1627 2343 1665 ut
2362 1625 2415 1666 ad

1385 1696 1709 1747 intelligentiam
1731 1696 1909 1748 loquar,
1941 1696 2124 1737 nimium
2154 1697 2326 1737 bassum
2346 1696 2412 1746 511,

1385 1778 1472 1807 non
1491 1769 1612 1807 nocet
1637 1769 2034 1819 quantumcumque
2063 1769 2104 1807 te
2126 1766 2412 1816 inclinaveris,

1385 1839 1508 1878 nocet
1527 1839 1670 1877 autem
1701 1837 1736 1877 si
1767 1837 1835 1878 vel
1868 1837 2098 1879 transversi
2124 1837 2247 1888 digiti
2281 1837 2416 1890 spatio

1385 1908 1481 1961 plus
1507 1920 1637 1961 quam
1671 1908 1765 1949 ostii
1797 1908 1954 1961 patitur
1987 1920 2187 1949 mensura
2214 1909 2413 1959 erexeris,

1386 1979 1446 2020 ita
1476 1981 1523 2019 ut
1542 1979 1758 2032 impingas
1773 2010 1783 2029 ,
1812 1982 1853 2020 et
1871 1979 2004 2032 capite
2029 1981 2226 2033 quassato
2246 1979 2414 2020 collida-

1386 2050 1444 2090 ris
1457 2065 1467 2100 ;
1497 2050 1555 2089 510
1591 2049 1635 2089 10
1672 2049 1814 2089 anima
1855 2062 1942 2090 non
1978 2052 2041 2090 est
2077 2050 2202 2102 plane
2232 2050 2418 2091 timenda

1389 2120 1648 2173 quantalibet
1666 2120 1905 2161 humiliatio
1918 2152 1928 2171 ,
1950 2120 2161 2161 horrenda
2187 2123 2331 2162 autem
2350 2120 2416 2161 01-

1387 2191 1608 2243 miumque
1628 2190 1833 2242 pavenda,
1856 2191 1922 2231 vel
1945 2191 2124 2231 minima
2141 2194 2299 2232 temere
2312 2203 2419 2244 prae—

1388 2264 1559 2314 sumpta
1583 2262 1750 2302 erectio.
1775 2262 2059 2310 Quamobrem
2079 2262 2167 2303 noli
2187 2267 2248 2313 te,
2270 2262 2414 2312 homo,

1389 2344 1634 2385 comparare
1654 2331 1910 2384 majoribus,
1942 2332 2030 2372 noli
2049 2332 2282 2373 minoribus
2297 2364 2310 2383 ,
2332 2332 2420 2373 noli

1389 2402 1617 2455 aliquibus,
1640 2402 1727 2442 noli
1744 2402 1835 2442 uni.
1861 2401 1970 2451 Quid
1994 2402 2074 2442 scis
2085 2402 2214 2453 enim,
2229 2415 2254 2444 o
2273 2403 2417 2453 homo,

1390 2473 1424 2513 si
1444 2485 1558 2514 unus
1576 2473 1646 2514 ille
1665 2485 1793 2526 quem
1812 2474 1920 2515 forte
1948 2474 2142 2515 omnium
2165 2474 2420 2515 vilissimum

1390 2546 1516 2596 atque
1555 2543 1846 2584 miserrimum
1883 2546 2054 2596 reputas
2070 2575 2081 2593 ,
2127 2545 2251 2597 eujus
2287 2545 2420 2586 vitam

1391 2614 1756 2655 sceleratissimam
1775 2626 1823 2654 00
1847 2614 2122 2666 singularite-r
2145 2615 2420 2656 foedissimam

1391 2685 1561 2736 horres,
1598 2689 1639 2726 et
1674 2687 1895 2738 propterea
1919 2685 2039 2726 illum
2067 2689 2189 2739 putas
2226 2698 2422 2739 spernen-

1391 2757 1509 2807 dum,
1532 2768 1620 2797 non
1635 2756 1760 2797 modo
1774 2758 1933 2809 praete,
1953 2756 2027 2809 qui
2038 2757 2143 2798 forte
2156 2758 2248 2809 Jam
2266 2757 2418 2807 sobrie,

1392 2829 1433 2866 et
1447 2827 1574 2878 juste,
1598 2828 1639 2867 et
1658 2826 1727 2879 pie
1743 2826 1889 2868 vivere
1909 2829 1949 2867 te
1978 2826 2172 2878 confidis,
2203 2827 2274 2868 sed
2295 2827 2421 2867 etiam

1392 2908 1481 2949 prae
1519 2897 1680 2938 caeteris
1715 2897 1913 2937 omnibus
1960 2897 2170 2938 sceleratis
2217 2899 2421 2949 tanquam

1392 2967 1587 3008 omnium
1633 2968 2004 3009 sceleratissimum
2041 2980 2051 3008 ε
2091 2968 2191 3020 quid
2229 2968 2331 3017 scis,
2361 2967 2423 3007 in-

1393 3048 1538 3089 quam,
1561 3038 1595 3077 si
1618 3038 1768 3079 melior
1784 3041 1825 3079 et
1843 3040 1884 3079 te
1904 3041 1944 3079 et
1971 3038 2053 3078 illis
2068 3037 2300 3079 mutatione
2318 3038 2422 3078 dex-

1393 3108 1497 3149 terae
1517 3107 1678 3149 Excelsi
1692 3109 1738 3149 in
1755 3121 1799 3150 se
1814 3109 1984 3161 quidem
2003 3109 2172 3149 futurus
2193 3109 2260 3160 sit,
2277 3109 2322 3149 in
2342 3109 2422 3150 Deo

1393 3191 1496 3222 vero
1512 3179 1604 3231 ι1010
1624 3179 1701 3220 sit?
1721 3179 1773 3220 Et
1790 3181 2010 3232 propterea
2033 3190 2119 3219 non
2150 3179 2419 3231 mediocrem,

1395 3261 1481 3291 non
1513 3250 1583 3292 vel
1624 3249 1933 3303 penultimum,
1973 3260 2061 3290 non
2098 3249 2240 3302 ipsum
2275 3249 2423 3291 saltem

1395 3320 1503 3360 inter
1522 3320 1778 3363 novissimos
1803 3320 1963 3371 eligere
1987 3319 2129 3361 locum
2160 3331 2238 3362 nos
2270 3319 2420 3373 voluit,

1440 3425 1485 3465 (α)
1509 3426 1589 3458 Caet.
1609 3426 1690 3457 edit.
1709 3425 1992 3467 possessionibus.
2014 3443 2050 3448 —-
2074 3425 2118 3466 (b)
2141 3426 2221 3458 Coet.
2240 3425 2319 3458 edit.
2340 3435 2422 3468 quo·-

1396 3471 1501 3506 niam.
1521 3491 1561 3497 —
1582 3473 1624 3519 (c)
1648 3474 1729 3506 Item
1749 3473 1837 3505 deest
1856 3472 1896 3504 si.
