2634 3853
1122 215 1293 257 CAPUT
1322 216 1393 257 III.

199 320 302 361 ergo
324 308 375 360 (a)
398 321 407 347 ε
437 306 668 354 Vetustam,
693 305 813 358 quasi
841 319 850 346 :
877 304 971 345 Non
993 303 1222 354 miremini,

199 379 417 419 sitantum
447 376 492 416 in
511 388 580 416 me
602 375 748 425 vertit,
770 378 875 424 etc.,
897 374 998 426 quia
1017 376 1225 415 vetustam

196 448 311 500 fecit,
333 447 374 487 id
393 449 468 497 est,
492 446 584 486 fieri
605 445 810 498 permisit,
829 444 981 497 pellem
999 454 1149 493 meam,
1182 444 1225 483 id

197 520 282 569 est,
318 517 469 570 pellem
497 529 637 557 meam
662 519 870 558 vetustam
887 548 898 566 ,
929 518 970 555 et
999 515 1137 567 plagis
1174 515 1220 567 (b)

195 591 462 642 peccatorum
482 588 735 637 deformem;
759 599 856 640 quae
886 589 1074 627 vetustas
1094 586 1222 638 depo-

195 659 334 700 nenda
362 662 424 699 est
441 659 482 698 ¹:
515 673 534 696 «
552 658 765 699 Exuentes
797 660 842 708 (6)
868 659 1054 698 veterem
1083 656 1222 696 homi-

195 740 294 770 nem
313 741 411 769 cum
431 729 592 769 actibus
611 728 711 768 suis.
742 742 761 766 ›>
800 729 814 749 2
854 742 872 765 α
898 727 1087 767 Detracta
1118 725 1225 779 pelle

196 799 361 848 hostiae,
381 802 499 840 artus
527 799 573 838 in
598 799 731 839 frusta
759 800 1054 838 convertent.»
1076 799 1089 821 ³
1111 811 1130 834 α
1150 796 1225 837 Cu-

196 869 249 909 tis
269 881 362 910 mea
380 869 507 920 aruit,
530 873 570 910 et
583 871 795 910 contracta
808 871 883 909 est.
899 882 917 905 n
936 867 1166 919 Gregorius
1182 866 1196 887 ¹*
1213 881 1221 907 :

203 954 222 978 «
241 939 294 979 In
308 942 464 980 sanctae
485 939 680 980 Ecclesiae
700 950 895 991 corpore,
920 938 995 990 qui
1023 937 1121 977 solis
1149 949 1225 977 ex-

197 1009 420 1050 terioribus
451 1009 563 1050 euris
593 1009 858 1058 inserviunt,
892 1009 1004 1050 cutis
1036 1019 1225 1059 congrue

198 1081 489 1122 nominantur.
523 1095 542 1119 >³
567 1081 711 1122 Solent
730 1081 848 1121 etiam
872 1092 948 1132 per
968 1079 1121 1132 pellem
1143 1091 1224 1119 no-

198 1151 347 1193 biliora
385 1153 579 1193 membra
614 1152 808 1192 Ecclesiae
842 1152 1083 1203 designari,
1119 1151 1227 1191 sicut

199 1225 404 1276 martyres
417 1254 427 1273 ,
462 1223 537 1275 qui
555 1223 852 1274 significantur
871 1233 946 1274 per
966 1221 1095 1273 pelles
1114 1220 1222 1260 arie-

199 1296 290 1333 tum
318 1293 569 1343 rubricatas,
601 1281 758 1345 quibus
791 1292 1060 1344 operiebatur
1090 1292 1226 1331 taber-

198 1361 421 1412 naculum,
451 1365 500 1402 ut
530 1364 641 1414 patet
670 1363 715 1401 in
745 1361 895 1403 Eoeodo
927 1362 939 1382 ⁵
980 1373 989 1399 :
1034 1376 1052 1398 α
1084 1360 1226 1400 Facies

197 1431 508 1483 operimentum
525 1431 641 1471 aliud
660 1434 766 1471 tecto
784 1431 834 1470 de
846 1430 1025 1482 pellibus
1046 1430 1226 1469 arietum

197 1501 434 1542 rubricatis.
463 1516 482 1539 ›)
514 1501 619 1541 Item
639 1502 895 1541 confessores
927 1500 1225 1551 significantur

197 1583 271 1623 per
295 1571 422 1623 pelles
449 1570 772 1624 hyacinthinas,
805 1571 855 1610 de
890 1571 1044 1623 quibus
1076 1570 1225 1610 eodem

197 1643 378 1696 capitulo
400 1656 409 1682 :
434 1657 454 1681 (ι
477 1642 529 1683 Ε1
546 1654 674 1694 super
695 1642 775 1682 hoc
793 1653 967 1682 rursum
987 1641 1102 1681 aliud
1122 1653 1221 1693 ope-

196 1713 428 1754 rimentum
457 1713 508 1754 de
536 1712 824 1765 hyacinthinis
858 1712 1051 1764 pellibus.
1088 1725 1106 1748 »
1144 1710 1225 1760 Qui

197 1783 296 1836 quia
317 1779 443 1836 poena
461 1785 764 1832 extenuantur,
789 1783 942 1823 dicitur
970 1783 982 1804 ⁶
1012 1796 1020 1821 ;
1045 1796 1065 1819 <t
1089 1781 1226 1832 Nigra

198 1864 318 1903 sum,
340 1853 412 1894 sed
437 1854 646 1902 formosa,
681 1855 778 1900 etc.‚
812 1852 921 1892 51661
953 1852 1226 1891 tabernacula

197 1923 340 1974 Cedar,
363 1924 472 1964 sicut
491 1924 619 1977 pelles
633 1923 883 1964 Salomonis.
903 1938 922 1959 n
943 1922 1047 1962 Item
1069 1926 1225 1962 sanctae

196 1993 395 2034 mulieres
426 1993 604 2034 Domino
636 1993 847 2033 exteriora
875 1992 1111 2032 necessaria
1143 1992 1223 2031 mi-

195 2064 420 2105 nistrantes
440 2065 453 2085 ⁷
482 2079 490 2104 :
527 2079 546 2102 «
566 2062 668 2104 Pelli
688 2075 818 2113 meae,
850 2062 1111 2114 consumptis
1133 2074 1226 2102 car-

195 2135 337 2185 nibus,
359 2135 538 2176 adhaesit
557 2147 603 2176 os
625 2147 769 2198 meum
791 2149 800 2174 ε
826 2149 844 2171 n
868 2134 1001 2174 ubios
1017 2132 1221 2184 Christus,

195 2210 236 2247 et
257 2218 404 2247 earnes
424 2206 616 2259 discipuli
629 2237 644 2256 ,
671 2205 798 2258 pelles
818 2208 973 2245 sauctae
996 2205 1194 2245 mulieres
1209 2235 1221 2254 ,

195 2277 404 2318 exteriora
422 2277 656 2318 necessaria
672 2276 973 2316 ministrantes.
989 2276 1095 2316 Cum
1108 2276 1222 2316 enim

195 2347 248 2387 ad
265 2347 416 2388 horam
436 2347 571 2388 crucis
595 2349 772 2387 ventum
795 2348 880 2394 est,
903 2346 1108 2397 fugerunt
1137 2346 1224 2385 dis-

195 2417 346 2469 cipuli,
368 2418 566 2458 mulieres
591 2417 877 2464 adhaeserunt,
909 2416 1017 2455 51661
1048 2417 1223 2467 exponit

196 2485 424 2538 Gregorius
442 2491 472 2527 ⁸.
491 2488 545 2528 Et
563 2496 732 2528 carnem
755 2496 891 2526 meam
910 2500 925 2527 .·
945 2486 1017 2524 1116
1036 2497 1110 2537 per
1130 2498 1219 2526 car-

195 2567 293 2596 nem
324 2555 463 2596 cleriei
496 2556 797 2608 intelliguntur
828 2559 841 2580 ⁹
873 2570 881 2595 ε
922 2571 941 2594 <‹
973 2555 1123 2596 Induta
1161 2559 1223 2596 est

195 2638 292 2667 caro
312 2638 406 2667 mea
421 2627 656 2679 putredine,
679 2630 720 2667 et
738 2626 933 2667 sordibus
955 2626 1143 2679 pulveris
1155 2641 1165 2675 3
1196 2640 1214 2663 n

193 2696 418 2749 putredine
438 2696 715 2746 carnalitatis,
739 2698 780 2736 et
800 2696 972 2748 pulvere
1002 2696 1218 2737 vanitatis.

194 2767 294 2808 Haec
311 2768 437 2808 etiam
462 2779 558 2820 pars
582 2779 753 2818 versuS,
782 2767 1022 2817 Vetustam,
1046 2770 1144 2818 etc„
1169 2768 1220 2808 ad

192 2838 374 2879 litteram
399 2838 554 2891 exponi
583 2841 722 2891 posset
751 2838 801 2878 de
831 2837 1015 2886 Christo,
1038 2837 1114 2889 qui
1143 2849 1219 2889 pro

191 2907 348 2949 laboris
381 2908 648 2949 vehementia
674 2908 805 2959 longe
831 2906 1051 2948 videbatur
1077 2906 1219 2946 senior

192 2990 320 3030 quam
340 2981 447 3028 erat3
481 2979 596 3019 unde
627 2978 656 3003 ¹⁰
693 2990 702 3018 ε
733 2992 752 3016 «
772 2976 1058 3029 Quiquaginta
1086 2987 1219 3016 annos

192 3048 382 3089 nondum
402 3049 555 3099 habes,
576 3051 617 3089 et
634 3048 852 3089 Abraham
873 3046 1043 3088 vidisti?
1064 3060 1083 3083 ›)
1112 3045 1219 3087 Gon-

194 3119 329 3168 trivit,
349 3118 393 3158 id
412 3122 491 3170 est,
513 3118 672 3159 conteri
691 3117 901 3171 permisit,
924 3126 1020 3158 ossa
1040 3127 1152 3166 mea,
1175 3117 1218 3157 id

193 3190 270 3237 est,
290 3189 478 3229 membra
496 3188 690 3230 Ecclesiae
707 3188 850 3237 electa,
874 3187 1028 3227 scilicet
1048 3189 1217 3239 aposto-

192 3257 270 3308 los,
291 3258 364 3310 qui
382 3270 529 3300 omnes
547 3262 736 3312 tempore
755 3256 1006 3311 passionis,¹¹
1035 3272 1054 3295 (ι
1072 3257 1217 3298 relicto

235 3356 243 3373 ¹
268 3354 433 3394 Col.,111,
454 3357 485 3387 9.
504 3373 544 3378 —
569 3356 580 3374 ²
599 3356 715 3394 Levit„
746 3363 774 3394 I,
797 3357 827 3387 6.
848 3372 889 3379 --
908 3355 918 3373 ³
937 3353 1009 3391 Job‚
1030 3361 1098 3391 vn,
1122 3356 1153 3385 5.
1177 3370 1216 3378 —

191 3402 205 3423 ⁴
224 3403 339 3442 Greg„
360 3401 494 3440 Moral„
513 3403 664 3443 lib.Vlll,
677 3412 707 3435 6.
722 3411 769 3443 vl,
787 3402 829 3434 al.
852 3410 886 3442 x,
906 3411 941 3434 n.
962 3403 1057 3433 24.—
1071 3402 1081 3419 ⁵
1095 3401 1215 3439 Exocl„

190 3456 287 3487 xxVI,
309 3449 401 3479 14.—
419 3449 431 3466 ⁶
451 3448 561 3488 Cant„
582 3458 611 3490 I,
635 3452 715 3482 5.—
731 3451 742 3469 ⁷
756 3449 831 3489 Job,
849 3458 931 3490 XIX,
950 3452 1045 3481 20.—
1065 3447 1079 3469 Β
1101 3450 1216 3489 Greg.‚

190 3494 326 3536 Mor-al„
346 3494 404 3527 lib.
422 3496 510 3537 xlv,
529 3505 564 3528 n.
583 3499 674 3530 57.-
697 3498 709 3516 ⁹
725 3496 798 3536 Job,
812 3504 872 3537 vn,
887 3498 960 3528 5.-
979 3497 1001 3515 ¹⁰
1013 3495 1121 3535 Joan.,
1137 3503 1214 3534 vin,

2245 218 2322 258 185

1298 316 1361 353 eo,
1374 305 1583 356 fugerunt
1602 316 1611 343 :
1629 316 1647 341 n
1664 303 1871 343 nimirum
1885 303 2036 343 dicitur
2050 304 2079 328 1²
2092 317 2101 343 :
2112 318 2131 342 α
2145 303 2324 355 Spiritus

1297 376 1426 415 tristis
1455 374 1636 415 exsiccat
1667 385 1760 413 ossa
1783 387 1792 413 :
1817 387 1837 411 ›)
1871 373 1952 426 ipsi
1979 375 2124 413 autem
2152 373 2324 414 fuerunt

1297 446 1481 486 multum
1491 444 1657 484 tristati.
1670 443 1740 483 lsti
1750 455 1855 495 ergo
1865 443 1943 483 sibi
1953 455 2029 495 pro
2037 443 2325 494 redemptione

1297 527 1383 555 non
1403 515 1631 565 sufficiunt,
1654 513 1794 567 quia¹³
1812 528 1830 552 «
1850 525 1996 554 omnes
2009 513 2326 554 declinaverunt

1296 597 1431 637 usque
1448 586 1500 625 ad
1517 597 1653 625 unum
1669 616 1680 635 ,
1701 599 1720 621 ))
1747 584 1789 624 16
1809 586 1887 634 651,
1910 583 2137 624 Christum.

1351 659 1390 696 5.
1433 655 1632 708 Sequitur
1668 667 1744 707 pro
1782 654 1987 707 passionis
2027 653 2252 694 acerbitate
2286 656 2326 695 et

1297 726 1617 778 multiplicitate,
1633 726 1737 767 Beth
1750 737 1763 765 .·
1777 725 2032 775 AEdz'ficavit
2043 726 2091 766 in
2101 734 2205 776 qyro
2219 734 2322 774 meo,

1298 797 1340 836 id
1354 800 1427 847 est,
1445 796 1656 836 aediflcare
1678 796 1723 847 (c)
1740 795 1929 847 permisit
1946 795 1966 835 J
1970 795 2113 835 udaeos
2127 795 2325 835 continue

1297 868 1583 916 observantes,
1605 866 1776 907 tandem
1801 878 1899 906 cum
1924 866 2098 909 laternis
2120 865 2175 918 (d)
2205 876 2325 905 com-

1297 939 1605 991 prehendentes
1627 938 1654 962 ¹³
1677 952 1716 977 :«
1737 937 2113 978 Circumdederunt
2127 948 2194 976 me
2216 936 2327 976 51661

1298 1022 1410 1062 apes,
1425 1024 1443 1047 1)
1467 1010 1494 1031 ¹⁵
1510 1024 1528 1047 «
1549 1009 1624 1048 filii
1643 1009 1791 1049 matris
1804 1019 1926 1058 meae,
1942 1020 1961 1044 »
1978 1009 2055 1047 616.
2070 1006 2189 1055 Quod
2202 1006 2328 1046 etiam

1298 1080 1480 1121 Ecclesia
1500 1080 1724 1129 convenit,
1756 1090 1853 1131 quae
1875 1079 1919 1118 in
1951 1089 2060 1130 gyro
2092 1077 2328 1117 circumda-

1298 1154 1385 1199 tur,
1408 1151 1511 1191 dum
1532 1163 1557 1190 a
1575 1149 1785 1202 tyrannis,
1808 1148 2016 1189 haereticis
2035 1153 2075 1188 et
2095 1147 2328 1200 hypocritis

1298 1222 1594 1274 impugnatur.
1633 1221 1689 1263 Ec
1721 1218 2005 1261 circumdedit
2040 1229 2102 1260 me
2136 1218 2252 1269 felle,
2287 1217 2330 1258 id

1300 1295 1375 1340 est,
1399 1292 1575 1331 materia
1602 1291 1783 1331 tristitiae
1813 1290 1855 1329 in
1894 1289 2165 1329 multitudine
2194 1288 2328 1328 malo-

1299 1374 1398 1402 rum
1418 1360 1752 1413 displicentium3
1782 1364 1821 1402 et
1849 1359 1984 1401 labore
2013 1358 2243 1410 corporali,
2277 1358 2330 1399 ad

1299 1431 1483 1471 litteram
1500 1462 1511 1480 ‚
1547 1431 1785 1470 vexatione.
1824 1429 1942 1478 Quod
1975 1428 2099 1468 etiam
2136 1428 2331 1469 convenit

1299 1502 1512 1552 Ecclesiae,
1536 1504 1576 1542 et
1595 1502 1653 1541 ita
1673 1502 1723 1541 de
1744 1501 1908 1542 Christo
1929 1499 2193 1551 intelligitur.

1353 1576 1392 1613 6.
1422 1572 1499 1612 Pro
1517 1574 1655 1612 morte
1674 1583 1775 1611 vero
1804 1570 2019 1623 sequitur,
2041 1569 2142 1611 Beth
2161 1582 2176 1608 .·
2198 1570 2247 1611 in
2271 1573 2331 1612 te-

1299 1643 1503 1692 nebi-0328,
1525 1643 1567 1683 id
1587 1645 1663 1693 est,
1686 1642 1730 1681 in
1751 1641 1995 1694 sepulchro,
2016 1640 2234 1683 collocavit
2251 1651 2327 1690 me,

1300 1714 1427 1766 quasi
1459 1717 1644 1755 mortuos
1677 1714 1981 1765 sempiternos,
2017 1712 2060 1753 id
2091 1715 2175 1762 est,
2210 1712 2331 1764 quasi

1299 1796 1518 1836 nunquam
1557 1796 1690 1824 essem
1725 1786 1993 1824 surrecturus
2031 1795 2055 1822 a
2098 1785 2234 1823 morte
2261 1783 2289 1804 ¹⁶
2318 1794 2328 1822 :

1305 1870 1323 1892 (ι
1346 1855 1573 1908 Deputatus
1591 1867 1635 1895 es
1655 1867 1752 1895 cum
1774 1854 2124 1895 descendentibus
2142 1854 2187 1893 in
2206 1854 2330 1894 infer-

1299 1937 1419 1966 num.
1442 1941 1460 1963 »
1488 1925 1680 1966 Psalmus
1698 1924 1725 1949 ¹⁷
1749 1939 1788 1964 2«
1813 1925 2037 1967 Collocavit
2068 1937 2136 1965 me
2166 1925 2212 1964 in
2232 1924 2327 1965 obs-

1299 1997 1433 2045 curis,
1471 1998 1580 2036 sieut
1609 1998 1800 2036 mortuos
1840 1995 1999 2036 saeculi.
2041 2009 2059 2032 »
2104 1994 2158 2034 Iis
2193 1994 2328 2034 tribus

1298 2066 1515 2107 sententiis
1538 2066 1801 2119 praeponitur
1832 2065 1959 2115 Beth,
1993 2076 2090 2117 quae
2121 2065 2328 2117 interpre-

1298 2141 1412 2177 tatur
1432 2137 1646 2187 confusz'o,
1675 2136 1743 2176 vel
1770 2135 1944 2187 domus3
1967 2135 2167 2188 quoniam
2192 2134 2327 2188 Syna-

1301 2220 1432 2259 goga,
1450 2219 1546 2260 quae
1560 2208 1713 2248 domus
1728 2209 1818 2247 erat
1828 2206 1914 2257 Dei,
1934 2207 2150 2259 tripliciter
2164 2206 2327 2248 Christo

1298 2280 1485 2331 injUrata
1504 2281 1565 2319 est
1587 2293 1595 2318 ;
1619 2281 1659 2319 61
1683 2279 1896 2319 viventem
1927 2278 2177 2327 deserendo,
2211 2278 2327 2330 quod

2391 2156 2484 2190 Syna-

2347 2203 2424 2230 goga
2439 2197 2486 2223 tri-

2360 2236 2472 2271 pliciter

2346 2271 2377 2297 in
2391 2272 2486 2299 Chris-

2346 2314 2407 2340 tum
2438 2313 2484 2340 iu-

1297 2351 1429 2391 intelli
1435 2351 1553 2402 gitur
1564 2351 1609 2390 in
1621 2350 1760 2402 primo
1773 2363 1783 2401 ;
1800 2353 1840 2390 61
1850 2350 1977 2390 morti
1991 2362 2091 2390 eum
2106 2349 2324 2399 tradendo,
2342 2353 2466 2389 juriosa-

1297 2421 1411 2473 quod
1430 2421 1474 2460 in
1495 2420 1700 2469 secund03
1735 2423 1775 2460 et
1806 2423 1952 2460 contra
1971 2419 2325 2460 resurrectionem

1297 2490 1506 2539 conando,
1529 2490 1642 2542 quod
1661 2490 1706 2529 in
1722 2489 1845 2530 tertio
1862 2490 2125 2541 designatur.

1351 2563 1389 2600 7.
1419 2560 1595 2602 Ghz‘mel.
1632 2559 1799 2601 Circum
1829 2559 2085 2611 aedificavit,
2115 2563 2195 2600 616.
2227 2559 2325 2600 Ρο51

1295 2631 1525 2672 Dominicae
1545 2631 1750 2684 passionis
1773 2632 2114 2684 compendiosam
2134 2631 2323 2684 praeliba-

1294 2703 1468 2752 tionem,
1491 2701 1560 2741 hic
1578 2701 1719 2742 subdit
1739 2702 1929 2753 eiusdem
1952 2702 2159 2755 passionis
2180 2703 2322 2755 exple—

1295 2773 1455 2814 tionem
1495 2787 1503 2813 :
1544 2772 1683 2825 primo
1714 2774 1926 2824 quantum
1961 2773 2014 2813 ad
2045 2773 2324 2825 praecedentia

1295 2843 1635 2892 crucifixionem3
1659 2842 1842 2883 secundo
1865 2845 2074 2895 quantum
2103 2844 2156 2884 ad
2187 2844 2323 2884 crucis

1293 2914 1533 2967 passionem
1557 2928 1566 2955 ε
1589 2915 1778 2956 Semitas
1795 2924 1910 2955 meas
1929 2914 2159 2965 subvertit3
2181 2916 2318 2966 tertio,

1293 2988 1500 3038 quantum
1529 2986 1582 3026 ad
1610 2985 1914 3037 discipulorum
1946 2985 2284 3038 desperationem
2308 3001 2317 3026 :

1293 3057 1348 3098 Et
1368 3057 1496 3109 sreqz't
1515 3055 1573 3097 acl
1591 3066 1826 3097 numerum.
1845 3055 2148 3096 Antecedentia
2167 3057 2323 3109 passio-

1293 3138 1393 3166 nem
1411 3126 1493 3166 tria
1508 3127 1672 3177 tangit,
1705 3126 1859 3166 scilicet
1886 3126 2132 3167 Judaeorum
2159 3127 2319 3167 machi-

1292 3196 1509 3238 nationem
1522 3228 1532 3247 ,
1571 3196 1723 3238 Christi
1754 3196 2022 3248 agonizantis
2057 3197 2292 3238 orationem
2305 3228 2317 3247 ,

1291 3311 1343 3341 57.
1367 3326 1406 3332 —-
1433 3309 1459 3330 ¹¹
1478 3308 1613 3348 Mami„
1637 3315 1737 3349 XXVI,
1759 3310 1810 3340 5'6.
1838 3325 1876 3332 —-
1902 3309 1930 3331 ¹2
1947 3310 2059 3349 Prov„
2087 3317 2180 3348 XVII,
2207 3311 2258 3340 22.
2279 3325 2319 3331 —

1294 3356 1318 3378 ¹3
1337 3356 1426 3388 Psal.
1447 3363 1530 3396 xm,
1552 3358 1581 3388 3.
1603 3372 1643 3379 —-
1663 3356 1688 3378 ¹¹·
1706 3355 1798 3387 Psal.
1824 3363 1935 3397 cvaI,
1964 3358 2011 3388 12.
2034 3374 2074 3379 —
2102 3357 2126 3378 ¹⁵
2148 3356 2258 3394 Cant„
2288 3364 2317 3394 1,

1292 3406 1322 3435 5.
1343 3420 1383 3426 -
1405 3403 1428 3422 ¹⁶
1447 3404 1585 3443 Barac„
1608 3410 1666 3443 III,
1685 3405 1778 3434 11.—
1799 3403 1826 3425 ¹⁷
1849 3403 1936 3436 Psal.
1959 3411 2063 3441 CXLII,
2088 3404 2118 3434 3.
2135 3419 2177 3425 —
2197 3401 2243 3442 (a)
2264 3402 2316 3433 Al.

1289 3450 1452 3490 praemitt.
1480 3450 1578 3482 Beth.
1599 3468 1634 3472 —
1660 3449 1704 3491 (b)
1732 3450 1813 3483 Coet.
1841 3450 1920 3482 edit.
1948 3449 2067 3490 magis.
2086 3465 2126 3471 -
2146 3449 2185 3489 (c)
2219 3447 2315 3489 Vulq.

1293 3497 1518 3539 Expoliantes.
1542 3515 1581 3522 -
1609 3497 1657 3539 (d)
1675 3497 1733 3532 Al.
1751 3497 1921 3532 aedificari.
1942 3513 1982 3523 -
2004 3496 2043 3537 (e)
2064 3495 2117 3530 Ac.
2145 3494 2313 3537 lacrymis.
