2634 3853
143 308 225 343 gicus

127 356 241 378 sensus.

275 210 352 248 600

276 295 474 346 secunda,
494 295 766 347 illuminati03
797 299 837 337 et
862 296 1000 346 tertia,
1022 295 1220 348 perfectio
1251 295 1262 316 ¹
1286 309 1295 335 ι

277 381 297 405 <t
325 366 498 406 Factum
525 368 586 406 est
610 369 703 419 post
733 367 936 416 triduum,
958 367 1214 408 invenerunt
1242 365 1298 404 il·-

276 437 367 477 lum
389 437 434 476 in
457 437 628 489 templo.
648 452 666 474 ›>
693 436 780 485 Vel,
796 440 842 477 ut
863 438 1003 489 prima
1023 437 1110 477 dies
1129 436 1183 476 sit
1206 448 1299 476 con-

275 506 490 558 templatio
522 506 594 546 Dei
626 506 668 544 in
699 517 777 545 suo
808 506 1008 556 vestigio;
1040 506 1223 545 secunda
1248 505 1301 545 sit

276 575 321 614 in
355 575 568 627 imagine,
610 574 700 615 sive
744 575 789 615 in
835 576 1003 627 speculo
1018 590 1027 624 3
1066 576 1207 625 tertia,
1256 575 1301 614 in

276 645 411 698 seipso
431 647 444 667 ²
467 660 475 684 :
504 660 522 683 α
541 645 649 684 Arca
674 644 840 685 foederis
858 645 1022 685 Domini
1042 644 1302 697 praecedebat

277 727 347 756 eos
378 727 452 768 per
476 715 562 755 dies
593 716 692 765 tres,
724 715 949 767 providens
976 718 1210 755 castrorum
1237 715 1299 755 lo-

276 797 387 826 cum.
411 800 430 822 ))
451 784 525 826 Vel
546 784 683 837 prima
701 785 788 825 dies
807 785 859 825 sit
881 785 1177 838 contemplatio
1197 785 1301 825 sub-

275 855 452 896 coelestis
490 855 757 905 hierarchiae3
793 856 989 906 secunda,
1031 855 1227 905 coelestis3
1263 859 1304 896 et

274 926 397 966 tertia
431 925 751 978 supercoelestis.
789 926 836 965 In
870 927 1008 978 prima
1045 929 1107 966 est
1143 927 1301 967 daemo-

276 997 446 1037 niorum
467 996 634 1048 eJecti03
664 996 711 1036 in
737 998 919 1037 secunda
944 1000 1005 1037 est
1031 997 1222 1037 sanitatis
1250 998 1301 1049 (a)

275 1067 495 1118 perfectio3
517 1067 588 1107 sed
608 1067 652 1106 in
673 1067 808 1117 tertia,
831 1067 968 1107 omnis
984 1067 1084 1107 boni
1104 1079 1300 1108 consum—

277 1138 420 1177 matio.
443 1137 494 1177 Et
513 1138 563 1177 de
583 1137 663 1177 hoc
689 1137 828 1178 triduo
849 1138 1000 1178 dicitur
1019 1139 1032 1160 ³
1052 1138 1165 1191 quod
1188 1154 1206 1177 α
1226 1151 1304 1179 ex-

276 1208 508 1260 ploratores
524 1212 812 1261 pervenerunt
824 1209 876 1250 ad
898 1212 1112 1259 montana,
1129 1213 1171 1250 et
1189 1222 1306 1250 man-

277 1280 423 1319 serunt
440 1278 498 1317 ibi
517 1290 592 1330 per
614 1281 696 1319 tres
715 1279 816 1319 dies.
837 1294 856 1316 »
882 1279 981 1320 Haec
1000 1292 1096 1320 arca
1115 1280 1306 1320 Christus

277 1351 353 1397 est,
374 1348 447 1400 qui
473 1348 517 1388 in
546 1349 731 1401 qualibet
758 1350 936 1391 istarum
968 1350 1306 1391 hierarchiarum

279 1422 341 1459 est
371 1420 593 1461 hierarcha
623 1421 850 1462 altissimus
883 1425 923 1463 et
954 1424 1041 1463 dux
1071 1426 1228 1473 noster,
1259 1426 1308 1464 ut

279 1490 501 1531 veniamus
520 1491 570 1531 ad
598 1494 754 1532 terram
780 1493 1070 1545 promissionis
1089 1494 1212 1534 nobis
1239 1505 1309 1534 re-

280 1562 546 1614 promissam.
574 1562 622 1602 In
650 1565 771 1616 cujus
805 1565 992 1616 figuram
1031 1565 1128 1605 dicit
1158 1577 1201 1605 se
1232 1577 1308 1617 per

280 1633 470 1673 triduum
499 1633 731 1685 ambulare,
761 1635 863 1687 quia
884 1636 979 1676 facit
1002 1648 1079 1676 nos
1103 1649 1178 1689 per
1200 1637 1309 1677 hanc

281 1703 488 1755 triplicem
507 1703 788 1744 hierarchiam
806 1718 972 1758 semper
984 1719 1156 1747 sursum
1171 1720 1310 1748 ascen-

282 1774 394 1824 dere,
418 1774 500 1813 nisi
519 1775 623 1815 forte
647 1775 949 1818 descendamus
968 1779 1019 1818 ad
1040 1779 1237 1820 actiones,
1262 1780 1309 1821 In

283 1845 404 1895 quus
421 1845 609 1896 figuram
630 1846 828 1886 dicitur-³:
850 1848 1119 1891 «ViditJacob
1140 1851 1184 1891 in
1199 1852 1309 1893 scala

282 1916 455 1966 angelos
474 1915 547 1955 Dei
570 1917 861 1969 ascendentes,
895 1922 935 1960 et
956 1920 1302 1963 descendentes.»

283 1983 435 2025 Nullus
471 1986 575 2027 vidit
612 1999 682 2027 eos
714 1991 870 2030 stantes
905 2004 912 2030 :
949 1991 994 2031 in
1027 2004 1112 2044 quo
1141 1993 1308 2044 signifi-

283 2057 400 2094 catur
413 2056 525 2107 quod
540 2068 706 2110 semper
723 2058 769 2098 in
783 2060 893 2101 bono
911 2062 1217 2112 proficiendum
1231 2067 1306 2105 est.

283 2125 370 2165 Hoc
396 2127 457 2166 est
490 2127 603 2167 enim
634 2130 975 2183 appropinquare
1003 2134 1052 2174 ad
1083 2145 1310 2186 supernam

284 2195 562 2247 Hierusalem,
583 2198 659 2248 [cui
688 2211 774 2239 non
801 2202 1188 2255 appropinquamus
1216 2217 1309 2258 pas-

284 2265 400 2305 sibus
445 2268 655 2319 corporis,
703 2270 774 2310 sed
827 2271 1044 2313 affectibus
1090 2275 1226 2315 cordis
1272 2279 1312 2316 et

285 2336 452 2377 mentis.

339 2410 402 2448 34.
426 2407 707 2461 Hierusalem,
735 2411 1017 2464 Hierusalem,
1038 2424 1131 2465 quae
1153 2415 1313 2458 occidis

283 2479 521 2531 prophetas,
542 2483 618 2520 etc.
639 2480 866 2534 Postquam
882 2484 1166 2527 manifestavit
1185 2487 1315 2527 subli-

286 2549 474 2590 mitatem
491 2550 647 2592 divinae
664 2552 948 2605 dispositionis
965 2555 1009 2594 in
1028 2556 1316 2609 redemptione

287 2621 465 2661 humani
490 2623 674 2673 generis,
695 2623 765 2664 hic
795 2625 978 2666 secundo
1006 2627 1242 2668 manifestat
1272 2628 1316 2668 in

287 2693 580 2745 reprobatione
605 2695 736 2747 plebis
756 2696 938 2737 rebellis.
962 2696 1014 2737 Et
1043 2698 1182 2750 primo
1211 2699 1312 2738 insi-

288 2765 393 2802 nuat
419 2763 708 2815 rebellionem,
736 2766 886 2808 deinde
916 2768 1253 2821 obdurationem,
1276 2772 1316 2810 et

287 2833 408 2873 tertio
428 2834 721 2876 desertionem.

341 2904 482 2945 Primo
516 2906 663 2958 igitur,
703 2911 912 2960 quantum
947 2909 999 2949 ad
1031 2909 1145 2950 illius
1178 2911 1318 2962 gentis

288 2975 581 3028 rebellionem,
617 2978 717 3019 dicit
748 2994 756 3020 z
783 2980 1034 3030 Jerusalem,
1067 2981 1314 3032 Jerusalem,

289 3057 382 3098 quoe
414 3048 575 3090 occidis
604 3052 843 3103 prophetas,
865 3055 902 3094 et
932 3052 1103 3105 lapidas
1135 3063 1215 3104 eos,
1243 3055 1318 3105 qui

290 3120 523 3162 mittuntur
542 3120 599 3162 ad
612 3124 664 3162 te.
688 3121 763 3161 Hic
783 3122 985 3175 accipitur
1003 3123 1220 3164 continens
1241 3135 1318 3176 pro

290 3194 485 3232 contento
505 3192 518 3213 ⁵
542 3206 551 3232 :
585 3207 605 3229 «
631 3191 745 3232 Dura
774 3193 934 3234 cervice
966 3196 1007 3233 et
1034 3193 1316 3234 incircumcisi

291 3262 488 3303 cordibus
518 3265 560 3303 et
595 3262 796 3313 auribus,
831 3275 906 3305 vos
941 3276 1108 3316 semper
1144 3263 1317 3316 Spiritui

335 3393 341 3409 ¹
363 3393 459 3431 Sup„
480 3399 518 3432 11,
538 3394 588 3424 46.
605 3409 645 3415 —
666 3393 676 3410 ²
696 3392 811 3432 Num,
832 3400 867 3432 x,
887 3395 938 3425 33.
958 3411 998 3417 —
1017 3393 1028 3412 ³
1047 3394 1126 3432 Jos„
1151 3401 1187 3433 11,
1208 3395 1259 3425 22.
1279 3411 1314 3415 —

292 3439 301 3455 ⁴
321 3438 415 3476 Gen„
438 3446 561 3478 xxviii,
586 3442 634 3471 12.
657 3456 696 3463 ·—
718 3441 731 3462 ²⁵
753 3440 838 3481 Act„
861 3447 921 3480 vu,
939 3442 991 3480 51,
1012 3442 1106 3472 52.-
1127 3441 1138 3458 ⁰
1160 3441 1200 3472 IV
1224 3441 1316 3481 Κεφ,

292 3491 371 3524 Mil,
403 3488 450 3518 16.
477 3503 517 3509 -
546 3487 559 3508 7
584 3487 701 3527 Amos,
730 3495 762 3527 ν,
795 3489 843 3519 10.
873 3504 907 3510 —-
935 3487 948 3508 ⁸
973 3489 1082 3527 loon„
1114 3495 1170 3527 111,
1202 3489 1252 3519 20.
1277 3504 1317 3510 —

998 205 1281 248 EVANGELII
1312 206 1501 249 SANCTI
1531 207 1678 248 LUCAE

1373 298 1516 336 sancto
1551 295 1769 346 resistitis,
1806 309 1826 332 ³>
1877 296 1954 336 etc.
2003 311 2022 334 «
2055 297 2189 346 Quem
2222 298 2399 350 prophe-

1373 368 1514 406 tarum
1545 378 1631 407 non
1658 368 1758 406 sunt
1782 365 1989 418 persecuti
2021 369 2159 419 patres
2188 368 2350 409 vestri?
2373 382 2392 405 »

1374 436 1490 477 Unde
1513 436 1695 477 habetur
1714 436 1726 457 ⁶
1758 450 1767 476 ε
1802 451 1822 474 (ι
1847 436 2112 487 Sanguinem
2133 437 2399 478 innocentem

1374 506 1480 546 fudit
1498 506 1708 547 Manasses
1727 506 1914 546 multum
1933 506 2075 555 nimis,
2097 507 2229 548 donec
2246 507 2400 560 imple-

1374 578 1492 616 retur
1509 576 1743 617 Jerusalem
1762 589 1897 629 usque
1913 577 1964 617 ad
1984 588 2045 617 os.
2065 591 2084 615 ›)
2108 576 2160 617 Et
2177 577 2257 617 hoc
2275 578 2397 618 facie-

1375 646 1492 696 bant,
1514 647 1587 699 qui
1606 647 1817 687 habebant
1836 646 1932 687 odio
1952 647 2186 697 veritatem,
2205 648 2328 698 Juxta
2348 647 2397 687 il-

1374 717 1448 758 lud
1466 717 1591 759 Amos
1609 718 1622 739 ⁷
1647 729 1655 756 :
1684 733 1702 757 ε(
1724 717 1825 759 Odio
1844 718 2086 758 habuerunt
2107 717 2402 770 corripientem

1377 788 1421 828 in
1453 790 1589 840 porta,
1625 794 1665 829 et
1694 789 1935 841 loquentem
1963 788 2143 840 perfecte
2174 787 2404 828 abominati

1377 861 1489 899 sunt.
1522 874 1541 897 »
1577 859 1627 900 Et
1658 860 1739 900 hoc
1766 861 1879 909 erat,
1910 858 2010 911 quia
2035 858 2233 899 nolebant
2259 859 2401 910 argui.

1384 944 1402 967 α
1422 929 1502 979 Qui
1521 930 1636 971 enim
1665 933 1678 954 ⁸
1704 930 1812 970 male
1832 929 1937 981 agit,
1958 929 2045 970 odit
2072 929 2227 981 lucem,
2249 932 2290 971 et
2319 942 2406 971 non

1376 1001 1493 1042 venit
1528 1001 1581 1042 ad
1615 1001 1769 1050 lucem,
1799 1002 1847 1040 ut
1880 1011 1967 1040 non
2003 1002 2242 1052 arguantur
2279 1012 2408 1053 opera

1378 1073 1484 1123 eJus.
1507 1085 1527 1108 »
1551 1071 1709 1111 Dicitur
1726 1070 1877 1110 etiam⁹
1901 1084 1909 1110 :
1930 1084 1950 1108 α
1970 1069 2052 1109 Fili
2064 1070 2264 1121 hominis,
2287 1071 2408 1111 mitto

1379 1153 1460 1194 ego
1480 1143 1520 1181 te
1537 1141 1588 1181 ad
1607 1140 1716 1181 filios
1736 1140 1877 1189 Israel,
1893 1139 1945 1180 ad
1959 1142 2108 1191 gentes
2124 1141 2406 1192 apostatrices,

1379 1223 1476 1264 quae
1495 1212 1758 1252 recesserunt
1776 1223 1801 1250 a
1820 1221 1912 1259 me;
1935 1209 2017 1262 ipsi
2038 1212 2078 1250 et
2103 1212 2244 1262 patres
2259 1222 2410 1252 eorum

1378 1282 1648 1335 praevaricati
1678 1283 1777 1322 sunt
1815 1283 1986 1334 pactum
2018 1292 2163 1321 meum
2193 1292 2327 1333 usque
2358 1282 2411 1323 ad

1380 1354 1493 1395 diem
1524 1354 1649 1394 hanc.
1680 1353 1731 1393 Et
1761 1353 1838 1393 filii
1867 1352 1973 1393 dura
2002 1352 2123 1403 facie,
2146 1354 2186 1393 et
2214 1353 2408 1395 indoma-

1380 1424 1454 1464 bili
1483 1424 1606 1465 oorde
1632 1426 1747 1473 sunt,
1766 1424 1818 1464 ad
1848 1434 1955 1476 quos
1983 1435 2067 1474 ego
2093 1423 2215 1464 mitto
2234 1425 2288 1464 te.
2309 1438 2328 1461 »
2361 1423 2412 1464 Et

1381 1495 1461 1535 hoc
1480 1494 1694 1546 significat
1712 1494 1802 1547 ipsa
1821 1493 2034 1546 lapidatio.

1436 1565 1642 1616 Secundo,
1664 1567 1873 1617 quantum
1902 1564 1953 1604 ad
1973 1564 2085 1604 illius
2108 1564 2250 1614 gentis
2275 1564 2412 1604 obdu-

1381 1635 1610 1685 rationem,
1643 1635 1783 1675 subdit
1826 1649 1835 1675 :
1873 1635 2039 1681 Quoties
2077 1634 2193 1676 volui
2241 1644 2411 1687 corcyre-

1381 1716 1481 1758 9are
1497 1706 1610 1756 filios
1630 1708 1736 1756 tuos,
1760 1703 2114 1758 quemadmodum
2139 1705 2233 1747 avis
2259 1704 2413 1747 nidum

1382 1787 1506 1818 suum
1523 1776 1598 1818 sub
1614 1777 1783 1828 pennis,
1807 1779 1845 1818 et
1871 1775 2051 1817 noluisti
2063 1776 2084 1816 Ρ
2102 1775 2150 1815 In
2169 1787 2253 1828 quo
2281 1776 2414 1817 nimia

1382 1859 1531 1888 eorum
1562 1850 1735 1900 apparet
1760 1847 1998 1897 obduratio,
2020 1858 2117 1899 quae
2147 1848 2265 1887 tanta
2292 1847 2411 1887 beni-

1382 1919 1544 1971 gnitate
1561 1918 1699 1959 noluit
1718 1918 1913 1958 emolliri.
1932 1917 2121 1958 Christus
2139 1919 2281 1958 autem
2301 1929 2414 1958 oom-

1382 1989 1547 2041 paravit
1566 2000 1608 2029 se
1637 1988 1707 2030 avi
1725 1989 1768 2028 in
1794 1988 2026 2038 communi,
2049 1987 2150 2040 quia
2178 1988 2411 2041 proprieta-

1383 2063 1469 2100 tem
1489 2059 1768 2112 multiplicem
1787 2060 1913 2100 habet
1931 2059 2037 2100 avis.

1439 2130 1654 2179 Quantum
1689 2131 1740 2170 ad
1769 2129 2201 2183 superabundantiam
2233 2129 2412 2183 pietatis,
2451 2141 2573 2188 Gaianae

1384 2203 1654 2252 comparatur
1686 2200 1856 2252 gallinae
1890 2201 1935 2240 in
1963 2200 2294 2251 conversatione,
2315 2201 2416 2253 quia
2433 2191 2564 2251 pffiffme'

1384 2271 1543 2323 gallina
1560 2271 1604 2310 in
1629 2283 1705 2311 sua
1723 2271 1875 2323 pietate
1901 2273 1941 2310 et
1967 2270 2191 2322 vigilantia
2220 2274 2417 2312 movetur

1386 2341 1437 2381 ad
1457 2341 1609 2392 pullos,
1632 2343 1673 2381 et
1701 2352 1772 2381 eos
1798 2342 2047 2392 congregat,
2071 2344 2112 2381 et
2142 2352 2212 2381 eos
2238 2340 2315 2382 alis
2345 2341 2416 2382 de-

1386 2411 1515 2452 fendit
1531 2413 1677 2452 contra
1696 2411 1968 2463 rapacitatem
1987 2411 2121 2452 milvi.
2143 2411 2210 2452 Sic
2224 2414 2265 2452 et
2284 2411 2419 2452 Chris-

1385 2485 1454 2523 tus
1486 2481 1604 2532 fecit,
1634 2481 1839 2534 quamdiu
1874 2481 1919 2521 in
1956 2493 2082 2522 carne
2115 2481 2211 2522 fuit.
2245 2481 2341 2522 Ideo
2373 2482 2419 2522 in

1387 2553 1588 2596 Matthceo
1604 2552 1653 2604 (b)
1673 2552 1770 2593 dicit
1789 2552 1817 2574 ¹⁰
1836 2566 1845 2593 :
1873 2567 1892 2591 ε(
1913 2551 2086 2601 Quoties
2105 2551 2221 2593 volui
2236 2563 2416 2604 congre-

1387 2636 1491 2676 gare
1510 2624 1618 2664 filios
1637 2626 1746 2674 tuos,
1765 2624 2127 2676 quemadmodum
2149 2623 2310 2677 gallina
2325 2636 2420 2665 con-

1389 2698 1543 2748 gregat
1558 2695 1696 2748 pullos
1714 2707 1813 2736 suos
1832 2696 1910 2736 sub
1930 2695 2032 2745 alas,
2054 2697 2095 2736 et
2113 2696 2300 2737 noluisti.
2322 2710 2341 2734 ›>

1443 2767 1719 2819 Comparatur
1749 2766 1876 2806 etiam
1909 2765 2114 2818 pellicano
2142 2766 2188 2805 in
2208 2766 2415 2819 passione,
2441 2771 2577 2818 Pellicfmi

1389 2838 1489 2891 quia
1522 2837 1754 2890 pellicanus
1787 2837 1922 2877 fertur
1956 2835 2096 2888 pullos
2134 2848 2233 2877 suos
2265 2837 2418 2879 occisos
2438 2821 2569 2883 paeme-

1388 2909 1529 2949 triduo
1565 2908 1728 2960 lugere,
1767 2911 1807 2948 et
1843 2908 1950 2959 post,
1990 2908 2126 2947 rostro
2161 2907 2419 2960 sanguinem

1389 2991 1516 3020 suum
1540 2979 1731 3028 fundere,
1762 2979 1804 3018 et
1833 2977 1892 3017 sic
1919 2976 2148 3018 vivificare.
2182 2977 2269 3018 Hoc
2293 2979 2418 3021 modo

1390 3050 1579 3092 Christus
1611 3051 1674 3089 ter
1703 3048 1820 3089 flevit
1857 3060 1934 3101 pro
1970 3047 2102 3088 salute
2134 3048 2313 3089 humani
2345 3062 2419 3102 ge-

1389 3122 1503 3163 neris
1525 3135 1534 3160 z
1556 3121 1693 3174 primo
1716 3122 1743 3146 ¹¹
1768 3132 1897 3172 super
1915 3119 2148 3169 Lazarum3
2170 3121 2353 3162 secundo
2374 3124 2415 3174 1²,

1390 3204 1517 3246 super
1535 3191 1791 3239 Jerusale1n3
1815 3190 1938 3231 tertio
1960 3189 2002 3239 ²³,
2023 3189 2066 3229 in
2086 3201 2209 3231 cruce
2234 3204 2243 3231 :
2265 3194 2305 3232 et
2324 3196 2418 3245 post

1390 3324 1401 3341 ⁹
1420 3321 1552 3360 Ezeclz„
1571 3329 1610 3360 11,
1635 3323 1664 3352 3.
1686 3338 1724 3344 —
1746 3322 1772 3343 ¹0
1791 3320 1925 3360 Matth„
1946 3327 2046 3360 xxm,
2066 3322 2118 3353 37.
2133 3338 2173 3344 --
2192 3322 2215 3343 11
2236 3320 2345 3362 .Ιοανι.,
2366 3329 2415 3363 xl,

1390 3370 1442 3401 35.
1461 3387 1502 3392 —
1520 3369 1547 3390 ¹2
1569 3367 1641 3408 inf„
1666 3375 1739 3407 xix,
1755 3369 1805 3399 41.
1821 3383 1862 3390 -—
1881 3366 1908 3388 13
1926 3367 2038 3407 Ηεόν.,
2061 3375 2093 3407 v,
2116 3369 2148 3399 7.

1432 3439 1476 3479 (a)
1506 3439 1633 3470 For-san
1663 3438 1834 3478 leyendum
1859 3438 2054 3470 sanctitatis.
2082 3455 2122 3462 -—
2148 3438 2192 3479 (b)
2225 3438 2304 3471 Coet.
2334 3438 2413 3470 edz't.

1389 3485 1579 3518 Matthaeus.
1599 3515 1601 3519 ,
