2587 3845
1108 192 1276 236 CAPUT
1304 196 1336 237 Ι.

162 294 231 327 cor
249 292 385 324 meum
409 283 458 324 in
487 281 757 333 memetipsa,
788 280 863 321 ubi
887 280 1003 321 tanta
1032 280 1183 322 intelli-

163 355 280 406 gitur
298 352 563 394 desolationis
581 352 863 402 vehementia,
893 363 989 404 quae
1010 352 1184 392 rationis

160 424 365 477 iudicium
385 423 613 464 offuscabat
633 427 644 449 ¹
675 437 683 463 :
708 438 726 461 α
750 422 962 463 Turbatus
983 422 1101 462 estin
1122 422 1185 462 ira

161 494 307 535 oculus
327 506 469 545 meus,
493 494 635 535 anima
654 507 762 544 mea,
786 496 826 534 et
843 496 991 535 venter
1009 506 1178 534 meus.»

159 563 234 605 Vel
264 576 336 605 cor
364 565 538 618 mystice
566 564 868 616 intelliguntur
896 564 1114 616 prophetae
1145 567 1186 605 et

161 635 402 685 consiliarii,
424 636 525 688 quia
544 635 589 675 in
608 635 731 676 corde
749 637 811 675 est
825 634 943 674 sedes
961 634 1124 674 consilii
1141 635 1155 656 2
1172 649 1181 675 :

167 722 186 746 c(
208 706 433 759 Ephraim,
476 706 597 759 quasi
636 705 832 746 columba
871 704 1066 755 seducta,
1102 717 1187 746 non

160 777 321 818 habens
359 790 444 819 cor.
483 792 502 816 »
540 778 656 819 Unde
691 778 883 831 sequitur
928 791 936 817 z
980 779 1188 827 Quoniam

163 849 453 892 amaritudine
476 849 604 902 plena
632 860 749 900 sum,
781 848 906 889 corde
925 850 965 889 et
997 860 1184 901 corpore,

161 921 349 974 undique
382 932 557 962 cernens
586 920 902 961 tribulationem
951 919 1186 961 amarican-

163 994 249 1034 tem
270 1005 278 1031 :
298 992 312 1014 ³
337 1006 357 1030 «
375 990 468 1032 Non
486 991 643 1032 vocetis
669 1003 738 1032 me
759 990 929 1041 Noemi,
949 991 993 1032 id
1012 993 1073 1031 est
1093 991 1187 1043 pul-

164 1062 324 1113 chram,
346 1063 418 1103 sed
438 1064 582 1104 vocate
601 1073 669 1102 me
689 1060 819 1112 Mara,
836 1061 879 1101 id
893 1064 968 1113 est,
983 1073 1186 1113 amaram,

165 1134 266 1188 quia
295 1133 576 1174 amaritudine
612 1132 734 1174 valde
764 1132 941 1185 replevit
960 1145 1028 1174 me
1051 1132 1191 1174 Omni-

165 1209 362 1260 potens.»
397 1206 534 1259 Hujus
559 1207 701 1250 autem
730 1205 866 1258 plenae
897 1206 1192 1246 amaritudinis

165 1276 360 1317 subditur
379 1288 503 1316 causa
516 1307 526 1325 ,
545 1275 762 1315 tribulatio
781 1276 1034 1316 universalis
1045 1290 1054 1326 ;
1078 1277 1192 1316 unde

165 1346 356 1398 sequitur
378 1360 386 1385 :
410 1346 534 1387 Foris
554 1345 759 1395 interficit
777 1345 949 1397 gladius
975 1360 983 1386 :
1005 1347 1128 1397 foris,
1150 1346 1193 1386 id

165 1418 238 1467 est,
257 1418 378 1457 extra
397 1415 630 1465 civitatem3
654 1414 852 1468 placitus,
888 1416 1187 1469 persecutoris;

165 1490 202 1529 et
220 1486 350 1538 domi,
373 1486 417 1527 id
435 1489 510 1537 est,
533 1486 578 1526 in
599 1486 781 1538 civitate,
805 1497 916 1528 mors
936 1487 1092 1529 similis
1113 1492 1190 1530 est.

166 1558 285 1608 Quod
303 1560 447 1599 autem
466 1557 587 1607 dicit,
622 1557 764 1609 donzi,
787 1558 921 1609 same3
952 1559 1064 1611 quod
1091 1571 1194 1600 vero

167 1629 279 1680 dicit,
302 1629 462 1671 similis
491 1631 551 1670 est
567 1660 577 1678 ,
609 1629 816 1670 referatur
835 1630 888 1670 ad
911 1630 1096 1670 similem
1122 1631 1195 1671 tri-

167 1700 428 1742 bulationem
445 1731 456 1749 ,
494 1700 696 1752 quoniam
734 1702 924 1753 tempore
967 1701 1194 1742 obsidionis

168 1772 287 1813 sactae
304 1784 378 1825 per
396 1771 610 1812 Romanos
627 1770 764 1812 Judaei
795 1774 940 1812 contra
960 1784 1003 1813 se
1022 1784 1192 1825 pugna—

169 1846 288 1891 runt;
322 1845 363 1883 et
399 1842 473 1896 qui
508 1844 629 1882 erant
666 1842 860 1894 superius
893 1842 938 1882 in
969 1842 1196 1895 pinnaculo

168 1914 338 1967 templi,
359 1916 664 1966 pugnaverunt
689 1917 835 1954 contra
870 1914 963 1954 illos
981 1915 1055 1967 qui
1077 1916 1196 1954 erant

170 1985 215 2026 in
238 1988 356 2038 parte
387 1985 532 2039 templi
563 1985 778 2037 inferiori,
813 1987 863 2027 ut
891 1988 1036 2027 narrat
1058 1985 1194 2038 Hege-

171 2056 316 2110 sippus
335 2057 363 2097 ¹⁹.

222 2127 480 2180 Allegorice‚
516 2139 592 2180 per
628 2130 814 2171 ventrem
851 2130 986 2181 potest
1014 2128 1197 2181 intelligi

171 2199 344 2241 ecclesia
363 2198 629 2251 cathedraliS,
650 2211 747 2252 quae
761 2200 1004 2252 frequenter
1018 2212 1092 2253 per
1112 2201 1198 2241 dis-

171 2272 333 2313 cordias
361 2272 586 2313 tumefacta
610 2272 903 2313 conturbatur.
926 2272 1003 2315 Cor
1022 2273 1194 2315 subver-

173 2342 292 2394 titur,
321 2342 491 2395 quando
520 2342 742 2383 consilium
770 2343 882 2395 pacis
908 2355 995 2384 non
1028 2343 1209 2386 inveni—'

171 2415 266 2462 tur;
283 2413 465 2454 saeviunt
477 2411 673 2453 Ecclesiae
688 2413 931 2464 adversarii,
946 2417 987 2454 et
1001 2414 1198 2466 periculis

173 2483 351 2523 internis
369 2483 569 2534 agitatur.

227 2552 464 2602 Moraliter,
489 2563 558 2594 cor
578 2553 853 2604 subvertitur,
885 2554 1053 2606 quando
1074 2566 1196 2608 supe-

175 2622 264 2663 rius
274 2623 496 2674 clauditur,
510 2625 551 2663 et
563 2622 738 2664 inferius
749 2623 952 2676 aperitur,
963 2625 1129 2665 tametsi
1144 2626 1195 2677 (a)

175 2694 382 2735 contrarIO
400 2693 526 2734 modo
547 2693 819 2734 materialiter
837 2694 1096 2747 disponatur.

227 2768 292 2805 21.
313 2764 571 2816 Audierunt,
591 2766 714 2817 quia,
737 2768 814 2806 etc.
838 2765 914 2806 Hic
932 2769 1085 2818 quarto
1104 2769 1196 2808 tan-

176 2835 239 2886 git
256 2836 478 2888 augustias
505 2836 856 2888 irremediabiles,
888 2849 1110 2890 nunquam
1129 2851 1197 2879 re-

173 2907 362 2948 medium
392 2908 674 2958 invenientes3
709 2910 750 2948 et
776 2908 1023 2960 introducit,
1045 2912 1093 2950 ut
1111 2910 1196 2950 dic-

173 2980 266 3018 tum
284 2981 365 3030 est,
400 2978 662 3020 adversarios
687 2979 950 3031 exultantes,
983 2980 1038 3020 ibi
1072 2995 1081 3021 ε
1110 2981 1200 3023 Om-

175 3058 249 3090 nes
276 3050 449 3092 inimici
467 3051 561 3092 mei.
592 3049 700 3090 Huic
728 3050 947 3091 sententiae
973 3052 1197 3103 praemitti-

178 3121 245 3160 tur
256 3120 394 3162 littera
405 3121 524 3172 Scin,
537 3121 650 3174 quod
659 3121 959 3174 interpretatur
970 3123 1173 3165 Dentium
1187 3135 1198 3163 ε

181 3191 290 3242 quia,
309 3195 400 3244 post
429 3192 616 3233 dolorem
637 3192 979 3245 parturientium,
1002 3194 1200 3245 gravissi-

181 3271 274 3300 mus
295 3262 462 3303 videtur
495 3263 613 3304 dolor
641 3264 848 3304 dentium.
887 3263 953 3305 Ex
989 3265 1199 3317 praedictis

183 3331 309 3384 patuit
331 3332 470 3384 primo
499 3333 793 3386 morientium3
821 3347 915 3376 ecce
941 3334 1058 3376 dolor
1093 3336 1199 3377 resi-

228 3435 331 3468 1Ρεαι
356 3445 438 3479 xxx,
459 3441 508 3472 10.
523 3456 563 3463 —
581 3440 594 3461 ²
613 3440 700 3480 Ose.‚
720 3448 789 3480 vn,
810 3445 860 3474 11.
880 3458 916 3464 -
938 3442 952 3463 3
971 3441 1071 3481 Ruth,
1090 3450 1114 3482 1,
1145 3445 1197 3475 20.

186 3500 226 3508 --
246 3483 258 3505 ⁵
276 3483 438 3525 Hegaesip„
457 3484 496 3516 de
514 3486 634 3519 Excid.
659 3487 733 3521 urb.
759 3488 939 3530 Hz‘erosol„
961 3488 1020 3521 lib.
1050 3490 1092 3529 V,
1113 3498 1143 3522 e.
1168 3493 1198 3522 1.

2207 209 2282 248 163

1260 284 1444 327 duorum
1462 287 1699 330 viventium
1726 289 1992 332 describitur.
2022 290 2126 332 Dicit
2145 305 2248 345 ergo
2270 308 2281 335 :

1259 357 1503 402 Audierunt
1515 362 1663 412 gentes
1682 361 1726 402 in
1743 361 1922 403 circuitu
1942 363 2196 415 constitutae,
2218 365 2288 405 vel

1260 428 1331 467 alii
1355 430 1641 484 quicumque,
1665 434 1769 484 quia
1801 434 2029 485 inqemisco
2062 445 2133 488 eqo
2161 449 2169 474 :
2200 446 2286 487 eqo,

1261 498 1358 539 dicit
1377 501 1636 543 discretionis
1664 515 1804 555 causa,
1840 507 1880 545 et
1912 505 2153 556 signantiae,
2190 506 2290 558 quia

1261 570 1408 610 nullus
1434 572 1543 613 alius
1581 574 1639 614 sic
1668 587 1844 626 gemens
1880 575 2111 618 invenitur.
2133 577 2290 618 Etnon

1262 644 1321 682 est
1358 643 1433 692 ραι·
1470 645 1700 687 consoletur
1738 657 1816 696 me,
1847 659 1997 700 supra,
2021 647 2205 700 capitulo
2225 660 2293 689 eo-

1263 711 1359 752 dem
1386 726 1394 751 :
1418 713 1513 755 Non
1528 719 1587 757 est
1614 717 1689 768 qut·
1707 718 1939 760 consoletur
1968 729 2080 768 eam,
2115 720 2191 758 etc.
2212 717 2295 758 An-

1263 782 1397 823 xianti
1416 788 1559 826 autem
1579 787 1734 828 animae
1751 788 1830 828 hoc
1849 791 1910 829 est
1930 788 2083 829 doloris
2099 801 2187 829 non
2207 801 2294 830 mo-

1264 853 1405 895 dicum
1442 861 1747 910 augmentum,
1791 860 1960 913 quando
2001 861 2091 911 ille,
2132 861 2177 901 in
2210 873 2295 914 quo

1265 937 1383 977 spem
1402 927 1550 968 habuit
1569 928 1724 980 solatii,
1748 930 1887 971 differt
1906 930 2058 971 afferre
2077 931 2292 973 solatium.

1269 996 1415 1040 Omnes
1447 1000 1620 1042 inimici
1650 1014 1660 1042 :
1683 1004 1775 1054 post
1802 1002 2053 1055 descriptam
2087 1014 2209 1043 suam
2229 1002 2296 1042 de-

1266 1068 1529 1119 solationem,
1553 1070 1622 1111 hic
1641 1072 1783 1113 subdit
1813 1072 2085 1113 inimicorum
2116 1072 2295 1115 saevien-

1266 1140 1375 1180 tium
1400 1140 1716 1193 improbitatem
1738 1155 1748 1183 ε
1771 1143 1908 1196 primo
1929 1143 2126 1184 describit
2143 1155 2295 1184 eorum

1267 1210 1455 1263 culpam3
1479 1212 1663 1252 secundo
1682 1212 1871 1265 praedicit
1890 1213 2078 1254 futuram
2105 1213 2299 1266 ipsorum

1266 1293 1458 1334 peenam,
1480 1286 1521 1323 et
1540 1283 1866 1325 consolationem
1887 1296 1909 1325 e
1929 1285 2138 1325 contrario
2157 1285 2299 1326 Judai-

1268 1364 1385 1402 cam,
1422 1353 1481 1393 ibi
1515 1367 1524 1393 ε
1559 1354 1821 1397 Adduoez'stz'.
1858 1356 1963 1396 Dicit
1988 1368 2122 1407 ergo:
2149 1356 2297 1399 Omnes

1268 1423 1442 1465 inimici
1461 1425 1542 1466 met
1562 1424 1793 1469 audierunt
1812 1427 1971 1469 malum
1990 1438 2144 1477 meum,
2167 1428 2297 1468 afflic-

1268 1493 1394 1534 tionis
1429 1497 1470 1534 et
1497 1496 1779 1548 oppressionis
1795 1512 1804 1548 3
1829 1498 1965 1541 laetati
1984 1502 2085 1540 sunt
2102 1499 2142 1538 ⁵:
2174 1514 2193 1537 (‹
2222 1498 2302 1548 Qui

1269 1564 1475 1605 tribulant
1493 1578 1581 1617 me,
1604 1567 1879 1620 exultabunt,
1898 1569 1934 1609 si
1948 1572 2088 1610 motus
2106 1570 2226 1611 suero
2251 1584 2259 1611 :
2276 1584 2295 1608 »

1273 1635 1487 1687 Quoniam
1525 1640 1570 1679 tu
1609 1639 1776 1690 fecisti,
1798 1639 1840 1680 id
1874 1643 1961 1691 est,
1985 1652 2053 1681 me
2072 1640 2303 1682 tribulatio-

1268 1706 1396 1746 nibus
1415 1708 1665 1760 exposuisti.
1704 1709 1786 1750 Sed
1817 1723 1893 1763 pro
1919 1723 1997 1752 sua
2022 1711 2304 1753 consolatione

1270 1777 1429 1828 futura,
1456 1781 1496 1818 et
1515 1779 1786 1821 inimicorum
1809 1782 2103 1834 tribulatione,
2126 1783 2266 1824 subdit
2290 1798 2300 1823 ε

1274 1848 1542 1900 Adduoetstt,
1566 1851 1608 1891 id
1626 1854 1712 1900 est,
1735 1853 1916 1895 adduces
1946 1854 1991 1894 in
2012 1855 2304 1896 liberationem

1273 1919 1324 1959 de
1335 1920 1575 1972 captivitate
1593 1921 1605 1943 ⁶
1622 1933 1632 1961 :
1662 1937 1681 1961 c
1692 1922 1739 1963 In
1753 1924 1856 1964 fletu
1869 1924 2054 1977 venient,
2069 1929 2110 1967 et
2127 1926 2170 1966 in
2182 1926 2305 1967 mise-

1271 1989 1453 2030 ricordia
1470 1991 1671 2032 reducam
1692 2005 1776 2034 eos.
1797 2009 1817 2033 »
1843 1995 1900 2037 Et
1925 1996 2051 2047 fient,
2074 1996 2306 2039 adversarii

1271 2058 1371 2110 mei,
1388 2059 1545 2102 similes
1565 2062 1650 2104 mei
1661 2095 1673 2113 ,
1698 2063 1808 2104 sicut
1826 2064 2022 2106 videlicet
2040 2066 2166 2107 modo
2186 2078 2303 2117 sum;

1272 2133 1312 2171 et
1350 2142 1433 2183 ego
1466 2132 1678 2174 liberabor
1707 2135 1720 2156 ⁷
1760 2147 1771 2175 ε
1808 2151 1828 2175 c<
1853 2135 1927 2178 Vae
1963 2137 2038 2190 qui
2075 2139 2303 2191 praedaris3

1271 2215 1412 2244 nonne
1441 2205 1725 2257 praedaberis?
1747 2221 1765 2244 »

1325 2274 1576 2328 Allegorice,
1600 2277 1714 2318 istud
1732 2279 1971 2332 retorqueri
1999 2282 2135 2333 potest
2161 2284 2306 2322 contra

1274 2347 1408 2388 malos
1427 2348 1666 2406 religiosos,
1690 2351 1764 2403 qui
1798 2354 1898 2393 sunt
1916 2352 2061 2394 dentes
2089 2353 2300 2404 Ecclesiae,

1275 2418 1352 2470 qui
1370 2418 1527 2468 latent,
1558 2423 1599 2460 et
1632 2421 1876 2473 ruminant,
1915 2427 2069 2465 vorant
2105 2437 2179 2477 pro
2215 2428 2303 2466 toto

1274 2501 1448 2542 corpore
1471 2504 1479 2530 :
1505 2491 1698 2544 audiunt,
1721 2494 1822 2546 quia
1843 2496 2038 2547 gemiscit
2057 2497 2239 2538 Ecclesia
2258 2498 2304 2538 in

1273 2560 1539 2612 adversitate,
1562 2565 1603 2603 et
1621 2575 1706 2604 non
1723 2566 1786 2604 est
1806 2565 1882 2618 qui
1902 2567 2153 2619 consoletur,
2168 2568 2211 2609 id
2224 2571 2300 2619 est,

1273 2630 1346 2683 qui
1366 2635 1551 2684 opponat
1581 2645 1624 2673 se
1644 2634 1867 2676 efficaciter
1895 2649 1971 2689 pro
2003 2637 2198 2679 Ecclesia.
2229 2637 2304 2680 Vel

1274 2700 1470 2743 Ecclesiae
1489 2703 1568 2744 ista
1586 2707 1647 2745 est
1665 2717 1751 2747 vox
1773 2705 1818 2746 in
1845 2708 2121 2760 pauperibus;
2144 2720 2240 2761 quae
2258 2708 2304 2748 in

1272 2772 1332 2812 eis
1352 2772 1610 2825 ingemiscit,
1630 2778 1671 2816 et
1684 2788 1831 2818 rarum
1851 2777 2012 2820 invenit
2048 2779 2301 2831 adiutorem.

1272 2843 1323 2884 Et
1343 2843 1440 2885 ideo
1457 2845 1676 2897 continget
1707 2848 1988 2899 permutatio,
2028 2849 2128 2901 quia
2162 2849 2305 2891 veniet

1272 2915 1532 2967 pauperibus
1550 2916 1671 2957 bonis
1691 2918 1918 2959 consolatio
1937 2919 1983 2959 in
2000 2920 2167 2971 futur03
2191 2920 2301 2962 divi-

1272 2985 1385 3026 tibus
1405 2988 1549 3026 autem
1570 2987 1691 3027 malis
1711 2987 1949 3041 tribulatio,
1971 2990 2078 3031 sicut
2097 2992 2233 3044 patuit
2252 2992 2303 3032 de

1272 3055 1402 3097 divite
1422 3059 1463 3097 et
1481 3056 1636 3098 Lazaro
1652 3061 1665 3083 ⁸
1689 3072 1698 3099 z
1724 3073 1743 3097 «
1766 3058 1859 3110 Fili,
1877 3060 2096 3102 recordare
2111 3062 2211 3115 quia
2229 3074 2304 3102 re·

1273 3127 1417 3180 cepisti
1435 3128 1546 3169 bona
1564 3129 1610 3168 in
1629 3129 1718 3171 vita
1737 3131 1822 3181 tua,
1849 3133 1889 3171 et
1908 3130 2092 3173 Lazarus
2110 3133 2302 3173 similiter

1272 3198 1407 3250 mala3
1429 3212 1544 3240 nunc
1572 3203 1715 3242 autem
1744 3200 1815 3242 hic
1844 3203 2108 3255 consolatur,
2131 3206 2180 3245 tu
2198 3215 2300 3246 vero

1272 3270 1488 3311 cruciaris.
1510 3285 1530 3308 ))

1274 3398 1309 3404 —-
1331 3381 1345 3404 ὅ
1361 3382 1452 3415 Psal.
1467 3391 1528 3422 xn,
1546 3385 1576 3415 5.
1591 3401 1632 3407 —-
1648 3385 1659 3403 θ
1673 3385 1810 3425 Jerem„
1830 3393 1926 3426 xxxr,
1949 3388 1979 3420 9.
1991 3402 2031 3410 -
2044 3387 2058 3410 ⁷
2077 3387 2154 3426 Isa„
2173 3394 2299 3429 xxxm,

1274 3430 1303 3459 1.
1324 3445 1366 3453 -
1383 3429 1397 3450 8
1416 3431 1506 3471 Luc„
1525 3439 1598 3472 xm,
1619 3433 1671 3464 25.

1318 3493 1360 3533 (a)
1383 3493 1464 3526 Caet.
1483 3494 1564 3528 edit.
1582 3497 1708 3527 tamen.
