2587 3845
242 152 291 191 38
839 145 1113 189 EXPOSITIO
1145 146 1196 188 IN
1225 144 1426 187 LIBRUM
1439 163 1442 166 >
1455 144 1764 188 SAPIENTIAE.

241 239 326 290 nis,
349 239 418 280 vel
448 238 662 289 molestia,
684 238 765 279 cito
783 236 959 278 tollitur.
986 249 1005 273 >³
1034 240 1047 260 ¹
1082 250 1101 274 c<
1123 234 1268 276 Omnis

241 321 338 351 caro
357 310 534 360 foenum,
555 323 574 346 n
602 311 679 349 etc.
701 308 751 349 Et
768 308 874 348 bene
896 309 1165 360 comparatur
1184 316 1270 346 car-

242 381 308 421 nis
326 380 536 432 fragilitas
555 379 649 419 ssori
667 378 826 427 cardui,
851 377 949 430 quia
970 378 1051 418 cito
1069 377 1211 429 spinas
1229 377 1270 416 et

242 451 419 492 tribulos
432 449 712 490 tentationum
735 451 929 500 generat3
954 447 1067 488 unde
1083 449 1119 486 ἐ
1143 462 1161 485 c(
1181 446 1270 499 Spi-

244 533 319 562 nas
338 524 379 562 et
389 520 564 561 tribulos
580 519 836 571 germinabit
850 518 940 558 tibi.
954 532 972 555 >³
989 518 1042 559 Ec
1064 521 1271 570 tanquam

243 603 395 645 spuma
428 591 630 646 qracz'lz's,
679 602 731 631 ex
778 589 1008 642 agitatIOne
1050 591 1268 641 generata,

245 674 336 716 qtae
357 675 384 705 a
402 662 585 716 procella
603 661 883 714 disperqz‘tur,
906 663 1010 701 etc.:
1032 660 1273 712 dicitquan-

244 739 337 776 tum
355 734 406 775 ad
421 733 636 786 Jactantiae
673 732 918 773 vanitatem.
941 731 1058 773 Unde
1093 729 1237 772 Glossa
1261 745 1270 772 ε

245 805 322 846 Hic
341 807 404 845 est
421 804 630 857 appetitus
654 803 832 844 humani
859 803 1029 854 favoris,
1053 805 1094 843 et
1107 804 1272 855 Jactan-

246 877 316 917 tiae
353 875 570 928 vulgaris,
599 886 696 928 quae
731 887 755 915 a
792 874 976 927 procella
1017 874 1275 927 dispergitur

246 947 549 997 tribulationis,
584 950 624 987 et
660 946 923 988 adversitatis
955 945 1133 998 alicujus
1170 957 1279 998 prae-

246 1018 389 1069 sentis,
411 1017 479 1059 vel
499 1020 668 1058 aeternae
683 1020 697 1042 ³
720 1029 730 1058 ε
757 1032 777 1056 c(
795 1016 991 1058 Transire
1020 1017 1114 1057 fecit
1135 1015 1277 1058 Sama-

249 1090 310 1131 ria
329 1102 479 1142 regem
499 1101 646 1140 suum,
669 1090 775 1130 sicut
798 1089 948 1129 transit
975 1100 1127 1141 spuma
1149 1100 1277 1141 super

246 1160 396 1201 faciem
416 1171 554 1213 aquae.
591 1160 789 1201 »1tem⁴:
819 1175 839 1198 «
860 1159 963 1200 Ecce
990 1160 1116 1200 turbo
1147 1159 1278 1200 domi-

248 1230 354 1272 nicae
374 1231 679 1284 indignationis
698 1230 961 1283 egredietur,
982 1232 1023 1271 et
1054 1232 1280 1284 tempestas

250 1313 480 1355 erumpens
500 1314 628 1355 super
648 1304 776 1355 caput
809 1302 1041 1354 impiorum
1073 1302 1230 1343 veniet.
1253 1316 1273 1339 n

251 1375 311 1418 Ec
330 1378 533 1428 tanquam
547 1375 706 1425 fumus,
724 1374 801 1426 qui
821 1384 848 1415 a
860 1376 981 1416 vento
997 1372 1185 1426 diffusus
1203 1376 1278 1423 est,

251 1448 462 1499 quantum
491 1445 544 1486 ad
571 1444 672 1485 vitae
699 1444 950 1485 brevitatem
974 1444 987 1465 ⁵
1017 1458 1025 1484 :
1058 1459 1078 1482 α
1097 1443 1201 1493 Quae
1220 1446 1284 1485 est

253 1517 340 1557 vita
371 1516 541 1557 vestra?
571 1514 711 1568 Vapor
740 1515 793 1556 ad
822 1515 1038 1556 modicum
1068 1527 1236 1569 parens.
1258 1529 1278 1552 ι)

254 1589 429 1630 Αυεητο
453 1586 642 1640 diffusus
673 1589 756 1638 est3
781 1586 882 1639 quia
914 1586 1028 1626 enim
1067 1586 1111 1626 in
1149 1586 1284 1627 altum

255 1658 418 1699 tollitur
433 1691 444 1708 ,
489 1669 738 1698 evanescere
787 1656 959 1708 cogitur
1005 1658 1133 1709 Juxta
1181 1657 1285 1698 illud

257 1730 443 1773 Psalmi⁶
466 1742 476 1769 z
503 1728 638 1769 «Mox
673 1731 722 1768 ut
753 1727 1017 1768 honorificati
1058 1728 1217 1769 fuerint
1246 1732 1286 1770 et

258 1800 444 1850 exaltati,
466 1799 720 1850 deficientes,
742 1798 1105 1852 quemadmodum
1125 1800 1283 1851 fumus,

258 1872 502 1914 deficient.»
529 1871 698 1912 Glossa:
723 1885 743 1910 α
763 1871 878 1911 Sicut
898 1871 1042 1911 fumus
1058 1873 1185 1912 vento
1206 1872 1288 1912 dis-

259 1944 454 1994 solvitur,
470 1943 529 1984 sic
550 1943 743 1984 humana
760 1942 850 1983 vita
881 1945 1122 1995 temporum
1154 1947 1289 1985 muta-

259 2014 388 2056 tione.
427 2029 446 2052 »
505 2014 561 2057 Ec
606 2017 811 2066 tanquam
863 2015 1065 2056 memoria
1107 2015 1290 2068 hospitis

260 2088 392 2129 unius
413 2086 502 2128 diei
517 2087 837 2139 praetereuntis,
859 2089 1068 2138 quantum
1088 2087 1140 2127 ad
1165 2087 1290 2128 famae

261 2158 471 2200 modicam
503 2157 769 2199 durationem
788 2157 802 2179 ⁷
837 2171 845 2197 :
877 2157 1120 2198 «Memoria
1149 2160 1291 2200 vestra

262 2229 578 2282 comparabitur
600 2228 744 2269 cineri.
766 2242 785 2266 ))
821 2228 983 2281 Hospiti
1005 2232 1220 2282 comparat
1246 2230 1292 2270 in

261 2301 341 2342 hae
362 2301 448 2341 vita
467 2300 733 2349 existentem,
751 2299 851 2353 quia
879 2300 1096 2352 peregrini
1128 2303 1169 2341 et
1199 2300 1293 2342 hos-

261 2372 360 2425 pitae
379 2371 500 2425 quasi
517 2372 561 2412 in
574 2371 715 2412 aliena
733 2371 858 2411 domo
873 2383 1038 2422 sumus,
1058 2372 1293 2413 secundum

262 2442 366 2483 illud
383 2441 539 2483 Psalmi
559 2444 572 2466 ⁸
595 2457 604 2482 ε
631 2456 650 2480 α
672 2442 847 2482 Advena
879 2454 974 2482 sum
1010 2454 1093 2494 ego
1119 2444 1231 2495 apud
1254 2447 1294 2484 te

263 2517 304 2555 et
330 2514 604 2567 peregrinus,
637 2515 743 2555 sicut
781 2525 928 2555 omnes
965 2517 1104 2567 patres
1129 2515 1226 2554 mei.
1268 2529 1287 2551 ι)

264 2585 368 2626 Item
383 2586 418 2626 ⁹:
447 2601 467 2624 «
491 2586 762 2636 Confitentes,
783 2585 882 2638 quia
900 2585 1139 2637 peregrini,
1167 2600 1186 2622 α
1214 2587 1292 2625 etc.

266 2657 555 2707 Proelereumz',
584 2656 683 2709 quia
703 2656 886 2709 quotidie
906 2655 957 2695 de
977 2655 1064 2695 vita
1095 2655 1147 2695 ad
1183 2666 1297 2695 mor-

265 2729 351 2766 tem
370 2724 603 2766 transimus
625 2724 654 2748 ¹⁰
673 2738 714 2763 z«
733 2723 762 2764 Ο
784 2734 860 2765 vos
878 2734 1026 2763 omnes
1046 2722 1119 2775 qui
1138 2723 1292 2762 transi-

267 2797 317 2837 tis
336 2808 410 2849 per
426 2796 555 2846 viam,
570 2809 589 2832 1)
615 2797 691 2835 etc.
714 2795 740 2820 ¹¹
767 2810 786 2832 a
806 2792 1025 2834 Generatio
1048 2792 1247 2845 praeterit,
1268 2807 1286 2829 »

265 2871 343 2908 etc.
389 2867 522 2912 Unius
558 2866 647 2909 diez·
687 2866 786 2919 quia
823 2877 975 2919 parum
1005 2864 1073 2905 hic
1113 2867 1289 2915 stamus,

266 2939 379 2980 unde
399 2939 426 2961 ¹³
449 2953 488 2979 :a
507 2937 601 2979 Non
624 2937 830 2978 habemus
858 2935 928 2976 hic
960 2938 1202 2976 manentem
1230 2935 1289 2975 ci-

265 3011 456 3060 vitatem,
477 3023 496 3047 n
522 3011 599 3050 ete.

319 3084 384 3123 16.
413 3082 527 3123 Justt‘
554 3084 695 3123 autem
721 3081 769 3122 in
792 3082 1056 3132 perpetuum.
1078 3078 1153 3119 Hic
1174 3079 1291 3132 ponit

260 3156 475 3207 justorum
495 3155 535 3193 et
553 3151 835 3205 reproborum
855 3151 1112 3204 condignam
1133 3152 1174 3191 et
1192 3152 1287 3204 Jus-

307 3261 318 3282 ¹
336 3261 414 3302 Iso„
433 3268 497 3302 XL,
515 3262 545 3293 6.
563 3276 604 3284 -—
623 3259 637 3280 ²
657 3259 752 3297 Gen„
773 3266 833 3296 111,
860 3260 908 3291 18.
936 3275 975 3282 —
995 3257 1009 3279 θ
1027 3258 1118 3297 Osee,
1139 3267 1181 3298 x,
1204 3258 1236 3289 7.
1253 3274 1294 3282 —

264 3309 430 3347 Herem„
461 3315 570 3347 xxm,
601 3307 652 3339 19.
677 3322 719 3329 -·
745 3306 756 3324 ⁵
781 3306 904 3347 Jacob„
935 3313 982 3342 lv,
1009 3307 1059 3338 15.
1092 3322 1128 3328 -
1162 3306 1174 3324 ⁶
1206 3305 1292 3337 Psal.

264 3364 387 3396 xxxvi,
409 3358 461 3389 20.
481 3372 522 3379 —
545 3356 555 3374 ⁷
577 3353 651 3394 Iob,
671 3361 754 3392 xm,
780 3356 828 3385 12.
849 3370 890 3377 —
914 3354 926 3372 ⁸
946 3352 1037 3386 Psal.
1058 3360 1193 3385 xxxvm
1208 3376 1218 3393 ‚
1240 3354 1292 3385 13.

264 3403 328 3427 -9
349 3402 459 3444 Helm,
478 3410 527 3442 xi,
545 3403 596 3434 13.
616 3418 657 3425 -
677 3401 702 3422 ¹·
722 3400 855 3440 Thr-en„
880 3407 909 3439 1,
932 3402 982 3432 12.
1008 3416 1049 3423 --
1074 3401 1098 3421 ¹¹
1119 3399 1239 3438 Eccle„
1265 3408 1288 3439 1,

267 3451 297 3486 4.
327 3466 365 3473 —
398 3451 421 3470 ¹²
450 3449 563 3492 Heba,
593 3455 678 3487 XIII,
717 3449 765 3479 14.
795 3465 835 3471 -
869 3447 892 3466 ¹³
919 3448 1026 3485 Joan.,
1058 3454 1148 3487 xvrt,
1186 3450 1217 3480 3.
1248 3465 1287 3470 —

1343 237 1429 275 tam
1449 234 1771 275 retributionem
1790 248 1799 274 2
1823 237 1861 275 et
1881 235 2019 287 primo
2037 237 2264 289 praemium
2279 239 2368 290 jus-

1344 307 1511 355 torum;
1542 306 1743 355 secundo,
1768 305 2020 358 supplicium
2051 308 2330 359 reproborum
2358 321 2368 349 ι

1345 376 1398 419 Et
1417 378 1594 429 accipiet
1615 380 1899 425 armatmam,
1923 379 2001 416 etc.
2022 375 2043 416 J
2048 380 2239 418 ustorum
2260 391 2371 431 prce-

1346 448 1481 488 mium
1498 447 1655 500 duplex
1674 448 1811 498 tangit
1835 461 1842 487 :
1867 447 2002 499 primo
2023 459 2098 499 pro
2123 450 2366 500 operatione

1346 517 1468 567 boni,
1491 520 1532 558 et
1554 518 1737 559 secundo
1764 530 1840 571 pro
1870 517 2045 558 victoria
2075 519 2176 559 mali
2198 533 2206 560 ε
2229 521 2266 561 Λ
2286 521 2373 563 Deo

1348 588 1579 639 accipient,
1602 590 1680 628 etc.

1401 659 1516 702 Just&
1547 663 1707 708 autem,
1742 661 1838 709 etc„
1872 659 2025 712 quasi:
2049 658 2159 700 Talis
2192 663 2255 701 est
2286 661 2376 703 vita

1349 730 1602 783 impiorum;
1625 731 1773 772 Autem
1788 762 1800 781 ,
1821 742 1897 783 pro
1915 729 2009 779 secl3
2035 730 2138 782 Justi
2163 742 2186 771 e
2207 734 2376 773 contra-

1350 802 1413 842 rio
1432 803 1481 843 in
1509 805 1760 854 perpetuum
1785 801 1945 842 vivent.
1972 800 2112 842 Glossa
2140 815 2149 841 ε
2188 801 2379 843 «Vivent

1350 872 1439 913 vita
1458 875 1640 923 aeterna,
1661 872 1711 913 de
1732 884 1812 925 qua
1838 871 1866 894 ¹³
1887 886 1927 911 :a
1944 870 2043 912 Haec
2062 874 2124 912 est
2144 872 2231 912 vita
2250 875 2379 914 eeter-

1351 956 1426 995 na,
1449 958 1467 982 n
1490 947 1569 985 ete.
1587 944 1773 997 Etapucl
1795 944 2046 993 Dominum,
2063 944 2105 984 id
2123 947 2205 995 est,
2227 945 2270 985 in
2290 945 2380 999 ipso

1352 1014 1529 1055 Domino
1561 1027 1636 1067 per
1667 1026 1806 1067 spem,
1841 1014 2075 1054 secundum
2111 1014 2301 1056 Glossam
2334 1017 2376 1057 in

1354 1085 1521 1126 Psalmo
1537 1086 1592 1127 ¹⁸:
1617 1099 1637 1123 «
1668 1085 1771 1126 Mihi
1801 1087 1947 1125 autem
1978 1084 2195 1126 adbaerere
2229 1087 2336 1138 Deo,
2358 1102 2376 1125 >³

1353 1155 1507 1196 scilicet
1538 1168 1613 1209 per
1642 1155 1915 1206 charitatem,
1951 1169 1970 1193 α
2000 1156 2161 1197 bonum
2193 1160 2278 1208 est3
2309 1170 2385 1212 po-

1354 1239 1455 1267 nere
1475 1227 1519 1267 in
1539 1227 1716 1268 Domino
1736 1226 1819 1268 Deo
1839 1240 1956 1281 spem
1974 1241 2112 1270 meam
2125 1260 2134 1270 .
2154 1244 2174 1267 »
2190 1229 2268 1273 Est
2283 1241 2386 1273 mer-

1356 1307 1420 1339 ces
1440 1308 1581 1340 eornm
1590 1310 1608 1350 ,·
1622 1297 1766 1339 Glossa
1785 1310 1795 1339 ε
1823 1314 1842 1338 (ι
1862 1299 2017 1340 laboris
2033 1301 2276 1353 praemium,
2299 1302 2387 1355 ipse

1357 1369 1470 1411 enim
1492 1373 1553 1411 est
1572 1382 1733 1411 merces
1752 1374 1996 1412 sanctorum
2021 1384 2031 1412 ε
2053 1386 2073 1409 n
2095 1372 2122 1397 ¹⁵
2141 1387 2160 1410 «
2179 1372 2269 1425 Ego
2288 1385 2387 1426 pro-

1357 1444 1487 1482 tector
1506 1446 1629 1492 tuus,
1652 1444 1693 1482 et
1711 1453 1872 1482 merces
1903 1445 1977 1482 tua
2007 1454 2167 1494 magna
2194 1443 2336 1484 nimis.
2356 1458 2376 1482 ›)

1359 1511 1464 1553 Item
1480 1512 1510 1534 ¹⁶
1537 1527 1546 1553 ε
1572 1527 1591 1550 (ι
1608 1512 1701 1564 Ego
1720 1523 1818 1566 pars
1838 1515 1878 1553 et
1896 1512 2123 1553 haereditas
2141 1515 2214 1554 tua
2234 1514 2278 1554 in
2297 1526 2387 1556 me—

1359 1584 1426 1624 dio
1437 1583 1624 1624 filiorum
1639 1583 1779 1624 lsrael.
1796 1597 1815 1621 ))
1831 1583 1886 1626 Ec
1900 1584 2102 1637 cogitatio
2116 1594 2273 1636 eorum,
2291 1587 2386 1635 etc.;

1360 1655 1481 1707 quasi
1509 1654 1618 1695 dicat
1641 1669 1650 1695 :
1680 1654 1729 1696 Et
1758 1655 1911 1695 merito
1942 1654 2055 1707 apud
2076 1654 2307 1696 Dominum
2330 1659 2391 1696 est

1360 1736 1521 1766 merces
1539 1737 1709 1776 eorum,
1731 1725 1831 1778 quia
1849 1726 2052 1778 coqz‘tatz'o
2067 1736 2209 1768 eorum
2226 1757 2236 1775 ,
2253 1726 2295 1767 id
2313 1729 2386 1777 est,

1359 1798 1447 1838 tota
1465 1796 1699 1837 sollicitudo
1720 1800 1760 1837 et
1779 1796 1957 1837 intentio
1979 1808 2128 1837 eorum
2150 1809 2225 1850 per
2243 1797 2386 1849 tidem,

1362 1868 1478 1921 apud
1491 1868 1772 1917 Alcz‘ssz'mum‚
1791 1867 2020 1909 secundum
2045 1867 2151 1909 illud
2169 1868 2324 1909 Psalmi
2338 1869 2390 1910 ¹⁷:

1369 1955 1388 1978 α
1407 1939 1522 1980 Jacta
1536 1938 1770 1991 cogitatum
1789 1941 1915 1979 tuum
1935 1939 1979 1979 in
1996 1939 2171 1980 Domino
2186 1941 2256 1991 (a),
2275 1953 2294 1976 »
2313 1942 2393 1981 etc.

1364 2010 1438 2052 Vel
1478 2011 1681 2064 coqz'tacio
1731 2009 1849 2062 apud
1895 2010 2165 2052 Alcissz‘mum
2210 2009 2350 2051 solum
2381 2025 2390 2050 :

1360 2082 1465 2135 justi
1492 2082 1606 2123 enim
1626 2081 1765 2122 solum
1786 2081 1836 2121 de
1856 2080 1938 2121 Deo
1952 2113 1961 2128 ,
1984 2080 2052 2121 vel
2078 2081 2128 2121 de
2154 2081 2205 2120 iis
2224 2093 2320 2134 quae
2340 2081 2392 2121 ad

1364 2154 1507 2206 ipsum
1528 2152 1771 2193 habendum
1791 2152 2028 2202 conferunt,
2045 2152 2251 2204 cogitant,
2266 2153 2392 2204 juxta

1364 2224 1471 2265 illud
1484 2225 1512 2249 ¹⁸
1533 2238 1573 2265 :a
1592 2223 1694 2272 Quae
1714 2223 1805 2263 sine
1821 2223 1916 2264 viro
1936 2223 2101 2274 mulier,
2121 2223 2279 2275 cogitat
2299 2234 2396 2277 quae

1366 2296 1534 2337 Domini
1557 2297 1657 2336 sunt
1681 2309 1690 2335 ε
1721 2309 1741 2332 »
1764 2296 1829 2345 et,
1850 2294 1951 2347 quia
1970 2294 2072 2334 tales
2093 2298 2193 2335 sunt
2210 2295 2255 2335 in
2285 2307 2396 2348 prae-

1367 2368 1494 2419 senti,
1521 2370 1575 2419 (v.
1600 2368 1663 2418 117)
1680 2366 1776 2408 ideo
1794 2367 1999 2418 accipient
2015 2377 2192 2419 requam
2212 2365 2396 2417 decoris,

1369 2440 1411 2481 id
1442 2442 1526 2490 est,
1555 2450 1741 2490 regnum
1762 2437 1962 2478 decorum
1992 2440 2202 2490 quantum
2235 2437 2287 2478 ad
2317 2450 2394 2477 au-

1368 2522 1485 2552 ream
1501 2542 1513 2561 ,
1548 2510 1638 2550 sive
1668 2508 1887 2550 essentiale
1908 2508 2135 2561 praemium
2156 2509 2183 2533 ¹⁹
2206 2522 2215 2548 :
2245 2507 2398 2549 «Beati

1368 2592 1596 2635 pauperes,
1618 2595 1637 2618 »
1663 2582 1759 2629 etc.;
1783 2583 1821 2621 et
1838 2579 2041 2621 diadema
2059 2580 2236 2631 speciei,
2253 2580 2295 2621 id
2315 2582 2396 2631 est,

1370 2652 1636 2705 speciosum3
1670 2650 1841 2691 Glossa:
1873 2663 1893 2687 α
1923 2649 1972 2689 de
1998 2650 2110 2690 victo
2141 2650 2285 2700 hoste3
2311 2665 2330 2688 ι)
2360 2655 2401 2691 et

1369 2723 1449 2764 hoc
1480 2724 1690 2775 quantum
1722 2720 1774 2760 ad
1805 2720 2047 2770 aureolam,
2078 2720 2168 2760 sive
2193 2723 2399 2773 quantum

1368 2794 1421 2835 ad
1443 2793 1669 2848 praemium
1701 2791 1954 2832 accidentale
1973 2791 2034 2831 ²⁰:
2063 2805 2082 2829 α
2114 2790 2307 2844 Reposita
2340 2795 2401 2833 est

1370 2865 1477 2907 mihi
1510 2877 1664 2906 corona
1688 2863 1881 2917 justitiae.
1910 2878 1929 2901 n
1960 2864 2021 2905 De
2045 2874 2176 2905 mana
2205 2865 2307 2915 Dez‘,
2333 2865 2401 2905 vel

1370 2937 1564 2987 Domini,
1587 2935 1629 2976 id
1656 2937 1740 2985 est,
1762 2946 1787 2974 a
1809 2934 1993 2985 Christo,
2023 2935 2094 2987 qui
2124 2934 2277 2975 dicitur
2306 2947 2398 2976 ma-

1369 3020 1451 3050 nus
1469 3011 1510 3049 et
1537 3007 1783 3057 brachium,
1807 3009 1847 3046 et
1872 3006 2044 3046 dextera
2064 3006 2135 3046 Dei
2156 3005 2306 3047 Patris,
2330 3006 2401 3047 Est

1368 3079 1481 3120 enim
1511 3089 1665 3119 manus
1685 3077 1896 3130 operando
1916 3077 1942 3099 ²¹
1968 3090 1977 3117 ε
2007 3092 2024 3115 c(
2044 3075 2193 3117 Omnia
2214 3089 2398 3130 namque

1367 3162 1442 3204 per
1462 3150 1599 3203 ipsum
1620 3148 1726 3189 facta
1746 3150 1867 3197 sunt3
1889 3162 1908 3185 »
1932 3147 2155 3188 brachium
2174 3150 2399 3200 protegen·

1369 3283 1397 3305 ¹¹·
1413 3281 1504 3316 Psal.
1525 3288 1633 3316 Lxxii.
1655 3281 1706 3312 28.
1725 3296 1760 3302 -
1786 3279 1807 3297 ¹⁵
1828 3281 1918 3319 Gen„
1939 3284 1997 3318 XV,
2016 3280 2045 3310 1.
2062 3295 2102 3301 —
2121 3278 2146 3296 ¹⁶
2164 3278 2280 3317 Num„
2297 3286 2398 3319 xviii,

1366 3333 1418 3364 20.
1451 3348 1492 3355 —
1525 3331 1546 3348 ¹⁷
1576 3328 1666 3360 Psal.
1697 3335 1765 3368 mv,
1800 3328 1848 3359 13.
1873 3343 1913 3350 —
1948 3325 1972 3348 ¹8
2005 3327 2015 3357 l
2049 3326 2139 3365 Com,
2172 3334 2242 3367 vn,
2276 3328 2327 3360 34.
2357 3345 2398 3352 -

1368 3379 1392 3401 ¹⁹
1410 3377 1546 3416 Matth„
1563 3384 1596 3417 v,
1617 3377 1649 3408 3.
1662 3392 1703 3399 -
1724 3374 1912 3415 2*1ιΤι·ηι.,
1934 3381 1980 3413 1V,
2004 3375 2034 3405 8.
2048 3390 2090 3396 —
2108 3374 2133 3394 ²¹
2151 3374 2256 3411 Joan„
2280 3381 2305 3414 1,
2322 3376 2353 3406 3.

1410 3446 1455 3484 (α)
1479 3441 1574 3483 Vulq.
1598 3450 1700 3482 super
1723 3440 1905 3472 Dominum
1925 3447 2040 3471 curam
2058 3440 2163 3472 tuam.
