2634 3853
75 2461 177 2489 Domi-

40 2510 98 2576 2:1⁵
123 2511 179 2569 132:
201 2503 329 2554 gabat
347 2503 522 2544 Petrum
542 2517 715 2546 servum
735 2517 878 2559 suum,
899 2507 1140 2558 exemplum
1161 2519 1224 2547 re-

38 2583 127 2609 trum.

973 155 1248 197 EXPOSITIO
1280 154 1331 195 IN
1360 152 1471 194 CAP.
1504 151 1554 193 V.

202 258 287 300 Has
303 258 443 298 autem
462 261 592 292 naves
609 249 868 302 piscatorum
886 256 1123 299 pauperum
1144 243 1224 283 sibi

201 327 458 381 propinquas
490 321 620 371 vidit,
652 320 752 372 quia
781 316 1013 358 secundum
1040 314 1153 366 quod
1179 313 1224 353 in

159 393 164 395 “
201 395 366 437 Psalmo
398 392 550 434 dicitur
575 392 587 412 1
618 404 674 434 ;,«
701 388 900 429 Excelsus
925 385 1152 434 Dominus,
1184 386 1225 424 et

198 464 378 506 humilia
395 462 578 515 respicit,
600 463 641 501 et
661 460 743 500 alta
762 472 787 499 a
805 458 930 508 longe
949 455 1175 507 cognoscit.
1199 469 1218 491 »

199 535 250 576 Et
269 532 347 575 has
373 534 450 575 sibi
469 535 726 585 opportunas
753 529 857 570 vidit
875 528 921 567 in
947 526 1220 578 obsequium,

199 604 434 646 secundum
464 602 570 643 illud
598 607 611 627 ²
643 616 653 642 ι
691 616 710 639 ε(
741 600 896 651 Magna
932 597 1117 650 potentia
1153 597 1225 637 Dei

200 675 344 724 solius,
363 677 403 714 et
422 674 473 714 ab
491 671 726 713 humilibus
744 670 992 710 honoratur.
1012 682 1030 705 »
1054 667 1171 708 Unde
1185 669 1225 706 et

199 745 287 797 ipse
307 755 351 784 se
369 743 589 792 humiliat,
610 744 659 782 ut
678 740 752 793 qui
775 740 825 792 (a)
849 739 994 779 omnia
1018 740 1176 790 portat,
1201 749 1226 777 a

198 826 309 855 nave
327 816 534 867 portetur.
556 812 570 833 ³
595 827 613 850 ε(
630 811 720 851 Tua
741 812 896 859 autem,
921 808 1057 858 Pater,
1078 807 1222 860 provi-

200 883 341 925 dentia
365 884 418 924 ab
445 883 564 923 initio
587 884 736 922 cuncta
759 880 990 931 gubernat,
1022 878 1224 931 quoniam

200 955 349 996 dedisti
368 957 409 995 et
427 954 471 994 in
499 953 609 993 mari
632 953 746 992 viam
760 983 770 1000 ,
793 954 833 991 et
852 950 959 990 inter
977 949 1133 990 fluctus
1159 961 1222 989 se-

200 1026 349 1067 mitam
367 1024 677 1065 firmissimam:
702 1022 940 1071 ostendenS,
963 1020 1063 1073 quia
1077 1022 1223 1073 potens

201 1107 245 1137 es
268 1108 323 1136 ex
346 1095 544 1136 omnibus
565 1094 726 1135 salvare
746 1092 816 1144 (b),
835 1091 999 1132 etiamsi
1019 1091 1110 1130 sine
1136 1093 1225 1131 rate

201 1166 352 1219 aliquis
372 1166 491 1207 adeat
510 1177 641 1205 mare.
661 1179 679 1202 n

252 1236 392 1277 Tertio
424 1235 593 1293 additur
623 1224 860 1275 obedientia
891 1233 1074 1274 Simonis
1111 1244 1225 1286 sepa-

199 1307 333 1347 rantis
365 1319 390 1347 a
424 1307 566 1356 turba,
606 1317 704 1346 cum
731 1305 927 1346 subditur
950 1320 958 1346 :
986 1305 1225 1346 Ascendens

200 1381 339 1419 autem
367 1378 417 1419 in
442 1387 572 1419 unam
595 1387 759 1426 navem,
789 1387 883 1428 quoe
903 1380 993 1418 erat
1021 1376 1221 1426 Simonis,

199 1450 295 1499 etc.,
316 1448 457 1501 ipsum
476 1451 678 1500 tanquam
698 1459 928 1500 pauperem
956 1450 997 1488 et
1015 1446 1225 1487 humilem

199 1518 508 1570 praeeligendo,
550 1517 782 1558 secundum
808 1517 937 1558 illud*
970 1529 980 1557 :
1027 1533 1045 1555 <1
1077 1516 1224 1557 Nonne

199 1587 309 1628 Deus
327 1587 454 1640 elegit
484 1599 689 1640 pauperes
717 1587 762 1626 in
788 1587 867 1628 hoc
897 1587 1056 1627 mundo
1076 1587 1225 1627 divites

199 1658 246 1698 in
273 1658 370 1709 fide,
404 1661 445 1699 et
469 1659 659 1699 haeredes
686 1658 812 1710 regni
843 1658 954 1710 quod
987 1658 1226 1711 repromisit

199 1727 310 1768 Deus
328 1728 601 1780 diligentibus
615 1732 680 1768 se?
699 1743 718 1765 »
741 1727 947 1770 Ascendit
967 1732 1118 1777 antem,
1139 1740 1225 1768 non

199 1798 419 1850 tyrannice
435 1798 725 1851 opprimendo,
746 1799 818 1839 sed
837 1798 1055 1838 humiliter
1071 1799 1226 1850 suppli-

200 1869 347 1910 cando.
373 1869 490 1910 Unde
506 1870 643 1910 addit:
669 1870 852 1922 Roqavit
867 1880 959 1911 eum
977 1880 1003 1910 a
1024 1874 1139 1912 terra
1157 1880 1222 1911 re-

200 1940 340 1982 cedere
365 1940 588 1993 pusz’llum,
617 1944 664 1981 ut
691 1941 844 1981 scilicet
875 1953 1026 1993 parum
1053 1954 1224 1994 seques-

199 2014 329 2052 traret
344 2024 388 2053 se
407 2025 433 2053 a
450 2013 590 2063 turba,
609 2016 648 2052 et
669 2012 906 2053 sublevaret
926 2025 950 2052 a
967 2015 1079 2052 terra
1107 2027 1116 2052 ε
1149 2014 1224 2065 qui

198 2082 313 2123 enim
326 2083 419 2124 vult
434 2083 536 2123 alios
553 2083 716 2133 docere,
730 2083 849 2124 debet
863 2084 1052 2124 interiori
1072 2084 1224 2125 affectu

198 2154 367 2194 terrena
386 2156 677 2204 contemnere,
701 2157 742 2194 et
760 2154 1043 2195 exterioribus
1062 2156 1224 2196 actibus

197 2223 346 2263 turbas
363 2224 618 2276 praecellere.
640 2223 757 2265 Unde
777 2224 953 2265 dicitur⁸
976 2239 985 2264 :
1015 2240 1033 2263 «
1052 2225 1144 2266 Non
1164 2238 1224 2266 se-

198 2294 341 2345 queris
362 2294 532 2335 turbam
552 2295 603 2335 ad
624 2295 863 2334 faciendum
883 2295 1060 2345 malum,
1082 2308 1159 2336 nec
1178 2297 1223 2336 in

193 2363 354 2415 ,iudicio
372 2365 659 2417 plurimorum
681 2365 918 2417 acquiesces
945 2367 1176 2417 sententiae,
1198 2381 1217 2403 n

198 2435 277 2474 etc.
299 2433 404 2474 Nota
430 2434 500 2475 hic
529 2435 814 2475 humilitatem
834 2435 1014 2486 Domini,
1035 2437 1134 2489 quia
1152 2449 1224 2477 ro-

197 2572 395 2626 linquens
422 2574 621 2627 praelatiS,
649 2578 696 2616 ut
722 2576 802 2628 ipsi
828 2580 982 2628 rogent
1018 2577 1219 2619 subditos.

198 2643 316 2685 Unde
339 2646 619 2699 Apostolus⁶:
651 2662 670 2685 «
689 2647 905 2699 Rogamus
927 2661 1017 2699 vos,
1045 2652 1085 2690 et
1101 2650 1220 2690 obse-

197 2727 367 2757 cramus
386 2717 430 2757 in
460 2716 640 2758 Domino
670 2718 782 2769 ι10511,
813 2734 832 2756 ))
858 2721 934 2760 010.
961 2734 970 2759 :
992 2722 1086 2760 tum
1105 2721 1219 2772 quia,

199 2789 244 2826 111
269 2786 368 2828 dicit
395 2788 685 2837 Ambrosius⁷,
716 2804 735 2827 (1
776 2792 916 2830 coacta
942 2791 1113 2831 servitia
1139 2791 1221 2832 Deo

195 2868 280 2897 non
309 2858 499 2911 placent;
527 2874 546 2897 ›)
577 2862 670 2900 tum
694 2859 808 2912 quia,
844 2863 892 2900 ut
920 2860 1018 2901 dicit
1046 2861 1218 2911 Seneca,

201 2946 220 2967 «
243 2941 474 2983 generosus
494 2933 556 2971 est
575 2930 745 2971 animus
769 2930 970 2980 hominis,
1001 2934 1041 2972 et
1060 2931 1221 2972 facilius

197 3001 378 3052 ducitur,
401 3013 528 3054 quam
548 3001 747 3042 trahitur.
770 3015 789 3038 ›)

249 3071 462 3113 Postremo
508 3071 702 3112 subditur
757 3071 972 3112 affluentia
1013 3072 1219 3113 sermonis

198 3141 364 3191 Christi,
384 3142 569 3183 docentis
588 3143 639 3183 de
667 3142 877 3193 navicula,
899 3154 995 3183 cum
1015 3143 1182 3184 additur
1206 3158 1215 3184 :

240 3250 246 3267 ¹
263 3248 358 3280 Psal.
375 3256 528 3289 cxxxvn,
546 3252 577 3281 6.
590 3267 630 3273 —
644 3250 655 3268 ²
676 3249 793 3290 Eccli.,
816 3258 866 3290 111,
888 3252 982 3282 21.—
997 3250 1008 3268 ³
1032 3250 1123 3290 Sap„
1146 3258 1217 3291 mv,

196 3297 226 3327 4.
246 3312 288 3318 —
306 3296 317 3314 ⁴
335 3297 421 3333 Jac„
440 3303 480 3334 11,
501 3298 550 3327 15.
571 3313 611 3318 —
627 3296 768 3336 ⁵Eoeocl„
787 3305 893 3335 xxm,
915 3299 945 3328 2.
967 3313 1005 3320 —
1025 3298 1069 3329 ⁶1
1095 3297 1214 3338 Thess„

196 3349 243 3381 lv,
263 3344 292 3373 1.
315 3359 357 3366 -
376 3343 386 3361 ⁷
406 3342 574 3380 Ambros.‚
591 3343 647 3374 vel
668 3343 819 3384 quisquis
841 3344 936 3384 alius,
955 3344 995 3375 de
1010 3345 1139 3376 Sanctis
1156 3354 1217 3385 per

195 3400 329 3425 annum,
357 3398 459 3422 serm.
478 3390 514 3421 in
535 3390 621 3422 festo
641 3392 676 3423 S.
697 3392 796 3424 Basil.
824 3408 865 3416 —
884 3393 895 3410 ⁵
911 3392 1047 3434 Matth„
1065 3400 1096 3432 V,
1119 3396 1147 3424 1.
1175 3410 1216 3416 —

195 3439 206 3455 ‘³
233 3437 320 3469 Psal.
345 3445 393 3477 lx,
414 3438 446 3468 5.
467 3454 507 3459 —
530 3438 553 3455 ¹⁰
571 3437 662 3469 Psal.
684 3446 803 3477 Lxxix,
832 3441 862 3471 2.
883 3455 922 3463 -
942 3441 966 3462 11
985 3439 1082 3480 ,1οεί.,
1104 3448 1142 3479 11,
1161 3442 1212 3471 2⁶2.

2242 149 2317 187 329

1298 243 1352 285 Et
1369 242 1516 284 sedens
1547 239 1718 282 docebat
1745 237 1795 279 cle
1822 236 2024 278 navicula
2053 236 2211 277 turbas.
2244 235 2319 275 Se-

1297 313 1394 353 dere
1413 315 1554 353 autem
1571 311 1729 363 spectat
1747 306 1799 348 ad
1819 306 2109 347 auctoritatem
2128 316 2318 357 personae

1297 382 1510 424 docentis⁸
1540 397 1548 421 :
1584 396 1603 419 α
1629 380 1733 421 Cum
1758 378 1944 427 sedisset,
1969 377 2235 416 accesserunt
2268 375 2322 416 ad

1297 465 1396 493 eum
1416 453 1608 505 discipuli
1627 453 1734 504 ejus.
1757 464 1776 487 n
1797 449 1860 490 Ad
1874 459 2098 501 personam
2112 446 2238 486 etiam
2251 447 2319 499 ju-

1297 523 1496 564 dicantis⁹
1525 537 1533 562 :
1562 537 1581 559 «
1600 521 1751 562 Sedisli
1771 531 1897 572 super
1916 519 2135 567 thronum,
2157 516 2229 569 qui
2247 517 2319 568 Ju-

1298 593 1409 633 dicas
1424 592 1646 644 justitiam.
1669 605 1688 629 ›>
1713 591 1814 631 Haec
1832 601 2018 642 namque
2038 588 2165 628 sessio
2183 589 2324 627 aucto-

1297 663 1465 702 ritatem
1485 662 1677 713 designat
1692 661 1951 715 judicialem,
1976 659 2076 711 quia
2093 658 2140 698 in
2157 657 2322 698 thronis

1297 733 1449 774 residet
1469 733 1522 773 ad
1542 732 1823 784 judicandum
1849 731 1972 771 Deus.
1997 730 2154 770 Dicitur
2180 730 2323 769 autem

1297 815 1446 844 rursus
1465 803 1512 843 in
1531 802 1699 844 Psalmo
1714 802 1741 823 ¹⁰
1756 814 1769 841 :
1797 816 1815 839 ((
1837 801 1916 850 Qui
1936 800 2052 841 sedes
2072 811 2199 852 super
2219 798 2323 839 Che-

1296 874 1454 924 rubim,
1477 873 1745 913 manifestare
1769 884 1910 912 coram
1942 870 2158 923 Ephraim,
2180 884 2198 907 n
2224 872 2301 909 etc.
2310 884 2320 919 ;

1298 947 1397 1000 quia
1417 945 1644 988 Cherubim
1668 944 1887 997 plenitudo
1917 942 2100 984 scientiae
2121 942 2325 993 interpre-

1297 1020 1424 1068 tatur,
1458 1019 1498 1057 et
1525 1017 1600 1069 qui
1625 1016 1739 1057 sedet
1771 1015 1817 1055 in
1847 1015 1938 1055 loco
1968 1013 2168 1062 doctoris,
2203 1012 2325 1052 debet

1297 1100 1386 1129 esse
1405 1087 1555 1141 plenus
1578 1087 1622 1139 (c)
1651 1086 1876 1140 sapientia,
1906 1087 1955 1126 ut
1986 1084 2037 1125 de
2064 1082 2324 1137 plenitudine

1298 1161 1390 1212 ejus
1407 1159 1611 1211 accipiant
1638 1157 1831 1198 universi
1861 1154 2067 1207 discipuli.
2101 1153 2151 1194 Et
2176 1153 2226 1193 de
2244 1153 2324 1193 hac

1298 1229 1557 1283 plenitudine
1577 1229 1805 1281 accipiebat
1828 1227 1967 1267 turba.
1993 1225 2110 1266 Unde
2136 1223 2289 1265 dicitur
2311 1237 2320 1263 :

1301 1301 1476 1343 Docebat
1506 1300 1664 1342 turbas.
1688 1300 1713 1321 ¹¹
1745 1298 1871 1338 «Filii
1899 1297 2019 1346 Sion,
2048 1295 2254 1344 exultate,
2283 1296 2324 1334 et

1297 1371 1500 1412 laetamini
1519 1370 1565 1409 in
1590 1369 1766 1410 Domino
1806 1369 1888 1408 Deo
1909 1370 2062 1416 vestro,
2093 1366 2194 1418 quia
2213 1365 2325 1406 dedit

1298 1441 1419 1482 vobis
1438 1441 1650 1481 doctorem
1663 1439 1856 1492 Justitiae,
1875 1440 1916 1478 et
1933 1436 2182 1478 descendere
2204 1435 2326 1476 faciet

1298 1512 1350 1553 ad
1385 1524 1461 1553 vos
1492 1512 1673 1552 imbrem
1710 1511 1969 1551 matutinum
2003 1511 2042 1549 et
2073 1507 2323 1556 serotinum,

1299 1583 1405 1624 sicut
1425 1583 1469 1623 in
1487 1583 1709 1636 principio.
1733 1597 1751 1620 ›)
1776 1581 1827 1622 Et.
1842 1581 1935 1622 ideo
1962 1591 2090 1632 super
2110 1591 2226 1619 mare
2247 1581 2327 1620 sta-

1298 1655 1387 1704 bat,
1429 1654 1529 1707 quia
1560 1655 1609 1694 de
1638 1653 1850 1706 profundo
1884 1651 2322 1704 incomprehensibili,

1299 1726 1418 1779 quasi
1437 1738 1578 1766 rorem
1591 1737 1775 1777 parvum
1790 1724 2006 1777 sapientiae
2027 1724 2078 1764 ad
2098 1735 2175 1764 nos
2195 1726 2326 1764 trans·

1299 1796 1440 1837 mittit.
1464 1795 1537 1838 Job
1556 1797 1585 1819 ¹²
1608 1808 1621 1836 .·
1648 1810 1667 1833 α
1685 1795 1735 1836 Ε1
1755 1807 1852 1836 cum
1876 1795 1951 1835 vix
1968 1806 2145 1847 parvam
2171 1794 2325 1834 stillam

1299 1867 1506 1907 sermonis
1527 1868 1619 1918 ejus
1638 1866 1912 1914 audierimus,
1935 1865 2030 1918 quis
2048 1864 2199 1917 poterit
2216 1865 2323 1905 toni-

1299 1942 1445 1978 truum
1456 1938 1766 1989 magnitudinis
1780 1937 1893 1977 illius
1905 1936 2090 1977 intueri?
2105 1950 2123 1973 ›>
2144 1936 2328 1978 Docebat

1299 2012 1437 2050 autem
1464 2007 1625 2057 turbas,
1658 2007 1700 2047 id
1728 2010 1789 2047 est
1818 2007 2028 2059 simplices
2056 2009 2097 2047 et
2125 2006 2323 2056 humiles,

1299 2079 1397 2132 quia
1419 2079 1447 2101 ¹³
1488 2094 1495 2119 :
1527 2094 1546 2117 α
1590 2078 1694 2118 Cum
1729 2078 1992 2130 simplicibus
2030 2077 2324 2118 sermocinatio

1299 2153 1404 2203 eJ'us.
1427 2164 1446 2187 ))
1473 2150 1500 2172 ¹⁵
1526 2149 1666 2199 «Quia
1685 2149 1938 2190 abscondisti
1962 2149 2054 2189 haec
2081 2161 2105 2188 a
2130 2149 2325 2201 sapienti-

1298 2223 1378 2262 bus
1410 2224 1450 2262 et
1473 2220 1768 2274 prudentibus,
1796 2222 1837 2260 et
1860 2219 2058 2259 revelasti
2083 2231 2131 2259 ea
2159 2230 2319 2271 parvu-

1298 2293 1361 2333 lis.
1384 2307 1403 2329 ›>
1428 2292 1477 2333 Et
1498 2291 1604 2331 ratio
1620 2292 1752 2343 hujus
1771 2293 1846 2340 est,
1870 2289 1969 2342 quia
1988 2290 2126 2329 turbae
2144 2301 2231 2330 non
2255 2301 2322 2331 re-

1298 2363 1519 2414 quirebant
1539 2361 1723 2411 subtilia,
1751 2360 1822 2400 sed
1854 2360 1998 2408 utilia,
2025 2362 2065 2399 et
2092 2359 2243 2400 talium
2265 2362 2326 2400 est

1298 2432 1498 2472 Dominus
1535 2431 1680 2471 doctor
1711 2430 1738 2452 15
1776 2445 1784 2470 :
1821 2444 1839 2467 (ι
1865 2429 1956 2481 Ego
1982 2429 2185 2470 Dominus
2217 2430 2324 2470 Deus

1297 2506 1413 2553 tuus,
1435 2503 1585 2543 docens
1605 2504 1645 2542 te
1665 2501 1800 2551 utilia,
1827 2501 2072 2554 gubernans
2100 2503 2140 2541 te
2167 2501 2211 2540 in
2235 2500 2322 2548 via,

1298 2585 1383 2625 qua
1401 2572 1608 2612 ambulas.
1632 2586 1651 2609 n

1350 2643 1560 2684 Moraliter
1591 2645 1734 2683 autem
1766 2642 2000 2683 notandum
2029 2644 2104 2693 est,
2132 2642 2244 2695 quod
2278 2643 2322 2682 in
2383 2671 2484 2699 Bonus

1298 2714 1459 2755 Christo
1480 2714 1652 2755 docente
1669 2714 1792 2754 datur
1808 2713 1944 2754 forma
1963 2713 2241 2766 praedicatori.
2259 2712 2323 2752 In-
2341 2712 2483 2781 praedissa-

1295 2785 1532 2826 troducitur
1551 2785 1665 2826 enim
1690 2788 1737 2825 ut
1768 2787 1895 2835 stans,
1923 2787 1970 2825 ut
1997 2784 2162 2834 videns,
2192 2786 2239 2824 ut
2260 2796 2323 2824 as·
2355 2763 2399 2782 ω’

1296 2856 1490 2907 cendenS,
1521 2859 1563 2896 et
1594 2859 1642 2896 ut
1674 2855 1836 2896 sedens.
1872 2854 1969 2895 Veri
1997 2854 2111 2895 enim
2143 2857 2184 2895 et
2222 2855 2324 2896 boni

1296 2925 1579 2977 praedicatoris
1600 2929 1662 2966 est
1689 2928 1797 2966 stare
1824 2937 1899 2978 per
1929 2926 2224 2966 rectitudinem
2253 2926 2322 2967 in-

1294 2996 1519 3046 tentionis;
1551 2997 1709 3038 dictum
1739 2998 1801 3036 est
1830 2995 2036 3037 Ezechieli
2064 2996 2110 3036 in
2138 3008 2319 3048 persona

1294 3067 1580 3119 praedicatoris
1594 3068 1622 3089 11
1639 3080 1680 3108 :a
1694 3067 1765 3107 Sta
1784 3079 1911 3120 super
1929 3067 2054 3120 pedes
2069 3070 2178 3118 tuos,
2199 3070 2239 3107 et
2257 3067 2314 3107 lo-

1294 3150 1401 3190 quar
1419 3140 1575 3179 tecum.
1603 3152 1622 3175 ))
1658 3137 1730 3178 Ε51
1754 3138 1898 3179 videre
1922 3148 1997 3190 per
2023 3138 2318 3178 certitudinem

1295 3303 1330 3308 —
1351 3285 1379 3306 ¹2
1398 3283 1468 3323 Job,
1487 3292 1583 3324 xxm,
1610 3285 1658 3315 14.
1680 3300 1720 3307 —
1741 3284 1768 3306 13
1785 3285 1898 3324 Ριόυ.,
1919 3291 1977 3322 111,
1998 3286 2051 3315 32.
2075 3301 2113 3307 —-
2133 3284 2157 3305 11
2179 3284 2315 3324 Μαίίὴ.,

1292 3338 1342 3371 xi,
1366 3333 1418 3363 25.
1439 3348 1479 3355 —
1500 3332 1524 3354 ¹⁸
1555 3332 1634 3372 Iso„
1653 3339 1782 3371 XLVIII,
1818 3333 1868 3362 17.
1889 3348 1930 3353 —
1958 3332 1984 3350 ¹⁶
2004 3331 2135 3370 Ezech.,
2160 3339 2198 3368 11,
2225 3333 2254 3362 1.

1336 3392 1377 3432 (α)
1400 3392 1480 3424 Coet.
1501 3391 1579 3423 edit.
1601 3391 1690 3433 quia.
1719 3408 1753 3414 —-
1779 3391 1826 3432 (b)
1850 3391 1934 3423 Item
1956 3399 2084 3422 sanare.
2108 3407 2150 3414 —
2170 3390 2209 3430 (c)
2233 3389 2312 3423 Coet.

1292 3439 1375 3471 edit.
1398 3439 1483 3470 deest
1503 3439 1636 3480 plenus.
