2634 3853
286 236 363 273 604

285 319 458 360 Joannis
485 318 598 359 unde
627 319 739 367 erat,
774 316 1001 356 noluerunt
1029 312 1305 365 respondere,

285 401 340 430 ne
377 389 725 430 convincerentur
763 386 812 425 de
852 383 1158 424 incredulitate.
1193 381 1309 422 Unde

285 462 447 513 poterat
477 459 527 500 de
560 459 650 499 istis
696 456 775 497 dici
805 455 908 495 illud
939 454 1227 495 Ecclesiastici
1255 453 1265 474 ¹
1297 467 1305 492 z

291 546 310 570 α
330 531 362 573 O
382 530 652 584 praesumptio
673 526 950 579 nequissima!
976 526 1088 566 unde
1109 526 1248 564 creata
1266 535 1309 564 es

285 602 501 655 cooperire
528 598 688 639 aridam
727 596 910 644 malitia,
944 598 984 636 et
1012 595 1228 636 dolositate
1257 594 1307 633 il-

284 673 423 713 lius?»
449 669 622 719 Quando
643 670 787 708 autem
819 666 910 706 istis
942 666 1191 706 deficiebant
1211 664 1309 705 solia

283 743 536 791 verborum,
559 739 832 780 recurrebant
850 737 902 778 ad
920 737 1172 789 ignorantiae
1192 738 1310 776 tene-

283 815 404 864 braS,
433 815 473 852 et
503 812 711 852 defectum
744 809 974 850 verborum
1003 821 1012 848 :
1047 807 1165 848 Unde
1196 809 1305 847 tace-

281 883 381 923 bant
409 894 495 923 non
530 894 583 922 ex
613 880 853 934 prudentia,
891 879 962 920 sed
990 891 1043 919 ex
1063 878 1307 929 ignorantia

281 965 378 1006 quae
406 953 533 993 habet
562 952 807 1004 adiunctam
836 950 1055 990 malitiam.
1089 948 1205 989 Unde
1235 949 1310 990 Ec-

280 1023 544 1066 clesiasticus
571 1023 585 1045 ²
618 1037 627 1063 ε
668 1038 688 1061 (ι
717 1021 790 1062 Est
826 1023 990 1071 tacens,
1027 1031 1114 1060 non
1148 1019 1309 1059 habens

281 1103 453 1132 sensum
472 1090 674 1143 loquelae3
699 1092 740 1130 et
773 1090 834 1129 est
855 1091 1016 1137 tacens,
1042 1087 1178 1127 sciens
1200 1088 1306 1126 tem—

279 1174 360 1214 pus
380 1162 465 1213 apti
491 1161 707 1214 temporis.
732 1174 751 1197 »
775 1160 868 1212 Ipse
885 1169 981 1201 vero
1002 1158 1309 1211 apprehensum

279 1233 474 1283 sanavit,
511 1234 589 1272 etc.
628 1230 727 1272 Post
758 1230 1033 1271 detectionem
1063 1229 1307 1270 observato-

279 1317 399 1354 rum,
423 1303 616 1344 subditur
646 1302 716 1342 hic
750 1301 977 1343 confutatio
1012 1301 1302 1342 detectorum:

279 1387 408 1428 quam
440 1373 636 1415 describit
667 1372 958 1423 Evangelista,
993 1372 1147 1412 scilicet
1176 1384 1309 1424 quan-

279 1448 371 1486 tum
403 1445 454 1485 ad
485 1443 847 1496 magnificentiam
881 1443 1000 1492 tacti,
1041 1455 1139 1483 cum
1177 1443 1304 1483 dicit:

279 1517 373 1568 Ipse
392 1526 488 1559 vero
508 1515 815 1568 apprehensum
835 1515 1008 1556 sanavit
1029 1525 1144 1565 eum,
1169 1525 1217 1555 ac
1237 1514 1307 1556 (Ζί-

279 1587 416 1630 misit.
451 1586 497 1626 In
529 1586 608 1626 hoc
646 1585 759 1638 quod
798 1584 1096 1637 apprehendit,
1137 1587 1310 1638 apparet

281 1660 371 1711 eJus
397 1658 634 1708 humilitas,
672 1657 772 1710 quia
808 1669 894 1697 non
926 1656 1183 1707 dedignatur
1214 1659 1305 1697 tan-

281 1741 382 1781 gere
416 1728 701 1777 infirmitates,
736 1727 786 1767 ad
820 1727 1052 1767 docendam
1082 1726 1302 1767 humilita-

280 1802 379 1840 tem.
403 1799 579 1852 Propter
599 1798 711 1851 quod
728 1798 829 1838 dicit
847 1797 1074 1850 Apostolus
1089 1797 1102 1818 3
1121 1811 1130 1838 :
1159 1813 1178 1836 ((
1197 1797 1308 1839 Ν115-

278 1883 407 1923 quam
424 1869 599 1921 angelos
618 1868 911 1922 apprehendit,
929 1868 1000 1909 sed
1019 1880 1164 1909 semen
1178 1869 1307 1910 Abra-

277 1942 360 1982 hae.
382 1956 400 1979 n
434 1941 480 1981 In
501 1941 581 1981 1100
600 1940 714 1993 quod
733 1939 918 1990 sanavit,
948 1942 1122 1992 apparet
1140 1940 1304 1981 virtuo-

276 2012 400 2062 sitas;
425 2012 538 2053 unde
553 2023 683 2065 supra
699 2014 713 2035 ²*
735 2025 743 2050 :
773 2026 791 2049 <‹
813 2010 956 2052 Virtus
979 2011 1030 2051 de
1061 2010 1132 2051 illo
1164 2011 1307 2051 exibat

277 2086 318 2124 et
348 2083 523 2124 sanabat
555 2094 752 2123 01111105.»
794 2082 841 2122 111
871 2082 951 2122 hoc
983 2082 1094 2134 quod
1122 2082 1303 2134 dimisit,

278 2154 432 2195 scilicet
465 2154 581 2195 abire
614 2154 821 2202 liberum,
858 2154 1032 2205 apparet
1062 2153 1306 2195 liberalitas.

276 2226 370 2268 Non
399 2226 513 2266 enim
549 2225 715 2276 redegit
749 2224 794 2263 in
829 2224 1100 2273 servitutem,
1137 2227 1307 2277 propter

277 2296 474 2337 collatum
494 2294 769 2344 beneficium,
799 2294 872 2334 sed
891 2294 1048 2334 dimisit
1067 2294 1183 2334 abire
1202 2294 1305 2335 libe-

276 2378 390 2407 rum.
428 2365 597 2406 Glossa:
642 2379 661 2402 ((
692 2364 856 2404 Dimisit
897 2376 997 2404 eum
1035 2365 1307 2417 corporaliter

276 2437 391 2478 abire
410 2439 629 2486 sanatum,
649 2437 697 2476 ut
716 2447 760 2475 se
790 2435 1038 2475 transferret
1057 2434 1108 2475 ad
1128 2435 1305 2477 salutem

276 2509 566 2550 animarum.»
592 2506 710 2547 Unde
726 2518 855 2558 supra
875 2506 887 2527 ⁵
919 2506 969 2546 ad
998 2505 1119 2546 illum
1140 2507 1305 2547 daemo-

276 2579 466 2630 niaeum,
493 2589 621 2631 quem
643 2578 884 2627 sanaverat,
917 2576 1022 2616 dixit
1046 2590 1055 2617 ;
1095 2592 1113 2614 (ι
1135 2576 1236 2618 Redi
1261 2577 1306 2617 in

277 2650 453 2690 domum
491 2651 632 2698 tuam,
664 2650 704 2687 et
742 2658 868 2687 narra
903 2649 1063 2699 quanta
1096 2647 1173 2687 tibi
1210 2648 1306 2688 fecit

277 2719 400 2760 Deus.
419 2734 438 2757 n
475 2719 534 2759 Ac
562 2730 636 2771 per
667 2718 747 2758 1100
782 2717 970 2758 Christus
1006 2718 1051 2757 in
1085 2718 1211 2758 modo
1244 2719 1306 2758 fa-

276 2790 414 2831 ciendi
450 2789 556 2830 illud
587 2788 864 2838 miraculum,
903 2800 978 2840 per
1016 2788 1304 2829 humilitatem

277 2862 464 2901 confutat
493 2860 514 2901 J
521 2860 739 2901 udaeorum
768 2858 1030 2911 superbiam3
1065 2870 1141 2911 per
1161 2860 1303 2901 virtu-

277 2936 385 2983 tem,
408 2944 557 2972 eorum
584 2931 786 2972 desidiam
801 2945 810 2981 ;
847 2943 923 2983 per
954 2931 1244 2971 liberalitatem
1265 2934 1305 2973 et

277 3002 606 3054 benignitatem,
639 3013 787 3042 eorum
818 3001 1064 3054 perfidiam,
1095 3014 1192 3042 cum
1225 3002 1305 3055 ipsi

276 3086 355 3114 nec
383 3073 664 3125 dignarentur
692 3075 891 3124 tangere,
926 3085 1003 3113 nec
1036 3076 1204 3125 possent
1230 3086 1302 3114 cu-

276 3157 391 3195 rare,
418 3156 497 3184 nec
522 3142 678 3186 vellent
701 3142 893 3184 liberare.

330 3213 543 3265 Secundo,
575 3215 783 3266 quantum
815 3214 869 3253 ad
899 3213 1129 3254 efficaciam
1158 3215 1301 3266 verbi,

277 3285 419 3327 subdit
435 3287 501 3336 (v.
526 3286 573 3336 5)
598 3297 608 3326 :
628 3285 683 3328 Ετ
696 3284 954 3337 respondens
969 3285 1027 3327 ad
1040 3285 1135 3328 illos
1151 3284 1273 3328 dixit
1289 3298 1302 3326 .·

278 3355 409 3408 Cujus
428 3358 613 3398 vestrum
640 3356 809 3406 asinus,
843 3358 917 3398 aut
949 3355 1017 3398 bos
1050 3356 1099 3398 in
1127 3358 1304 3407 puteum

318 3463 325 3480 ¹
348 3461 469 3500 Eccli„
487 3469 619 3502 xxxvu,
641 3463 670 3494 3.
685 3479 726 3484 —
744 3461 755 3479 ²
775 3460 891 3499 Eccli„
911 3470 969 3500 xx,
989 3463 1020 3492 6.
1037 3478 1077 3484 —
1095 3460 1108 3482 3
1128 3460 1242 3498 Helm,
1262 3468 1303 3501 11,

277 3510 328 3541 16.
352 3526 391 3532 -
409 3508 423 3530 Β
441 3510 538 3550 Sup.,
558 3517 610 3549 vi,
633 3510 683 3541 19.
703 3526 743 3532 —
764 3509 775 3527 ⁵
796 3508 891 3548 Sap„
916 3515 998 3546 vni,
1021 3509 1072 3539 39.
1092 3524 1131 3530 —
1157 3507 1255 3548 6doh,
1277 3516 1303 3548 1,

1006 222 1291 266 EVANGELH
1322 221 1507 264 SANCTI
1536 223 1686 265 LUCAE

1386 311 1532 363 cadet,
1556 312 1711 354 scilicet
1740 325 1816 366 per
1835 315 2047 357 casualem
2066 320 2288 370 eventum,
2316 321 2417 372 quia

1386 381 1478 422 haec
1516 383 1816 435 temporalium
1856 385 2062 437 possessio
2097 387 2241 428 multis
2280 391 2416 431 modis

1386 455 1520 505 potest
1538 454 1788 506 periclitari,
1811 458 1852 496 et
1870 455 2005 496 amitti
2028 456 2270 509 aliquando.
2295 465 2332 501 1.
2352 462 2416 501 Ab

1385 522 1597 574 interiori,
1625 536 1700 576 per
1729 526 1945 578 propriam
1966 528 2168 578 mortem,
2197 530 2305 571 sicut
2330 534 2417 572 tota

1386 593 1452 633 die
1471 594 1686 645 videmus,
1709 598 1747 636 02.
1778 596 1841 636 Ab
1873 597 2100 647 exteriori,
2129 610 2204 650 per
2236 601 2416 643 alienam

1384 664 1672 716 tyrannidem,
1701 666 1807 707 sicut
1844 666 1917 708 Job
1939 671 1977 706 ⁶:
2008 666 2181 709 «Boves
2211 671 2412 723 arabant,

1385 736 1426 774 et
1458 735 1589 775 asinas
1616 737 1945 788 pascebantur,›)
1978 739 2074 788 etc.,
2104 753 2123 777 (‹
2143 741 2182 779 et
2199 739 2417 783 irruerunt

1385 804 1535 857 Sabaei,
1554 807 1828 860 tuleruntque
1849 808 2005 848 omnia.
2032 822 2052 846 ›>
2076 813 2112 849 3.
2134 809 2170 849 A
2191 812 2414 863 superiori,

1384 888 1460 928 per
1480 878 1763 929 pestilentiam
1782 883 1796 904 Ἴ
1821 893 1830 919 :
1869 894 1888 917 «
1907 879 2010 920 Ecce
2030 892 2184 921 manus
2215 894 2311 923 mea
2340 884 2419 924 erit

1385 959 1513 999 super
1535 960 1663 1000 agros
1681 951 1796 999 tuos,
1819 952 1860 989 et
1877 961 2006 1002 super
2025 962 2170 1002 eqUOS,
2202 954 2243 992 et
2261 953 2415 1003 asinos,

1383 1020 1424 1058 et
1445 1019 1646 1069 camelos,
1674 1021 1714 1059 et
1740 1031 1864 1069 oveS,
1898 1022 1938 1059 et
1972 1020 2102 1061 boves
2134 1022 2260 1072 pestis
2293 1023 2416 1063 valde

1384 1089 1544 1140 gravis.
1568 1104 1586 1126 n
1610 1094 1649 1130 4.
1671 1090 1736 1129 Ab
1756 1090 1968 1140 inferiori,
1990 1103 2065 1143 per
2092 1091 2287 1142 ruinam,
2310 1093 2419 1133 sicut

1383 1161 1469 1201 hic.
1492 1161 1608 1202 Unde
1638 1174 1726 1202 non
1753 1164 1856 1202 sunt
1884 1162 1976 1202 haec
2004 1162 2192 1203 multum
2211 1164 2416 1215 amanda,

1385 1243 1481 1283 quae
1501 1234 1677 1284 possunt
1693 1234 1754 1273 tot
1767 1233 1903 1273 modis
1916 1233 2067 1273 amitti.
2089 1234 2139 1274 Et
2158 1236 2301 1275 tamen
2319 1235 2418 1276 istas

1383 1303 1667 1355 possessiones
1707 1303 1942 1355 diligebant
1976 1304 2160 1345 multum
2196 1305 2416 1360 Pharisaei.

1384 1373 1501 1414 Unde
1523 1373 1692 1414 Glossa:
1720 1389 1738 1412 α
1764 1375 1919 1415 Omnes
1940 1375 1984 1414 in
2005 1375 2085 1415 hac
2104 1376 2280 1417 avaritia
2305 1377 2419 1417 sirni-

1383 1445 1443 1485 les
1464 1445 1576 1486 estis.
1595 1458 1614 1483 ))
1629 1446 1763 1487 Amor
1779 1447 1894 1487 enim
1914 1447 2034 1487 bovis
2053 1450 2095 1488 et
2114 1448 2221 1487 asini
2243 1448 2420 1489 faciebat

1384 1527 1455 1556 eos
1475 1528 1561 1557 non
1583 1528 1733 1558 curare
1754 1517 1804 1557 de
1824 1518 2093 1559 observantia
2123 1519 2303 1569 sabbati3
2326 1519 2418 1560 ideo

1384 1587 1512 1627 dicit:
1536 1588 1589 1630 Et
1620 1598 1705 1630 non
1737 1590 1938 1631 continuo
1971 1588 2169 1631 extrahet
2200 1589 2321 1631 illum
2347 1590 2419 1632 die

1383 1658 1550 1700 sabbate:
1562 1660 1582 1699 P
1604 1658 1684 1698 Per
1703 1659 1892 1700 velocem
1913 1670 2178 1699 succursum.
2209 1659 2354 1701 Glossa
2371 1661 2384 1681 ⁸
2407 1675 2415 1701 :

1388 1744 1407 1767 <‹
1437 1728 1531 1769 Non
1571 1729 1768 1781 animali,
1809 1730 1881 1770 sed
1914 1742 2002 1770 suae
2041 1731 2232 1772 avaritiae
2265 1743 2416 1772 consu-

1384 1800 1489 1840 lens.
1512 1814 1530 1837 »
1559 1800 1609 1840 Et
1630 1800 1710 1841 1100
1729 1801 1902 1854 quidem
1929 1802 2183 1854 reputabant
2209 1814 2252 1843 se
2283 1804 2419 1844 facere

1383 1871 1472 1911 sine
1492 1871 1723 1912 offensione
1749 1872 1874 1923 legis.
1905 1872 1950 1913 Si
1972 1884 2076 1924 ergo
2097 1873 2212 1913 salus
2231 1873 2419 1914 hominis

1382 1942 1650 1995 praeferenda
1670 1945 1732 1983 est
1760 1943 1887 1984 saluti
1914 1943 2023 1984 asini
2055 1946 2095 1984 et
2119 1944 2262 1994 bovis,
2284 1945 2419 1985 mani-

1381 2015 1536 2055 festum
1564 2016 1625 2055 est
1654 2015 1698 2055 in
1732 2014 1949 2056 curatione
1980 2015 2166 2055 hominis
2195 2016 2417 2057 sabbatum

1384 2098 1471 2126 non
1509 2086 1631 2127 solvi.
1669 2086 1719 2127 Et
1755 2088 1819 2127 est
1853 2089 2157 2138 argumentum
2192 2099 2217 2126 a
2247 2088 2414 2139 majori.

1383 2156 1522 2208 Magis
1563 2156 1675 2196 enim
1714 2157 1885 2199 videtur
1927 2158 2041 2209 quod
2079 2157 2301 2198 sabbatum
2345 2158 2418 2199 de-

1382 2227 1478 2266 beat
1509 2225 1615 2267 solvi
1651 2238 1726 2278 per
1764 2239 1872 2278 opus
1910 2227 2050 2278 magis
2090 2227 2268 2278 servile,
2316 2229 2416 2280 quia

1382 2296 1535 2337 dicitur
1564 2296 1577 2317 ⁹
1606 2311 1614 2336 :
1654 2297 1828 2337 «Omne
1857 2309 1963 2350 opus
1980 2298 2133 2338 servile
2152 2310 2239 2338 non
2258 2298 2416 2339 facietis

1381 2366 1426 2406 in
1446 2378 1508 2407 eo.
1532 2381 1550 2404 »
1584 2367 1664 2407 Sed
1687 2367 1826 2419 magis
1845 2369 1906 2408 est
1925 2367 2077 2409 servile
2102 2379 2232 2420 opus,
2267 2380 2416 2410 eruere

1383 2438 1552 2479 asinum
1572 2440 1645 2478 aut
1665 2438 1842 2488 bovem,
1865 2450 1995 2491 quam
2012 2450 2162 2479 sanare
2179 2439 2412 2479 hominem.

1382 2508 1427 2548 Si
1448 2521 1554 2561 ergo
1580 2510 1650 2550 ille
1684 2521 1771 2550 non
1802 2509 1927 2552 solvit
1966 2509 2207 2559 sabbatum,
2243 2509 2318 2562 qui
2336 2510 2412 2550 bo-

1382 2591 1481 2620 vem
1508 2581 1558 2621 de
1595 2581 1717 2622 fovea
1750 2581 1955 2633 extrahit,
1996 2581 2131 2621 multo
2165 2580 2313 2621 fortius
2337 2593 2415 2622 nec

1380 2650 1449 2691 ille
1469 2651 1543 2704 qui
1561 2652 1779 2693 hominem
1802 2655 1935 2693 sanat.
1959 2652 2067 2693 Nam
2087 2653 2122 2692 si
2148 2663 2254 2704 opus
2272 2652 2411 2693 avari-

1381 2722 1452 2762 tiae
1471 2733 1557 2762 non
1579 2723 1724 2772 solvit,
1750 2735 1854 2774 ergo
1873 2735 1951 2763 nec
1974 2734 2080 2775 opus
2100 2722 2412 2773 misericordiae,

1381 2804 1479 2833 cum
1498 2804 1606 2845 opus
1624 2793 1813 2835 avaritiae
1838 2793 1891 2834 sit
1910 2793 2142 2843 servitutis,
2167 2804 2274 2845 opus
2291 2793 2413 2834 mise-

1379 2863 1573 2903 ricordiae
1603 2863 1824 2904 libertatis.

1435 2933 1575 2974 Tertio
1591 2965 1601 2984 ,
1639 2936 1849 2986 quantum
1888 2934 1940 2974 ad
1978 2933 2235 2974 evidentiam
2271 2934 2408 2985 signi,

1382 3004 1523 3045 subdit
1546 3005 1610 3055 (v.
1634 3005 1682 3055 6)
1708 3019 1717 3045 2
1740 3005 1795 3047 Ec
1822 3014 1907 3047 non
1924 3006 2118 3056 poterant
2138 3004 2196 3046 ad
2219 3003 2302 3046 lzaec
2321 3014 2410 3046 res-

1377 3075 1562 3128 pondere
1576 3075 1658 3117 illi.
1677 3074 1821 3115 Glossa
1840 3088 1848 3114 :
1873 3090 1892 3112 α
1906 3074 2107 3116 Convicti.
2123 3087 2142 3110 ))
2167 3073 2284 3114 Tunc
2295 3075 2409 3115 enim

1380 3148 1442 3187 est
1471 3145 1643 3187 evidens
1666 3145 1842 3197 signum
1869 3145 1983 3198 quod
2005 3145 2134 3185 bomo
2166 3145 2219 3185 sit
2238 3146 2407 3187 convic-

1380 3218 1471 3266 tus,
1507 3216 1676 3268 quando
1712 3216 1853 3256 deficit
1888 3216 1957 3256 via
1991 3215 2133 3267 aliqua
2158 3215 2210 3255 ad
2239 3215 2409 3266 fugien-

1381 3287 1501 3327 dum.
1523 3286 1608 3327 Nec
1630 3286 1810 3337 mirum,
1831 3286 1865 3326 si
1893 3297 1979 3326 non
2007 3288 2201 3337 poterant
2231 3296 2406 3338 respon-

1381 3356 1480 3397 dere
1499 3357 1718 3410 sapientiae
1741 3356 1916 3406 Christi,
1953 3367 2049 3396 cum
2081 3368 2158 3397 nec
2190 3356 2408 3408 sapientis-

1381 3463 1431 3494 14.
1455 3479 1494 3487 -
1518 3463 1531 3484 '¹
1551 3462 1672 3502 Exod„
1700 3470 1752 3502 ix,
1778 3463 1809 3493 3.
1833 3478 1873 3483 -
1900 3462 1910 3479 Β
1932 3462 2039 3494 Gloss.
2067 3461 2213 3494 interlin.
2242 3471 2283 3493 ex
2310 3462 2405 3501 Bed,

1380 3508 1438 3540 ubi
1457 3518 1533 3550 sup.
1553 3520 1592 3532 -
1608 3509 1619 3528 ⁹
1640 3509 1758 3548 Levzt„
1778 3515 1879 3548 xxm,
1899 3509 1928 3539 7.
