2634 3853
1 279 62 308 tum
95 284 138 312 le-

1 322 46 355 gis
85 324 121 351 ob
129 340 137 345 -

12 370 131 391 servan-

1 404 54 432 dae.

19 2253 142 2280 Concor-

26 2293 123 2321 dantia

2 2336 139 2370 Evange-

1 2375 135 2404 listarum

926 169 1197 212 EXPOSITIO
1228 171 1281 213 IN
1310 171 1423 213 CAP.
1452 172 1502 214 V.

158 267 254 309 licet
277 266 357 315 ire,
379 265 538 314 tacere,
560 261 777 304 ostendere
791 292 803 312 ,
828 263 868 302 et
893 260 1060 301 offerre.
1083 259 1147 300 Ire
1163 291 1175 311 ‚

159 350 254 379 cum
281 334 381 376 dicit
407 347 416 374 :
443 332 569 375 Vade,
591 332 745 372 Tacere
767 331 967 373 :Nemini
988 330 1176 372 dioeert’s.

158 405 378 448 Ostendere
407 418 416 444 ε
454 402 628 446 Ostende
660 407 708 445 te.
746 403 903 444 Offerre
928 416 937 442 ε
964 400 1077 453 Offer
1101 412 1179 453 pro

157 475 452 519 emundatione
482 479 572 517 tua.
606 474 742 525 Vade,
768 473 924 513 scilicet
953 472 1180 513 deserendo

155 548 336 599 peccata.
360 545 428 586 Sic
447 545 676 586 adulterae¹
702 558 711 584 :
741 543 912 593 «Vade,
935 545 975 583 et
991 544 1080 595 jam
1095 555 1181 583 am-

155 617 266 670 plius
292 616 377 656 noli
396 628 580 668 peccare.
605 630 623 652 5>
649 614 801 655 Tacere
821 612 1022 666 praecepit
1045 613 1178 664 bona,

157 699 211 728 ne
241 687 294 726 sit
326 686 432 727 sicut
463 686 533 726 ille
567 685 807 727 Pharisaeus
841 684 917 736 qui
957 684 1178 725 dicebat2:

164 773 183 796 (ι
204 757 306 809 ΧΝοῌ
337 770 433 799 sum
461 758 569 799 sicut
598 756 739 799 caeteri
769 755 1016 804 hominum,
1039 757 1183 808 'rapto-

157 842 225 871 res
241 861 252 880 ,
273 829 443 882 injusti,
465 829 643 870 adulteri
666 842 675 868 :
700 828 817 869 velut
849 827 974 868 etiam
1001 827 1071 868 hic
1102 840 1184 880 pu-

157 900 364 941 blicanus.
403 899 553 952 Jejuno
582 899 722 939 bisin
759 899 960 949 sabbat03
1001 898 1183 938 decimas

159 970 211 1011 do
247 971 442 1011 omnium
466 1002 476 1020 ,
519 982 617 1023 quae
654 969 858 1022 possideo.
901 983 920 1006 ›)
961 967 1184 1009 Ostendere

158 1041 357 1094 praecepit
376 1041 513 1092 mala,
543 1041 649 1081 sicut
676 1040 753 1081 tlob
773 1040 787 1061 ³
811 1054 820 1080 ε
849 1039 931 1080 «Si
959 1039 1181 1089 abscondi,

152 1111 283 1163 *quasi
301 1111 431 1152 homo
447 1143 458 1162 ,
478 1114 697 1164 peccatum
724 1122 869 1150 meum
883 1141 896 1160 ,
927 1111 967 1149 et
987 1109 1117 1150 celavi
1141 1109 1184 1149 in

161 1181 259 1222 sinu
278 1194 372 1222 meo
395 1182 661 1234 iniquitatem
695 1193 835 1221 meam
857 1195 865 1220 :
888 1194 906 1218 n
929 1180 971 1221 id
991 1183 1074 1231 est,
1101 1192 1185 1221 non

161 1253 379 1304 abscondi,
401 1252 629 1300 neccelavi
664 1254 883 1305 peccatum
914 1264 1058 1292 meum
1075 1284 1085 1302 ,
1113 1255 1186 1292 aut

160 1322 443 1374 iniquitatem.
476 1322 729 1364 Psatmuffl:
761 1337 780 1360 «
808 1322 1012 1362 Delictum
1041 1334 1185 1362 meum

159 1392 383 1443 cognitum
405 1393 479 1433 tibi
500 1393 591 1443 feci,
609 1395 649 1433 et
668 1392 919 1444 injustitiam
939 1403 1079 1432 meam
1099 1404 1184 1432 non

160 1462 373 1504 abscondi.
394 1478 413 1501 ›)
439 1462 598 1505 Offerre
624 1462 823 1515 praecepit
850 1474 978 1514 opera
1006 1462 1187 1502 satisfac-

159 1533 268 1573 toria
299 1547 308 1574 :
347 1533 534 1575 Psalmus
563 1537 577 1559 ⁵
610 1548 618 1574 :
657 1549 676 1572 c<
710 1532 893 1574 Introiho
929 1533 973 1572 in
1008 1533 1186 1573 domum

160 1604 279 1644 tuam
297 1603 342 1644 in
359 1603 613 1644 holocaustis
636 1619 645 1644 z
665 1603 838 1644 reddam
857 1603 934 1643 tibi
954 1605 1053 1644 vota
1075 1615 1183 1653 mea,

161 1685 258 1726 quae
272 1673 554 1714 distinxerunt
565 1674 677 1714 labia
690 1686 799 1715 mea.
815 1688 833 1711 υ
848 1673 911 1714 Ad
927 1674 1133 1716 Romanos
1147 1679 1183 1715 ⁰:

166 1759 186 1782 <t
206 1743 453 1785 Exhibeatis
470 1757 646 1798 corpora
664 1748 820 1796 vestra,
842 1745 1025 1786 hostiam
1041 1746 1188 1788 viven-

160 1814 266 1864 tem,
300 1817 508 1866 sanctam,
540 1815 623 1856 Deo
653 1815 911 1868 placentem,
941 1816 1188 1857 rationabile

161 1883 415 1937 obsequium
435 1887 681 1926 vestrum.»
709 1885 808 1926 Haec
837 1888 978 1926 autem
1008 1889 1188 1938 quatuor

161 1957 421 1996 concurrunt
436 1956 672 1997 necessario
692 1957 743 1997 ad
762 1958 1073 1997 sacramentum
1093 1969 1188 2010 poe-

158 2025 346 2067 nitentiae
379 2027 558 2079 perfecte
591 2027 642 2079 (a)
675 2026 962 2079 recipiendum
988 2042 998 2078 ;
1035 2027 1189 2068 scilicet

157 2096 316 2147 peccati
332 2096 511 2138 desertio
526 2129 537 2148 ,
559 2097 787 2150 peccatoris
806 2097 1046 2139 humiliatio
1061 2129 1074 2149 ,
1098 2110 1188 2151 pec-

158 2165 239 2206 cati
258 2166 440 2207 ostensio
452 2198 463 2218 ,
485 2170 526 2208 et
545 2167 838 2209 satisfactionis
855 2167 1024 2208 oblatio.

210 2235 367 2278 Deinde
395 2237 662 2280 dissolvenda
692 2241 755 2280 est
784 2250 990 2292 apparens
1021 2240 1187 2280 contro-

158 2307 297 2349 versia
317 2308 426 2349 inter
444 2308 693 2350 Matthaeum
714 2312 754 2350 et
774 2309 933 2350 Lucam
947 2341 958 2360 ,
989 2309 1090 2362 quia
1109 2309 1189 2350 hoc

159 2379 415 2420 miraculum
436 2380 536 2420 dicit
554 2380 778 2421 Matthaeus
807 2392 898 2421 esse
918 2381 1076 2420 factum
1096 2382 1190 2432 post

159 2459 398 2489 sermonem
417 2448 586 2489 Domini
616 2449 661 2490 in
689 2452 859 2499 monte;
888 2452 929 2490 et
958 2450 1029 2490 hic
1056 2450 1190 2491 Lucas

161 2522 306 2560 narrat
327 2519 458 2571 longe
488 2523 585 2560 ante
617 2532 871 2562 sermonem.
901 2521 967 2562 Ad
996 2521 1109 2574 quod
1129 2524 1191 2563 est

161 2591 319 2644 duplex
339 2591 408 2632 via
427 2591 680 2633 dissolvendi
709 2591 1039 2633 controversiam
1064 2603 1074 2632 ε
1102 2591 1190 2634 sive

162 2661 264 2714 quia
290 2662 397 2703 alius
425 2674 563 2703 sermo
592 2663 691 2714 fuit,
713 2674 842 2716 quem
864 2664 1009 2703 narrat
1028 2661 1161 2703 Lucas
1177 2693 1188 2712 ‚

162 2732 271 2773 alius
292 2745 421 2786 quem
441 2732 666 2775 Matthaeus
689 2748 698 2774 :
725 2735 846 2786 cujus
867 2733 1063 2786 signum,
1092 2733 1191 2785 quia

162 2804 298 2845 multa
325 2805 524 2846 dicuntur
551 2805 598 2846 in
625 2818 712 2847 uno
742 2817 955 2857 sermone,
979 2817 1076 2858 quae
1104 2817 1192 2847 non

164 2874 361 2917 dicuntur
393 2876 440 2916 in
470 2877 626 2929 alter03
657 2877 746 2920 sive
777 2877 878 2930 quia
908 2876 1021 2917 idem
1052 2888 1191 2919 sermo

165 2944 244 2985 fuit
269 2945 468 2988 differens
500 2948 734 2989 secundum
763 2949 971 3001 majorem
1005 2947 1189 3000 explica-

167 3013 326 3056 tionem
345 3048 356 3068 ,
394 3020 435 3059 et
474 3018 698 3060 minorem.
742 3019 859 3060 Unde
892 3019 1192 3060 attendendum

169 3086 250 3135 est,
271 3087 384 3138 quod
406 3087 688 3141 Evangelistae
706 3102 794 3131 non
821 3092 992 3132 servant
1020 3091 1191 3131 omnino

170 3154 321 3195 seriem
359 3157 421 3197 rei
459 3161 619 3211 gestae,
654 3161 726 3201 sed
756 3172 805 3201 eo
836 3160 961 3201 modo
991 3162 1189 3211 narrant,

169 3236 254 3278 quo
273 3226 413 3278 magis
431 3227 530 3269 facit
548 3230 600 3271 ad
619 3243 707 3272 suae
725 3231 971 3272 intentionis
989 3243 1192 3284 prosecu-

169 3295 342 3337 tionem.
366 3295 482 3339 Unde
500 3299 795 3352 Augustinus⁷
820 3317 830 3343 ε
860 3302 1000 3352 «Quid
1020 3302 1194 3343 interest

214 3403 223 3421 ¹
241 3402 349 3442 Joan.,
371 3411 451 3445 vni,
478 3405 529 3436 11.
550 3422 591 3429 —
608 3407 622 3428 ²
639 3408 730 3447 Luc„
750 3416 856 3450 xvm,
883 3412 939 3448 11,
964 3411 1014 3441 12.
1034 3426 1075 3433 -—
1093 3409 1104 3427 ³
1122 3407 1194 3447 Joh,

172 3457 288 3491 xxxu,
310 3452 362 3483 12.
385 3469 420 3474 -‹
441 3451 452 3470 ⁴
472 3452 565 3485 Psal.
589 3461 692 3494 xxxi,
713 3457 745 3489 5.
763 3473 804 3480 —-
831 3457 844 3479 ⁵
866 3456 956 3489 Psal.
984 3464 1061 3497 LXV,
1083 3459 1132 3489 14.
1154 3472 1194 3480 -

2198 190 2273 228 339

1252 260 1371 313 quis,
1391 273 1477 314 quo
1490 260 1635 302 ordine
1654 265 1804 315 ponat,
1820 264 1908 307 sive
1927 268 2040 320 quod
2058 281 2111 311 ex
2129 273 2276 316 ordine

1251 330 1429 383 inserit,
1463 332 1553 373 sive
1589 333 1701 385 quod
1739 335 1945 377 omissum
1978 340 2155 391 recolit,
2186 344 2277 386 sive

1253 402 1365 455 quod
1409 405 1552 455 postea
1596 404 1752 445 factum
1770 437 1780 456 ,
1821 409 1943 448 antea
1980 417 2245 466 praeoccupat
2264 430 2275 465 ;

1253 471 1357 512 dum
1376 475 1518 514 tamen
1536 485 1622 514 non
1641 475 1887 517 adversetur
1917 479 2061 520 eadem
2095 483 2163 523 vel
2199 484 2280 526 alia

1254 543 1468 593 narranti,
1499 544 1566 585 vel
1606 544 1684 584 sibi
1717 547 1786 587 vel
1825 547 1982 590 alteri?
2017 550 2125 592 Satis
2164 555 2280 596 enim

1254 613 1470 664 probabile
1498 617 1580 664 est,
1615 616 1730 667 quod
1757 620 2052 674 unusquisque
2082 623 2279 677 Evange-

1254 681 1448 723 listarum
1469 695 1517 724 eo
1535 684 1684 726 ordine
1703 686 1847 729 didicit
1865 702 2038 733 narrare
2057 693 2253 738 debuisse
2268 730 2279 749 ,

1256 765 1341 805 quo
1362 753 1562 795 voluisset
1588 755 1697 796 Deus
1726 769 1774 797 ea
1801 758 1911 811 ipsa,
1934 773 2029 814 quae
2055 766 2281 819 narrabat,

1257 825 1349 876 ejus
1377 824 1658 866 recordationi
1687 839 1941 882 suggerere,
1963 834 2066 874 etin
2096 836 2154 876 eis
2173 838 2283 879 dun-

1256 897 1373 935 taxat
1402 895 1549 947 rebus,
1583 908 1766 949 quarum
1798 900 1920 951 ordo,
1957 903 2046 945 sive
2075 905 2172 956 iste,
2195 909 2284 951 sive

1257 965 1326 1005 ille
1345 997 1358 1015 ,
1396 966 1504 1006 nihil
1543 967 1696 1008 minuit
1741 971 1980 1012 auctoritati
2027 976 2284 1031 veritatique

1258 1036 1532 1088 evangelicae.
1556 1051 1576 1074 ›)
1602 1037 1651 1078 Et
1668 1051 1743 1091 per
1762 1040 1842 1081 hoc
1861 1045 1976 1095 patet
1995 1047 2133 1087 omnis
2155 1049 2285 1091 disso-

1257 1106 1361 1147 lutio
1387 1108 1712 1161 contrarietatis,
1735 1123 1831 1163 quae
1861 1113 2030 1156 videtur
2063 1122 2286 1169 provenire

1258 1190 1312 1218 ex
1330 1178 1475 1219 ordine
1496 1178 1726 1221 differente.

1313 1253 1377 1290 17.
1400 1252 1460 1293 Et
1478 1252 1638 1302 factum
1663 1257 1722 1295 est
1747 1255 1796 1296 tn
1815 1266 1903 1299 una
1922 1258 2104 1303 dierum.
2125 1263 2284 1306 Confir-

1259 1321 1382 1360 matis
1401 1321 1612 1374 discipulis
1641 1336 1715 1376 per
1743 1328 2005 1370 curationem
2030 1331 2206 1385 leprosi,
2229 1337 2288 1377 sic

1258 1390 1310 1431 ad
1342 1392 1548 1443 majorem
1583 1394 1829 1436 firmitatem
1865 1400 2086 1442 confirmat
2118 1405 2286 1446 eosdem

1258 1473 1333 1513 per
1353 1462 1590 1503 mirabilem
1616 1466 1876 1508 sanationem
1902 1471 2134 1524 paralytici.
2158 1474 2288 1528 GuJus

1258 1531 1495 1573 mirabilem
1515 1534 1777 1576 sanationem
1804 1538 1999 1582 describit
2019 1542 2289 1597 Evangelista

1258 1601 1340 1642 hoc
1365 1603 1513 1644 ordine
1537 1619 1546 1644 ε
1569 1606 1706 1657 primo
1731 1607 2012 1653 introducitur
2039 1619 2291 1668 opportuni—

1259 1673 1324 1712 tas
1343 1674 1539 1714 miraculi
1559 1675 1757 1727 faciendi3
1776 1682 1959 1723 secundo
1973 1695 2091 1736 vero,
2114 1686 2291 1740 integri-

1259 1744 1323 1783 tas
1344 1744 1537 1785 miraculi
1557 1748 1751 1799 perfecti,
1775 1750 1833 1790 ibi
1850 1751 1904 1804 (v.
1922 1755 1985 1804 20>
2003 1768 2012 1796 z
2033 1755 2221 1807 Quorum
2241 1761 2292 1811 fi-

1259 1812 1368 1863 dem,
1388 1817 1484 1865 etc.;
1505 1817 1627 1857 tertio
1647 1830 1748 1860 vero
1768 1820 1985 1864 celebritas
2005 1826 2197 1869 miraculi
2216 1842 2291 1883 pu-

1259 1883 1417 1935 blicati,
1438 1886 1527 1937 ibi(
1552 1900 1594 1928 v.
1630 1891 1680 1929 26
1709 1891 1718 1941 )
1749 1902 1759 1930 ε
1790 1891 1845 1934 Et
1873 1897 2021 1947 stupor
2055 1900 2291 1951 apprehen-

1260 1954 1349 2006 dt't,
1375 1959 1452 1997 etc.
1485 1956 1786 2010 Opportunitas
1817 1967 1960 2006 autem
1996 1968 2190 2012 miraculi
2225 1974 2288 2015 fa-

1262 2025 1397 2067 ciendi
1417 2027 1633 2079 colligitur
1652 2042 1704 2071 ex
1724 2036 1919 2085 quatuor,
1936 2037 2090 2080 scilicet
2110 2053 2163 2082 ex
2183 2045 2291 2085 mul-

1261 2095 1438 2137 titudine
1458 2099 1603 2150 populi
1622 2101 1870 2155 assistentis3
1888 2117 1942 2147 ex
1959 2113 2291 2164 promptitudine

1260 2166 1430 2208 virtutis
1460 2171 1669 2223 sanantis;
1701 2185 1753 2214 ex
1785 2177 2018 2226 gravedine
2044 2184 2183 2224 morbi
2214 2197 2289 2239 op-

1260 2237 1507 2290 primentis;
1541 2253 1595 2281 ex
1623 2242 1901 2287 sollicitudine
1928 2248 2026 2290 fidei
2058 2252 2288 2298 offerentis.

1262 2306 1405 2349 Primo
1424 2322 1549 2361 ergo,
1575 2312 1627 2351 ad
1647 2313 1952 2366 designandam
1971 2322 2291 2367 multitudinem

1261 2379 1407 2431 populi
1426 2380 1655 2422 assistentis
1673 2414 1683 2432 ,
1715 2385 1783 2425 cui
1819 2391 2168 2435 communicanda
2200 2399 2291 2437 erat

1262 2448 1449 2490 doctrina
1466 2451 1675 2502 veritatis,
1697 2453 1850 2497 dicitur
1871 2472 1879 2498 :
1901 2459 1959 2502 Ec
1976 2461 2138 2512 factum
2158 2470 2217 2508 est
2243 2468 2292 2510 in

1262 2529 1351 2561 una
1381 2519 1570 2572 dierum,
1600 2525 1638 2564 et
1669 2524 1760 2576 ipse
1792 2527 1961 2573 sedebat
1995 2531 2174 2587 docens,
2209 2540 2287 2580 etc.

1263 2589 1439 2632 Sedebat
1458 2624 1472 2643 ,
1511 2592 1689 2646 inquam
1710 2627 1723 2646 ,
1761 2599 1964 2652 tanquam
2008 2603 2207 2657 Magister
2251 2612 2292 2650 et

1262 2660 1412 2701 Doctor
1432 2663 1673 2716 praecipuus
1696 2671 1867 2721 propter
1886 2672 2203 2720 multitudinem
2223 2692 2290 2721 sa-

1262 2732 1451 2785 pientiae,
1475 2735 1583 2776 sicut
1608 2736 1686 2778 Job
1706 2741 1720 2763 ⁸
1740 2752 1749 2779 z
1779 2740 1862 2781 «Si
1885 2743 2113 2788 voluissem
2143 2749 2205 2791 ire
2237 2752 2290 2792 ad

1264 2816 1334 2845 eos
1356 2837 1366 2856 ,
1412 2806 1608 2848 sedebam
1650 2809 1830 2861 primus.
1874 2813 2063 2869 Cumque
2103 2820 2291 2864 sederem

1264 2877 1384 2929 quasi
1403 2890 1502 2929 rex,
1527 2880 1825 2925 circumstante
1844 2888 2058 2940 exercitu,
2088 2903 2204 2934 eram
2224 2898 2292 2936 ta—

1264 2958 1363 2988 men
1383 2951 1655 2992 moerentium
1675 2954 1910 2997 consolator
1924 2989 1936 3008 ,
1957 2972 1976 2996 ›)
2002 2962 2079 3002 etc.
2102 2962 2190 3005 Hoc
2208 2966 2292 3006 uti—

1265 3029 1347 3070 que
1366 3020 1492 3061 modo
1512 3021 1682 3064 sedebat
1701 3023 1888 3067 Christus
1908 3028 1953 3069 in
1975 3032 2114 3074 medio
2134 3036 2290 3078 multo-

1264 3099 1376 3129 rum.
1410 3089 1527 3132 Unde
1558 3095 1599 3133 et
1630 3094 1824 3137 subditur
1854 3098 1924 3150 (v.
1947 3102 2021 3155 17)
2052 3117 2061 3144 ε
2091 3105 2145 3148 Et
2169 3112 2292 3151 erant

1264 3158 1477 3203 Pharisaei
1506 3163 1697 3208 sedentes
1733 3171 1773 3210 et
1806 3168 1911 3222 leqz's
1943 3172 2142 3218 doctores.
2185 3177 2292 3219 Nam

1266 3229 1470 3274 Pharisaei
1499 3234 1610 3277 inter
1641 3237 1744 3279 alios
1775 3243 1874 3281 sunt
1907 3244 2221 3289 excellentiores
2248 3249 2293 3289 in

1267 3343 1278 3361 ὓ
1300 3344 1404 3380 Rom„
1429 3352 1499 3386 ΧΠ,
1530 3351 1559 3380 1.
1583 3367 1624 3373 —
1654 3349 1666 3371 ⁷
1693 3351 1793 3393 Aug„
1820 3353 1860 3384 de
1884 3364 1970 3388 conc.
1998 3357 2140 3399 Evanq„
2160 3359 2219 3391 lib.
2250 3361 2292 3401 Η,

1267 3399 1297 3421 c.
1319 3398 1392 3431 xm,
1411 3401 1447 3424 n.
1467 3394 1519 3426 51.
1539 3412 1579 3419 —
1598 3397 1610 3415 Β
1627 3396 1700 3437 Job,
1723 3406 1822 3441 xxm,
1845 3402 1896 3435 25.

1310 3456 1355 3497 (α)
1375 3458 1452 3490 Coet.
1472 3459 1550 3494 edit.
1569 3462 1743 3502 perfectae.

2333 1514 2449 1541 sanatio

2321 1556 2441 1590 paraly-

2321 1597 2381 1624 tici.
