2634 3853
97 1426 231 1451 Commu-

120 1466 206 1494 labile

105 1508 215 1535 honum

109 1549 214 1584 triplex

108 1593 162 1624 est,
177 1591 213 1617 ad

89 1632 166 1666 quod
195 1633 231 1660 ab

109 1673 215 1700 strabi-

84 1716 231 1742 0111101111-

103 1756 230 1791 lieimur,

90 1796 159 1823 dum
167 1805 230 1832 pec-

89 1845 201 1865 camus.

258 252 335 292 304

255 338 432 390 tatione,
457 338 565 378 sicut
584 337 652 378 hic
671 337 850 386 dicitur3
880 340 921 376 et
952 336 1084 375 sitivit
1111 335 1156 374 in
1184 346 1278 385 pas--

257 410 394 459 sione,
422 410 528 450 sicut
564 408 661 448 dicit
691 408 701 429 ¹
734 406 938 455 ι1000005,
961 408 1008 445 ut
1045 405 1283 445 ostenderet

256 493 300 522 50
325 481 480 522 habere
510 491 657 521 veram
677 477 1006 525 humanitatem,
1032 478 1073 516 et
1100 478 1148 516 ut
1177 476 1283 517 invi-

255 554 362 592 taret
382 552 432 592 ad
454 552 742 604 paupertatem
765 551 805 588 et
830 547 1088 600 poenitentiae
1111 546 1283 600 poenali-

256 626 399 664 tatem.
425 621 539 662 Unde
568 619 793 672 Apostolus
812 620 825 640 ‘³
849 632 857 657 z
888 633 907 656 α
927 618 974 659 In
992 619 1102 659 fame
1131 621 1171 659 et
1191 618 1280 669 siti,

256 695 299 736 in
315 694 489 747 jejuniis
515 692 682 742 multis,
704 691 749 730 in
777 691 938 743 frigore
967 693 1009 732 et
1030 691 1232 732 nuditate.
1258 706 1276 728 »

256 765 441 806 Esurivit
460 767 602 804 autem
618 765 659 803 et
674 762 805 803 sitivit
824 774 910 803 non
930 762 1030 813 51111,
1054 763 1126 803 sed
1144 763 1280 814 nobis,

255 837 409 889 quibus
440 834 678 888 promeruit
714 834 983 875 refectionem
1020 833 1283 886 spiritualem

254 906 440 960 corporis
463 910 503 948 et
521 906 745 958 sanguinis
771 905 836 946 sui
850 937 861 956 ,
883 904 1039 957 quibus
1066 904 1282 945 reficimur

253 981 293 1019 et
314 978 537 1031 potamur³
555 992 564 1018 ι
593 993 612 1015 «
633 977 736 1018 Caro
755 988 850 1017 mea
881 987 980 1017 vere
1000 978 1060 1015 est
1079 975 1221 1025 cibus,
1243 977 1283 1015 et

254 1050 430 1102 sanguis
449 1061 571 1090 meus
591 1061 690 1090 vere
710 1051 770 1088 est
790 1050 929 1100 potus.
951 1061 970 1084 »

307 1123 345 1160 3.
381 1120 511 1162 Dioez't
533 1124 674 1162 autem
715 1117 784 1160 illi
810 1117 1027 1167 diabolus,
1051 1120 1128 1158 etc.
1159 1117 1282 1159 Post-

254 1203 383 1243 quam
406 1191 624 1244 descripsit
643 1190 905 1231 occasionem
926 1189 1193 1240 tentationiS,
1215 1188 1284 1228 hic

253 1261 448 1302 describit
462 1261 640 1302 modum
656 1261 864 1311 tentandi;
879 1263 920 1302 et
934 1260 1028 1311 hoc,
1048 1261 1282 1301 secundum

251 1333 405 1386 triplex
431 1333 657 1375 motivum.
686 1332 894 1374 Motivum
921 1331 1036 1372 enim
1063 1333 1283 1384 peccatum

251 1407 312 1445 est
330 1404 382 1445 ad
402 1404 702 1445 commutabile
722 1404 910 1455 bonum3
936 1403 1048 1456 quod
1068 1406 1130 1444 est
1149 1403 1194 1443 in
1212 1403 1283 1443 tri-

250 1476 347 1529 plici
371 1475 633 1516 differentia:
656 1479 730 1517 aut
752 1476 868 1517 enim
897 1478 959 1516 est
978 1475 1179 1526 inferius,
1201 1475 1282 1515 hoc

252 1550 313 1588 est
341 1548 499 1599 carnis3
530 1550 603 1588 aut
630 1547 839 1596 exterius,
863 1550 903 1587 et
921 1547 1003 1587 hoc
1022 1549 1085 1587 est
1109 1546 1258 1587 mundi
1267 1561 1279 1594 3

251 1623 326 1661 aut
354 1621 556 1671 interius,
581 1622 622 1661 01
648 1621 742 1661 haec
774 1621 837 1660 est
860 1617 1107 1659 excellentia
1133 1618 1278 1658 animi.

253 1690 314 1732 Ex
347 1691 486 1744 primo
515 1692 697 1732 efficitur
727 1691 855 1731 homo
884 1689 1189 1741 voluptuosus;
1230 1701 1283 1729 ex

251 1763 457 1813 secundo,
481 1762 680 1803 curiosus
688 1774 701 1814 ;
731 1774 785 1802 ex
804 1761 947 1811 tertio,
974 1763 1284 1812 praesumptuo-

250 1845 338 1873 sus.
364 1832 506 1875 Primo
532 1845 638 1886 ergo
664 1833 789 1874 modo
814 1832 939 1873 infert
967 1833 1150 1872 tentator
1176 1842 1280 1882 sug-

248 1905 484 1956 gestionem
522 1918 598 1958 per
630 1906 793 1946 bonum
835 1903 1032 1953 inferius,
1068 1902 1182 1955 quod
1219 1904 1283 1943 est

248 1977 405 2027 carnis,
434 1980 482 2017 ut
507 1977 662 2018 alliciat
687 1976 739 2017 ad
769 1975 942 2027 gulam3
971 1975 1175 2025 secundo,
1207 1987 1283 2028 per

248 2047 409 2088 bonum
427 2048 629 2099 exterius,
650 2047 763 2100 quod
782 2048 844 2087 est
866 2046 1038 2096 mundi,
1060 2048 1108 2087 ut
1128 2045 1283 2087 alliciat

249 2119 301 2159 ad
321 2119 558 2170 avaritiam,
581 2122 622 2160 et
640 2120 721 2160 hoc
739 2119 798 2158 ibi
820 2121 876 2170 (v.
895 2118 930 2170 5)
945 2130 954 2157 ε
968 2118 1024 2160 Et
1040 2117 1173 2159 duxit
1187 2128 1282 2159 eum

250 2189 444 2232 diabolus
467 2191 516 2231 in
537 2194 743 2239 montem,
765 2191 869 2238 etc.;
900 2188 1024 2228 tertio
1049 2200 1173 2239 vero,
1205 2201 1280 2241 per

249 2261 411 2301 bonum
429 2261 622 2311 interius,
645 2260 753 2313 quod
779 2261 842 2299 est
861 2259 1107 2299 excellentia
1124 2260 1277 2311 animi,

249 2334 296 2372 ut
320 2332 474 2373 alliciat
500 2332 552 2373 ad
581 2344 782 2384 pompam
813 2331 903 2371 sive
928 2331 1192 2383 superbiam,
1222 2332 1280 2373 ibi

252 2405 321 2454 (v.
343 2405 418 2453 9):
449 2403 503 2445 Et
529 2402 662 2444 duoeit
696 2401 816 2444 illum
842 2402 891 2443 in
915 2401 1166 2452 Jerusalem,
1199 2405 1276 2442 etc.

248 2474 299 2514 Et
326 2474 420 2514 haec
449 2474 529 2514 tria
551 2473 806 2526 respondent
830 2472 982 2523 tribus,
1005 2472 1161 2525 quibus
1183 2475 1278 2513 ten-

249 2545 353 2586 tavit
378 2547 419 2585 et
441 2544 544 2586 vicit
561 2544 782 2585 hominem
807 2543 1021 2596 primum;
1051 2546 1093 2584 et
1120 2543 1280 2585 habent

248 2616 339 2657 istae
358 2616 610 2657 tentationes
622 2615 865 2658 ordinatum
885 2627 1129 2668 processum
1146 2616 1198 2656 ab
1218 2616 1280 2657 in-

248 2688 388 2730 feriori
407 2689 459 2728 ad
478 2688 698 2741 superius:
722 2687 826 2740 quia
845 2699 920 2739 per
942 2687 1127 2739 primam
1146 2687 1278 2741 impe-

247 2759 374 2809 ditur,
397 2762 608 2811 quantum
633 2759 685 2799 ad
707 2760 872 2808 actum,
905 2758 1179 2810 vegetabilis3
1204 2771 1278 2811 per

247 2831 498 2880 secundam,
529 2832 737 2883 quantum
765 2829 819 2870 ad
849 2831 1011 2879 actum,
1044 2830 1272 2881 sensibilis;

247 2914 321 2954 per
340 2902 507 2943 tertiam
532 2913 658 2952 vero,
680 2902 891 2954 quantum
911 2900 964 2941 ad
987 2903 1126 2941 actum
1148 2902 1276 2943 ratio-

246 2972 367 3014 nalis.
407 2973 622 3022 Quantum
651 2983 756 3024 ergo
787 2971 840 3012 ad
868 2971 1052 3023 primam
1083 2974 1278 3014 tentatio-

246 3056 361 3095 nem,
379 3047 481 3084 nota
498 3043 714 3084 diabolum
729 3044 1051 3094 suggerentem,
1073 3045 1114 3083 et
1127 3044 1275 3085 deinde

247 3115 474 3156 Dominum
493 3114 833 3167 respondentem.
858 3114 1172 3166 Suggerentem
1191 3116 1277 3156 dia-

245 3186 393 3228 bolum
414 3186 658 3235 introducit,
678 3197 776 3226 cum
794 3185 877 3225 ait:
902 3185 1030 3228 Dioeic
1046 3190 1188 3229 autem
1207 3187 1277 3229 illi

245 3257 458 3301 diabolus:
483 3257 536 3298 Si
556 3256 675 3308 filius
699 3257 778 3298 Dei
804 3267 868 3306 es,
894 3255 965 3298 dic
985 3256 1125 3310 lapidi
1151 3258 1274 3310 huic,

245 3334 294 3373 ut
314 3330 447 3383 panis
466 3328 562 3380 siat.
586 3326 706 3376 Quod
725 3327 840 3377 dicit,
868 3330 916 3367 ut
940 3328 1030 3380 ipse
1061 3328 1111 3368 de
1137 3340 1186 3369 eo
1203 3341 1274 3370 su-

245 3406 333 3442 mat
363 3400 689 3454 experientiam,
720 3400 760 3439 et
786 3400 836 3439 ut
862 3398 1006 3440 incitet
1029 3399 1083 3440 ad
1110 3400 1274 3452 gulam.

286 3509 298 3530 1
318 3509 428 3548 Joarz„
448 3515 520 3549 xlx,
541 3509 592 3540 28.
607 3523 647 3531 —
667 3507 682 3528 ²
702 3507 727 3538 ll
753 3506 842 3546 Cor„
863 3513 913 3546 XI,
936 3507 988 3537 27.
1006 3523 1047 3529 —
1067 3507 1080 3528 ³
1096 3507 1202 3548 Joan„
1228 3515 1275 3548 Vl,

246 3557 296 3588 56.
327 3573 367 3581 -—
395 3556 408 3577 ¹·
435 3556 544 3596 Prov„
576 3561 686 3594 xxm,
713 3555 745 3586 7.
773 3571 814 3578 --
848 3553 858 3571 ⁵
891 3552 1014 3595 Eccle.,
1046 3561 1127 3594 vm,
1166 3557 1197 3588 4.
1233 3571 1275 3580 —

984 244 1267 289 EVANGELII
1298 230 1486 287 SANCTI
1515 246 1663 288 LUCAE

1355 334 1461 383 Quia
1483 336 1597 376 enim
1621 336 1750 376 homo
1771 347 1816 376 05
1835 337 2026 379 esuriens
2039 369 2050 388 ,
2071 338 2137 379 dic
2157 341 2204 380 ut
2221 339 2386 380 reficia-

1354 404 1426 444 ris.
1460 404 1551 445 Non
1586 407 1687 458 quia
1715 406 1766 446 de
1795 406 2019 448 refectione
2045 409 2194 450 Christi
2225 410 2385 463 aliquid

1354 476 1559 527 pertineat
1579 477 1631 517 ad
1649 489 1748 518 eum
1767 477 1804 518 ⁸:
1829 493 1848 516 α
1868 478 2045 519 Comede
2075 482 2115 520 et
2139 481 2256 532 bibe,
2279 482 2386 523 dicet

1322 600 1324 602 .
1355 546 1450 598 tibi,
1480 550 1520 588 et
1546 561 1665 589 mens
1695 551 1787 602 ejus
1815 561 1901 590 non
1932 552 1994 590 051
2020 553 2178 592 10011111.
2206 567 2225 589 n
2250 552 2329 593 Sed
2351 554 2386 594 si

1356 617 1468 658 filius
1487 618 1557 659 Dei
1579 632 1637 670 es,
1665 621 1740 662 1100
1760 621 1900 674 ipsum
1921 621 2048 671 dicas,
2070 634 2223 674 nempe
2241 623 2383 675 lapidi,

1355 691 1403 729 ut
1423 689 1543 741 panis
1565 691 1652 742 fiat,
1675 694 1724 732 ut
1744 692 1779 732 si
1805 692 1894 742 fiat,
1917 692 2185 744 omnipotens
2205 704 2384 745 cognos-

1357 760 1463 800 caris
1495 764 1508 785 ⁶
1534 775 1542 800 :
1572 777 1591 800 «
1627 762 1759 804 Omne
1792 761 1905 816 quod
1938 763 2142 814 voluerit,
2174 763 2315 811 faciet,
2348 766 2389 803 et

1356 842 1495 873 sermo
1529 832 1645 874 illius
1675 836 1880 887 potestate
1917 834 2068 887 plenus
2106 835 2181 874 est.
2215 848 2234 871 ›)
2270 833 2388 875 Unde

1356 906 1455 944 nota
1486 904 1630 945 dolum
1656 905 1810 946 diaboli
1839 906 1882 946 in
1909 904 2130 956 tentando,
2163 905 2264 958 quia
2289 916 2388 945 cum

1355 973 1517 1016 videret
1535 975 1686 1016 Christi
1707 976 2019 1027 infirmitatem,
2041 979 2082 1017 et
2105 976 2317 1017 dubitaret
2337 976 2388 1017 de

1356 1045 1590 1098 divinitate,
1621 1047 1757 1088 voluit
1788 1048 2052 1090 divinitatem
2091 1048 2386 1100 cognoscendo

1356 1129 1520 1169 cavere,
1542 1120 1581 1158 et
1599 1118 1910 1160 humanitatem
1933 1120 2167 1162 seducendo
2191 1120 2385 1173 dejicere.

1357 1187 1406 1229 In
1424 1201 1508 1241 quo
1529 1189 1658 1230 simul
1686 1192 1775 1230 erat
1795 1190 2078 1232 fraudulentia
2100 1194 2141 1232 et
2167 1192 2386 1245 superbia,

1356 1261 1591 1302 secundum
1621 1260 1755 1302 illud6
1782 1276 1790 1302 ε
1829 1278 1848 1301 (1
1878 1262 2010 1304 Omne
2041 1263 2221 1303 sublime
2248 1263 2386 1314 videt,

1356 1332 1446 1386 ipse
1471 1344 1546 1373 rex
1572 1344 1699 1385 super
1728 1333 1953 1375 universos
1979 1334 2090 1376 filios
2117 1334 2341 1388 superbiae.
2364 1347 2383 1372 »

1410 1404 1517 1445 Huic
1548 1407 1691 1445 autem
1724 1405 1943 1446 tentationi
1981 1406 2201 1447 malitiosae
2241 1408 2282 1446 et
2314 1418 2386 1447 su-

1357 1476 1498 1528 perbae
1521 1476 1665 1516 obviat
1693 1478 1911 1528 responsio
1939 1476 2011 1517 Dei
2036 1476 2210 1517 humilis
2235 1479 2276 1517 et
2303 1476 2386 1517 dis-

1357 1552 1482 1598 creta,
1507 1548 1607 1600 quia
1624 1548 1728 1588 celat
1745 1548 2009 1590 divinitatem
2032 1551 2073 1589 et
2091 1548 2197 1590 vitat
2215 1547 2389 1588 carnali-

1357 1621 1509 1670 tatem,
1530 1619 1644 1659 unde
1669 1619 1867 1659 subditur
1899 1619 1964 1671 (v.
1981 1620 2054 1671 4):
2088 1619 2143 1660 Et
2170 1618 2390 1671 respondit

1357 1690 1416 1732 ad
1439 1690 1562 1732 illum
1589 1691 1706 1731 Jesus
1721 1702 1734 1730 .·
1756 1691 1978 1742 Scriptum
1999 1694 2081 1732 est:
2110 1691 2219 1737 Quia
2237 1700 2322 1732 non
2342 1691 2390 1732 in

1356 1762 1405 1801 in
1425 1771 1537 1812 pane
1569 1760 1655 1802 30ῑο
1681 1761 1793 1802 vivit
1820 1760 1955 1803 homo.
1975 1761 1987 1781 ⁷
2009 1776 2027 1799 (‹
2048 1759 2142 1801 Non
2159 1760 2391 1801 nativitatis

1356 1831 1518 1872 fructus
1549 1834 1729 1884 pascunt
1768 1832 1986 1882 homines3
2022 1831 2094 1872 sed
2121 1843 2260 1872 sermo
2291 1833 2392 1872 tuus

1356 1902 1456 1953 hos,
1480 1903 1553 1955 qui
1575 1903 1621 1943 in
1642 1905 1681 1943 te
1701 1903 1974 1952 crediderint,
2005 1905 2240 1944 conservat.
2263 1917 2281 1940 ›>
2310 1901 2392 1944 Sed

1356 1975 1406 2015 in
1431 1976 1547 2017 omni
1573 1974 1718 2025 verbo,
1753 1974 1868 2026 quod
1894 1974 2088 2026 procedit
2109 1973 2161 2016 de
2191 1984 2258 2016 ore
2286 1974 2390 2015 Dei:

1356 2045 1437 2086 hoc
1448 2045 1657 2098 scriptum
1667 2046 1784 2086 estin
1798 2045 2127 2088 Deuteronomio
2142 2049 2156 2070 ⁸
2168 2057 2181 2086 .·
2192 2060 2211 2084 α
2224 2044 2390 2085 Afssixit

1356 2119 1396 2156 te
1412 2116 1604 2168 penuria,
1622 2118 1663 2156 et
1679 2116 1791 2157 dedit
1810 2116 1884 2158 tibi
1904 2116 2063 2167 cibum,
2081 2129 2254 2167 manna,
2276 2116 2390 2170 quod

1355 2186 1584 2238 ignorabas
1604 2188 1647 2227 tu
1669 2189 1709 2227 et
1730 2190 1868 2239 patres
1883 2187 1960 2237 tui,
1977 2190 2025 2227 ut
2039 2187 2275 2228 ostenderet
2295 2186 2386 2237 tibi,

1356 2258 1471 2310 quod
1498 2270 1584 2298 non
1606 2258 1650 2298 in
1678 2257 1766 2298 solo
1793 2270 1901 2311 pane
1929 2258 2035 2299 vivit
2062 2257 2210 2308 homo,
2244 2257 2317 2298 sed
2343 2257 2388 2298 in

1356 2329 1472 2369 omni
1499 2329 1645 2378 verbo,
1664 2329 1778 2381 quod
1807 2330 2053 2381 egredietur
2082 2329 2132 2370 de
2151 2341 2223 2370 ore
2243 2328 2387 2369 Domi-

1355 2401 1415 2440 ni.
1438 2414 1456 2437 »
1483 2399 1600 2440 Unde
1620 2400 1666 2440 in
1677 2401 1842 2442 <Ioanne
1865 2400 1916 2453 (a)
1938 2400 1978 2442 ⁹:
2003 2398 2168 2442 «Verba
2187 2411 2285 2452 quae
2305 2411 2388 2452 ego

1354 2471 1522 2512 locutus
1542 2483 1640 2511 sum
1663 2471 1798 2522 vobis,
1814 2471 1988 2524 spiritus
2007 2474 2048 2512 et
2067 2471 2155 2513 vita
2174 2473 2323 2512 sunt.»
2337 2470 2368 2511 E

1354 2625 1474 2654 ram:
1506 2613 1549 2653 in
1576 2626 1661 2667 quo
1690 2614 1795 2655 celat
1821 2626 1943 2655 suam
1967 2613 2237 2667 sapientiam,
2259 2615 2300 2655 et
2317 2625 2387 2654 oc-

1354 2685 1483 2726 cultat
1505 2685 1757 2738 potentiam,
1780 2688 1822 2726 et
1841 2688 2065 2728 conservat
2087 2685 2322 2738 iustitiam:
2348 2687 2390 2726 et

1354 2757 1414 2797 510
1432 2756 1587 2797 diaboli
1606 2757 1830 2808 suggestio
1854 2757 2028 2798 omnino
2047 2757 2167 2798 irrita
2184 2758 2267 2807 est,
2288 2756 2389 2809 quia

1352 2840 1431 2868 nec
1449 2827 1500 2869 de
1521 2827 1605 2868 Deo
1624 2827 1804 2880 sumpsit
1823 2827 2145 2880 experientiam,
2163 2839 2240 2867 nec
2252 2826 2388 2866 homi-

1352 2911 1452 2940 nem
1477 2898 1683 2951 pertraxit
1708 2898 1761 2939 ad
1783 2898 1947 2951 gulam.
1975 2897 2093 2938 Unde
2122 2897 2386 2939 verificatum

1353 2972 1415 3011 est
1442 2970 1546 3011 illud
1570 2970 1647 3012 Job
1669 2970 1698 2991 ¹⁰
1715 2981 1729 3010 :
1756 2985 1775 3008 (ι
1797 2969 2026 3010 Prudentia
2058 2969 2150 3021 eJ'us
2181 2967 2386 3021 percussit

1353 3042 1603 3095 superbum,
1628 3055 1647 3079 11
1675 3040 1867 3082 videlicet
1888 3040 2120 3081 diabolum.
2149 3038 2201 3080 Et
2227 3051 2280 3080 ex
2305 3038 2386 3079 hoc

1353 3115 1526 3166 apparet
1543 3112 1743 3153 nobilitas
1763 3111 2009 3164 Scripturae,
2025 3121 2113 3163 qua
2131 3109 2324 3151 Christus
2341 3110 2386 3150 in

1351 3183 1597 3234 tentatione,
1621 3183 1741 3224 velut
1759 3183 1906 3235 clypeo
1919 3213 1930 3231 ,
1951 3193 1995 3222 se
2013 3181 2210 3232 defendit,
2234 3193 2383 3222 secun-

1353 3255 1456 3296 dum
1473 3254 1580 3296 illud
1596 3255 1622 3277 1²
1639 3267 1650 3295 :
1669 3252 1853 3294 «Omnis
1874 3264 2013 3294 sermo
2034 3251 2200 3292 Domini
2221 3252 2386 3304 ignitus

1352 3325 1526 3379 clypeus
1542 3328 1603 3367 est
1615 3324 1880 3378 sperantibus
1892 3323 1937 3364 in
1946 3334 2004 3365 se.
2019 3322 2163 3365 »Unde
2177 3323 2236 3366 ad
2251 3323 2385 3377 Ephe-

1352 3461 1364 3478 ὓ
1382 3458 1470 3498 ,1οό.,
1489 3464 1559 3498 xm,
1581 3458 1632 3488 15.
1651 3472 1691 3480 —
1709 3457 1723 3478 ⁷
1743 3457 1838 3498 Sap„
1863 3463 1934 3496 xw,
1958 3458 2008 3488 12.
2025 3473 2065 3479 —
2084 3456 2098 3478 ⁸
2117 3456 2232 3490 Deut..
2249 3463 2327 3497 vni,
2352 3458 2383 3487 3.

1352 3524 1392 3531 —
1416 3507 1428 3525 ⁹
1447 3506 1635 3545 ΙΙοαη.,’νι,
1663 3506 1714 3536 64.
1738 3523 1780 3528 -
1805 3505 1832 3527 10
1853 3502 1933 3544 Job,
1959 3512 2056 3544 xxV1,
2083 3506 2134 3536 12.
2154 3520 2196 3528 -
2222 3503 2246 3525 1¹
2267 3504 2382 3545 Prov.,

1351 3562 1435 3594 xxx,
1453 3556 1527 3587 5.—
1547 3553 1590 3594 (a)
1613 3552 1694 3585 Caet.
1713 3552 1793 3587 edit.
1815 3553 1912 3585 Unde
1927 3553 2092 3585 Joannes.

2449 2419 2547 2454 Scrip—

2371 2473 2388 2510 t
2406 2464 2472 2489 tura
2485 2462 2547 2488 dia-

2433 2503 2518 2529 bolus

1355 2545 1469 2593 nota,
1492 2542 1605 2595 quod
1624 2542 1814 2583 Christus
1834 2554 1878 2583 se
1898 2542 2085 2584 defendit
2105 2554 2181 2595 per
2197 2541 2385 2595 Scriptu-
2407 2545 2535 2581 panitur·
