2634 3853
980 187 1252 229 EXPOSITIO
1282 188 1333 229 ΙΝ
1364 188 1476 229 CAP.
1508 188 1576 230 vl.

221 283 305 334 hic,
317 284 356 324 et
368 281 477 334 apud
490 279 738 323 Matthceum
750 281 761 301 ¹
778 293 787 320 ε
807 294 826 317 <‹
839 278 942 319 Ecce
952 277 1066 318 enim
1082 288 1242 317 merces

221 355 358 394 vestra
385 351 552 403 copiosa
582 353 644 391 est
678 350 721 390 in
753 349 879 391 coelis.
911 363 930 387 1)
965 348 1021 388 De
1052 347 1244 387 mercede

220 434 320 464 vero
340 424 565 475 perpetua,
593 434 686 474 quae
710 420 909 473 congruit
938 417 1244 472 perseveranti-

219 493 299 533 bus
318 497 361 533 2:
391 509 410 532 (ι
430 493 521 534 Non
544 493 727 533 verearis
750 492 800 545 (a)
828 502 962 543 usque
988 490 1039 529 ad
1065 490 1245 529 mortem

214 563 459 616 justificari,
496 565 699 617 quoniam
727 574 887 603 merces
923 561 994 601 Dei
1027 562 1170 600 manet
1203 559 1247 599 in

219 635 442 675 aeternum.
464 649 482 672 ›)
509 635 576 675 Sic
595 647 701 687 ergo
727 633 962 675 secundum
985 632 1248 672 diversitates

219 704 468 747 meritorum
500 707 823 760 appropriantur
855 704 1102 745 differentiae
1134 714 1247 755 prae-

221 776 428 828 miorum,
458 780 499 818 et
523 778 579 818 sic
602 781 615 802 ³
642 777 824 817 «reddet
852 775 962 816 Deus
989 774 1113 826 Justis
1135 785 1247 813 mer-

221 847 364 888 cedem
385 848 582 889 laborum
602 859 794 888 suorum.
816 860 834 884 1)

274 921 341 959 24.
369 919 669 962 Verumtamen
690 930 753 961 vce
770 918 888 961 vobis
908 916 1134 959 diambus.
1156 915 1254 956 Post

222 990 523 1042 promissiones
544 990 879 1039 beatitudinum,
901 988 1126 1041 subjungit
1145 998 1255 1027 com—

222 1061 475 1102 minationes
492 1061 824 1114 suppliciorum:
848 1062 888 1100 et
906 1060 1006 1112 quia
1023 1063 1167 1099 contra
1185 1058 1255 1098 bo-

223 1144 329 1172 num
346 1135 408 1172 est
427 1132 603 1182 malum⁷
623 1135 805 1185 quatuor
825 1131 943 1184 ponit
965 1129 1255 1170 comminatio-

225 1215 314 1253 nes,
335 1205 517 1256 quatuor
536 1202 869 1243 beatitudinibus
891 1214 944 1242 ex
964 1201 1151 1254 opposito
1174 1213 1257 1241 res-

226 1273 472 1324 pondentes,
487 1273 959 1327 scilicet-desolationem
974 1273 1016 1312 in
1032 1272 1256 1312 amissione

225 1343 327 1382 boni
346 1343 612 1396 temporalis,
642 1344 825 1383 esuriem
848 1344 892 1383 in
911 1344 1135 1384 amissione
1158 1344 1258 1384 boni

227 1412 483 1465 spiritualis,
505 1414 653 1454 fletum
673 1414 719 1453 in
740 1414 963 1454 afflictione
984 1414 1084 1454 mali
1110 1425 1256 1466 corpo-

227 1484 339 1535 ralis,
357 1485 646 1526 confusionem
661 1485 705 1525 in
717 1485 910 1538 passione
923 1485 1138 1538 opprobrii
1152 1497 1259 1525 sem-

227 1556 460 1608 piternalis
489 1556 540 1597 Et
569 1557 661 1597 haec
694 1559 796 1596 sunt
825 1559 1009 1609 quatuor
1039 1568 1130 1605 vae,
1162 1568 1258 1609 quae

230 1628 512 1669 comminatur
537 1630 720 1681 quatuor
753 1629 981 1679 generibus
1007 1629 1255 1677 bominum,

230 1698 432 1750 oppositis
456 1698 560 1738 viris
586 1698 842 1750 evangelicis
862 1699 1257 1751 praedeterminatis,

229 1768 402 1819 scilicet,
438 1769 620 1821 cupidis,
652 1769 837 1820 gulosis,
871 1769 1057 1819 lascivis,
1086 1772 1126 1809 et
1151 1781 1260 1809 vane

231 1839 439 1892 gloriosis.
461 1840 629 1893 Cupidis
648 1853 753 1893 ergo
768 1841 1050 1881 comminatur
1068 1853 1135 1881 vae
1156 1853 1261 1881 sem-

230 1912 405 1965 piternae
431 1913 719 1962 desolationis,
750 1925 847 1953 cum
879 1913 1002 1953 dicit:
1038 1912 1260 1954 Verumta-

230 1994 326 2025 men
354 1994 418 2026 voe
447 1983 564 2026 vobis
596 1983 821 2026 divitibus.
861 1984 1133 2025 Adversative
1161 1983 1260 2024 dicit

231 2054 461 2105 divitibus,
494 2055 536 2095 id
567 2058 628 2095 est
655 2055 821 2096 divitias
859 2055 1120 2105 amantibus,
1158 2055 1260 2107 quia

229 2125 332 2166 tales
373 2126 538 2166 inhiant
571 2126 623 2166 ad
658 2125 826 2166 divitias
867 2126 1189 2178 congregandas
1210 2125 1253 2166 l'2

232 2210 251 2234 «
274 2196 346 2238 Vae
364 2197 425 2248 ei,
457 2196 531 2249 qui
555 2196 810 2249 multiplicat
833 2208 919 2237 non
944 2209 1044 2247 sua,
1067 2212 1085 2234 ›)
1111 2197 1153 2237 id
1176 2200 1257 2248 est,

228 2267 339 2308 bona
365 2269 554 2318 terrena,
585 2279 682 2320 quae
713 2280 800 2308 non
829 2270 928 2308 sunt
962 2270 1126 2317 nostra,
1159 2269 1259 2321 quia

228 2349 306 2378 nec
332 2338 553 2378 nobiscum
575 2339 771 2387 veniunt,
801 2351 878 2378 nec
902 2338 1123 2378 nobiscum
1142 2351 1259 2379 rece-

231 2409 357 2449 dunt:
385 2409 542 2449 terreni
569 2412 712 2449 tamen
731 2409 926 2448 homines
951 2411 1148 2461 reputant
1168 2421 1258 2450 esse

231 2491 323 2520 sua.
339 2479 352 2500 ⁵
371 2494 390 2518 (‹
403 2478 499 2529 Vae,
520 2491 601 2530 vae,
625 2491 691 2520 vae
711 2479 1000 2519 habitantibus
1025 2479 1070 2518 in
1089 2484 1251 2519 terra.»

231 2548 350 2591 Tales
373 2553 472 2590 sunt
491 2550 655 2602 cupidi,
686 2552 832 2590 contra
862 2561 968 2602 quos
999 2549 1096 2590 dicit
1114 2549 1258 2590 Domi-

231 2632 314 2662 nus
333 2621 347 2643 ⁶
365 2634 375 2662 :
399 2637 418 2660 ε(
441 2620 577 2662 Nolite
596 2621 881 2662 thesaurizare
902 2621 1018 2663 vobis
1039 2622 1256 2663 thesauros

230 2691 276 2732 in
299 2693 430 2742 terra,
465 2692 538 2733 ubi
566 2704 718 2744 aerugo
750 2694 791 2733 et
820 2692 935 2733 tinea
966 2692 1205 2734 demolitur.
1232 2707 1250 2731 ))

230 2761 438 2812 Quoniam
457 2763 510 2803 ad
535 2763 783 2805 divitiarum
803 2764 981 2804 istarum
1001 2763 1256 2817 multiplica-

228 2833 388 2874 tionem
408 2846 577 2875 necesse
595 2836 656 2875 est
675 2835 793 2887 sequi
810 2834 1014 2887 inopiam,
1033 2837 1074 2875 et
1093 2835 1144 2875 ad
1163 2847 1257 2876 con-

229 2904 478 2946 solationem
512 2904 631 2958 sequi
668 2905 984 2946 desolationem.
1026 2905 1121 2947 Ideo
1153 2907 1253 2947 sub-

230 2974 332 3016 dens
349 2975 580 3025 rationem,
601 2976 725 3017 dicit:
751 2978 860 3026 Quia
880 2977 1042 3019 habetis
1061 2978 1255 3020 consola-

233 3045 387 3087 tionem
417 3051 619 3099 vestram,
654 3047 809 3088 scilicet
842 3048 893 3088 de
924 3049 1142 3100 praesenti,
1183 3049 1255 3090 sed

232 3126 317 3155 non
333 3115 384 3156 de
400 3117 559 3159 futuro.
575 3118 692 3160 Unde
705 3119 740 3160 ⁷:
761 3134 779 3157 «
799 3119 926 3171 Agite
939 3132 1067 3170 nunc,
1085 3120 1251 3171 divites,

232 3184 413 3238 plorate,
443 3187 653 3230 ululantes
680 3189 726 3230 in
756 3190 936 3230 miseriis
956 3190 1129 3241 vestris,
1157 3203 1253 3244 quae

276 3291 286 3312 ¹
304 3292 437 3332 Matth„
457 3300 490 3333 V,
510 3296 559 3326 12.
581 3312 622 3318 -
639 3296 651 3314 ²
670 3296 792 3336 Eccli.,
818 3304 923 3338 xvffl,
943 3299 996 3329 22.
1013 3315 1053 3320 —-
1072 3297 1085 3319 3
1104 3297 1198 3337 Sap„
1219 3305 1252 3338 x,

234 3339 284 3369 17.
306 3355 344 3361 ——
363 3339 373 3357 ⁴
393 3339 530 3380 Habac„
544 3349 582 3381 11,
600 3343 630 3374 6.
647 3360 686 3366 -
701 3344 836 3384 5141100,
860 3345 1004 3384 V111,13.
1025 3362 1066 3368 -—
1084 3344 1097 3366 ⁶
1117 3344 1252 3384 Matth„

232 3392 285 3425 VJ,
311 3387 360 3417 19.
391 3403 426 3408 —-
454 3387 464 3405 ⁷
487 3387 568 3427 Jac.,
598 3396 628 3426 V,
656 3392 685 3422 1.
705 3407 746 3414 —
775 3391 785 3409 Β
808 3391 922 3429 Zach.,
947 3399 988 3431 x,
1014 3393 1045 3424 2.
1065 3409 1106 3414 -
1128 3391 1139 3409 ⁹
1161 3391 1251 3422 Psal.

232 3440 335 3472 LXXV,
358 3434 389 3464 6.
412 3451 452 3457 —-
479 3434 509 3454 ¹⁰
533 3435 619 3467 Psal.
646 3444 769 3478 Lxxvi,
793 3439 823 3469 3.
844 3456 885 3461 —
913 3438 937 3460 ¹¹
960 3438 1037 3477 Job‚
1063 3446 1118 3478 vt,
1144 3441 1192 3470 ¹10.
1213 3457 1253 3462 —

232 3480 258 3501 1²
272 3481 353 3518 Isa„
372 3488 470 3521 vai,
494 3483 542 3512 13.
572 3500 607 3504 -
637 3483 661 3503 ¹³
687 3485 815 3524 Judz’th,
842 3493 922 3525 viu,
951 3489 1002 3517 20.
1024 3503 1064 3509 ——
1089 3486 1115 3507 Ην
1142 3486 1251 3524 Pron„

2263 199 2335 236 371

1319 277 1544 318 advenient
1562 277 1696 319 vobis.
1715 291 1734 315 n
1763 277 1860 318 Ideo
1881 279 2109 320 consolatio
2133 282 2212 321 ista
2229 295 2343 324 vana

1320 351 1361 389 et
1394 348 1497 389 falsa
1528 350 1611 399 est,
1652 348 1753 401 quia
1789 348 2090 391 desolationem
2129 350 2288 392 inducit
2305 353 2343 393 ⁸:

1328 434 1346 457 (ι
1366 419 1652 460 Somniatores
1678 419 1807 460 locuti
1837 423 1935 461 sunt
1965 421 2140 471 frustra,
2175 425 2216 462 et
2239 435 2348 464 vane

1322 490 1661 532 consolabantur.
1683 506 1701 529 1)
1722 490 1828 532 Vere
1848 491 2016 541 frustra,
2040 492 2139 544 quia
2158 496 2193 533 ⁹:
2216 507 2235 532 (‹
2254 493 2352 534 Dor-

1324 561 1510 601 mierunt
1526 573 1724 602 somnum
1746 574 1872 603 suum
1885 594 1895 611 ‚
1914 565 1955 603 et
1971 563 2079 603 nihil
2099 563 2353 605 invenerunt

1324 643 1470 672 omnes
1489 632 1571 672 viri
1590 632 1834 673 divitiarum
1857 633 1901 673 in
1924 634 2118 675 manibus
2139 634 2238 675 suis.
2262 649 2280 672 1)
2302 634 2354 675 Et

1325 704 1530 754 praeterea
1550 703 1675 743 etiam
1691 716 1788 744 cum
1805 705 2011 757 propheta
2024 705 2155 746 David
2170 705 2197 727 ¹⁰
2216 719 2231 747 .·
2248 720 2267 745 «
2283 705 2358 746 Re-

1326 773 1422 813 nuit
1443 774 1650 814 consolari
1677 775 1822 815 anima
1840 788 1959 816 mea:
1988 789 2152 818 memor
2178 777 2241 818 fui
2263 777 2357 827 Dei,

1328 845 1368 884 et
1377 844 1604 884 delectatus
1616 857 1749 886 sum.»
1760 846 1784 867 1¹
1795 845 1922 887 «Haec
1932 846 2038 886 mihi
2049 847 2102 888 sit
2114 848 2358 899 consolatio,

1330 917 1376 954 ut
1396 915 1593 967 affligens
1612 928 1680 956 me
1697 916 1838 957 dolore
1850 948 1859 966 ‚
1883 929 1969 958 non
1988 921 2129 970 parcat
2146 933 2154 958 :
2179 934 2198 957 ›)
2218 922 2266 960 ut
2284 931 2360 972 per

1330 985 1628 1028 desolationem
1649 987 1731 1029 viae
1750 989 2025 1041 perveniatur
2045 990 2098 1030 ad
2115 990 2361 1032 consolatio-

1332 1069 1430 1097 nem
1458 1058 1625 1110 patriae‚
1657 1059 1707 1099 de
1735 1072 1819 1112 qua
1852 1061 1912 1101 12:
1940 1060 2198 1111 «Quomodo
2228 1062 2263 1102 si
2292 1062 2361 1103 cui

1332 1131 1467 1168 mater
1487 1129 1742 1181 blandiatur,
1770 1131 1828 1171 ita
1850 1143 1932 1184 ego
1955 1132 2203 1174 consolabor
2224 1144 2316 1175 vos,
2338 1147 2356 1170 n

1332 1198 1450 1239 Hanc
1483 1200 1687 1241 debemus
1728 1204 1947 1255 expectare
1961 1235 1974 1254 ,
2015 1216 2102 1244 non
2141 1216 2363 1256 praeoccu-

1333 1282 1433 1321 pare
1448 1271 1492 1312 13;
1512 1286 1531 1310 «
1544 1271 1824 1324 Expectemus
1834 1273 2018 1314 humiles
2038 1274 2366 1316 consolationem

1335 1342 1441 1392 ejus.
1465 1355 1484 1378 ))

1390 1410 1554 1452 Gulosis
1580 1414 1866 1455 comminatur
1886 1428 1953 1457 vae
1972 1420 2189 1470 perpetuae
2219 1418 2362 1469 famis,

1335 1494 1432 1522 cum
1453 1484 1595 1525 subdit
1618 1486 1683 1538 (v.
1708 1488 1807 1537 25);
1836 1487 1907 1529 Voe
1929 1489 2058 1540 vobis,
2081 1491 2157 1542 qui
2176 1492 2367 1534 saturati

1336 1555 1451 1605 estis,
1469 1557 1566 1605 etc„
1582 1557 1770 1598 vacando
1790 1558 1945 1599 scilicet
1965 1560 2151 1612 crapulae
2171 1564 2212 1602 et
2235 1562 2367 1603 ebrie-

1335 1625 1411 1665 tati
1432 1626 1481 1666 ¹'⁴:
1500 1642 1518 1664 α
1539 1626 1615 1668 Cui
1636 1629 1733 1668 vae‘?
1755 1630 1878 1681 cujus
1900 1630 2008 1682 patri
2027 1632 2123 1671 vae?
2146 1632 2214 1672 cui
2233 1633 2367 1674 rixae?

1336 1696 1403 1736 cui
1422 1698 1587 1739 foveae?
1610 1699 1678 1739 cui
1697 1700 1788 1739 sine
1809 1712 1934 1741 causa
1952 1701 2162 1743 vulnera?
2183 1703 2251 1744 cui
2276 1705 2364 1745 suf-

1335 1768 1461 1808 fossio
1493 1769 1714 1810 oculorum
1734 1771 1753 1809 ἶ)
1781 1782 1922 1811 nonne
1953 1772 2040 1824 his,
2071 1774 2145 1826 qui
2175 1786 2367 1816 commo-

1336 1841 1483 1879 rantur
1502 1839 1547 1879 in
1567 1840 1667 1881 vino
1682 1873 1691 1891 ,
1716 1844 1756 1882 et
1775 1842 1946 1883 student
1969 1843 2168 1885 calicibus
2188 1848 2367 1899 epotan-

1336 1910 1623 1963 dis‘?›)1⁵<‹Vae,
1646 1913 1720 1965 qui
1741 1915 1929 1965 potentes
1950 1915 2048 1955 estis
2066 1916 2116 1956 ad
2136 1916 2367 1958 bibendum

1334 1980 1487 2021 vinum
1502 2014 1512 2033 ,
1544 1985 1584 2022 et
1611 1983 1693 2024 viri
1718 1984 1846 2025 fortes
1872 1986 1923 2026 ad
1946 1986 2207 2028 miscendam
2228 1989 2364 2030 ebrie-

1334 2052 1479 2092 tatem.
1511 2066 1529 2089 »
1556 2052 1606 2093 Et
1629 2053 1722 2094 ideo
1754 2055 1973 2097 subditur:
2013 2058 2122 2107 Quia
2153 2061 2365 2103 esurietis.

1335 2120 1543 2163 Saturitas
1571 2123 1663 2165 haec
1697 2125 1869 2167 inducet
1901 2132 2148 2181 perpetuam
2181 2131 2362 2183 famem,

1334 2195 1567 2235 secundum
1601 2196 1704 2237 illud
1738 2198 1796 2238 ¹⁶:
1827 2197 1971 2240 «Cum
2005 2201 2180 2242 satiatus
2213 2202 2362 2253 fuerit,

1333 2266 1588 2318 arctabitur3
1611 2268 1830 2320 aestuabit,
1852 2273 1893 2310 et
1916 2271 2055 2311 omnis
2084 2272 2204 2314 dolor
2230 2273 2366 2314 irruet

1333 2349 1459 2389 super
1478 2350 1593 2378 eum.
1615 2352 1634 2376 1)
1659 2339 1709 2379 Et
1728 2340 1841 2392 apud
1865 2341 2026 2384 Isaiam
2054 2343 2102 2396 (b)
2128 2343 2187 2389 ¹⁷:
2212 2359 2232 2382 «
2259 2344 2363 2385 Ecce

1332 2407 1443 2448 servi
1473 2408 1556 2448 mei
1583 2408 1750 2458 bibent,
1773 2412 1814 2450 et
1840 2423 1918 2453 vos
1943 2412 2105 2454 sitietis.
2127 2427 2147 2451 1)
2172 2414 2290 2456 Unde
2309 2415 2360 2456 de

1331 2478 1452 2518 malis
1477 2479 1632 2520 dicitur
1651 2479 1679 2501 ¹⁸
1710 2495 1718 2521 :
1747 2496 1767 2520 (ι
1795 2481 2180 2536 Manducaverunt,
2215 2487 2255 2525 et
2291 2498 2358 2526 sa-

1330 2550 1457 2590 turati
1485 2553 1585 2591 sunt
1613 2551 1754 2592 nimis.
1790 2566 1809 2590 ))

1384 2620 1568 2663 Lascivis
1597 2623 1881 2664 comminatur
1908 2636 1976 2666 vae
2011 2625 2256 2679 sempiterni
2282 2627 2358 2668 fle-

1330 2693 1412 2743 tus,
1434 2705 1532 2733 cum
1550 2693 1670 2734 dicit:
1694 2693 1767 2735 Voe
1786 2694 1917 2746 vobis,
1944 2697 2022 2748 qui
2043 2696 2195 2740 ridetis
2215 2709 2329 2741 nunc
2345 2713 2361 2741 .·

1331 2764 1534 2815 quoniam
1552 2763 1770 2817 lugebitis,
1795 2769 1832 2807 et
1850 2765 2031 2819 flebitis,
2052 2767 2095 2809 id
2115 2771 2191 2819 est,
2212 2769 2257 2809 in
2278 2770 2358 2812 hoc

1329 2838 1546 2875 momento
1559 2836 1761 2889 temporis
1776 2837 1830 2877 ¹⁹:
1857 2837 2104 2879 «Gaudium
2123 2839 2357 2892 hypocritae

1329 2905 1383 2946 ad
1400 2905 1533 2946 instar
1546 2907 1705 2959 puncti.
1721 2921 1740 2946 ›)
1759 2907 1810 2948 Et
1825 2908 1869 2948 in
1882 2909 2119 2952 Proverbiis
2131 2911 2184 2952 ²⁰:
2201 2911 2358 2954 «Risus

1329 2976 1472 3017 dolore
1492 2977 1752 3029 miscebitur,
1774 2981 1814 3019 et
1834 2982 2027 3021 extrema
2048 2982 2193 3033 gaudii
2213 2982 2356 3025 luctus

1329 3048 1563 3100 occupabit.
1585 3063 1604 3086 n
1625 3048 1775 3090 Melius
1796 3052 1858 3091 est
1876 3053 2000 3102 certe,
2025 3053 2139 3105 quod
2162 3053 2285 3094 fletus
2304 3054 2357 3094 ri-

1328 3130 1425 3159 sum
1444 3120 1680 3170 antecedat,
1709 3133 1839 3173 quam
1866 3133 1889 3161 e
1909 3123 2143 3175 contrari03
2171 3126 2212 3164 et
2230 3136 2354 3177 prop-

1327 3191 1441 3230 terea
1459 3190 1611 3231 dicitur
1627 3192 1653 3213 ²¹
1673 3205 1681 3232 :
1707 3191 1880 3245 Tempus
1899 3193 2052 3245 flendi,
2067 3194 2220 3235 scilicet
2239 3195 2356 3247 prius

1327 3326 1429 3360 xxiii,
1447 3321 1499 3351 29.
1518 3338 1553 3342 —
1574 3321 1602 3342 ¹⁵
1622 3322 1700 3361 ssa„
1721 3329 1754 3362 v,
1774 3324 1826 3353 22.
1844 3323 1923 3345 -16
1937 3323 2010 3363 lob,
2029 3331 2087 3364 xx,
2109 3325 2160 3355 22.
2175 3341 2212 3346 -
2231 3324 2255 3345 ¹⁷
2275 3325 2356 3365 Iso„

1328 3373 1408 3404 LXV,
1436 3368 1484 3399 13.
1509 3385 1550 3391 -
1571 3368 1597 3389 ¹⁸
1622 3368 1709 3400 Psal.
1732 3376 1866 3411 Lxxm,
1888 3372 1940 3402 29.
1961 3388 2001 3394 -—
2025 3370 2052 3393 1⁹
2075 3370 2155 3411 lob,
2175 3378 2239 3410 xx,
2261 3373 2290 3403 5.
2313 3389 2355 3395 —

1327 3413 1354 3435 20
1373 3414 1482 3456 Prov„
1503 3422 1573 3454 xiv,
1594 3417 1645 3447 13.
1662 3433 1703 3439 —
1723 3416 1746 3436 ²¹
1767 3416 1891 3456 Eccle„
1910 3425 1964 3457 111,
1984 3420 2015 3449 4.

1371 3485 1416 3524 (a)
1440 3486 1520 3517 Caet.
1543 3486 1622 3518 edit.
1642 3487 1788 3519 veneris.
1812 3506 1853 3511 —
1873 3488 1917 3528 (h)
1939 3489 2018 3519 Item
2038 3490 2077 3520 Et
2097 3491 2211 3523 Jsaz‘as.
