2634 3853
69 2448 180 2480 Appi-0-

38 2486 180 2522 pinquen-

39 2568 164 2596 Christo.

196 217 273 259 328

195 303 497 358 discipulorum
518 305 704 356 vocatio;
729 306 772 345 in
792 306 973 346 secunda
993 317 1118 355 vero,
1140 317 1220 346 vo-

195 377 387 416 catorum
418 375 682 416 confirmatio
713 387 786 427 per
820 376 1104 427 operationem
1136 375 1220 415 mi-

196 445 435 486 raculorum
454 448 518 496 (v.
542 446 611 497 η)
629 460 636 484 :
661 445 714 487 Et
730 446 891 495 factum
907 449 983 494 est,
1002 455 1096 485 cum
1118 449 1222 486 esset

197 518 242 558 in
263 528 351 558 una
374 518 566 566 civitate,
591 519 667 557 etc.
695 516 758 555 Ad
787 515 1052 555 vocationem
1079 516 1221 555 autem

196 587 498 640 discipulorum
530 587 610 626 tria
642 585 968 625 introducuntur
995 599 1003 625 :
1033 585 1222 637 primum

197 661 257 699 est
276 657 456 698 eruditio
476 656 645 709 populi3
667 656 914 706 secundum,
936 656 1122 708 operatio
1143 656 1220 695 mi-

196 727 343 777 raculi,
356 728 413 768 ibi
429 728 482 779 (v.
497 727 538 778 Ji)
555 739 564 767 z
589 726 638 768 Ut
653 728 835 769 cessavit
849 731 989 769 autem
1000 727 1130 779 loqui,
1143 730 1219 767 etc.

196 798 382 839 Tertium
405 801 467 838 est
486 797 650 838 vocatio
673 797 809 848 Petri,
832 798 890 838 ibi
915 799 980 851 (v.
1004 798 1049 851 8)
1076 813 1083 839 :
1109 797 1225 844 Quod

196 879 289 910 cum
309 868 469 910 valeret
484 869 637 910 Simon
657 868 820 918 Petrus,
841 871 917 909 etc.
933 868 1126 909 Primum
1142 868 1224 908 ho-

195 952 292 980 rum
312 942 470 992 spectat
484 939 536 980 ad
548 939 878 992 profunditatem
898 940 1132 992 sapientiae,
1152 951 1225 992 per

197 1022 324 1063 quam
345 1009 448 1050 alios
467 1010 665 1060 docebat;
691 1010 937 1060 secundum,
953 1010 1005 1050 ad
1026 1010 1225 1050 sublimi—

196 1084 323 1121 tatem
338 1081 549 1134 potentiae,
566 1092 641 1133 per
654 1092 785 1133 quam
799 1080 1005 1120 miracula
1024 1080 1222 1130 faciebat;

196 1152 384 1201 tertium,
415 1152 466 1192 ad
498 1151 826 1191 immensitatem
860 1151 1107 1201 clementiae,
1143 1164 1226 1204 qua

195 1223 421 1274 piscatores
441 1221 720 1274 pauperculos
738 1221 791 1262 ad
812 1234 938 1262 suum
966 1222 1226 1263 consortium

194 1293 444 1334 attrahebat.
465 1292 516 1333 Et
534 1293 692 1333 habent
718 1305 762 1333 se
781 1293 859 1332 ista
874 1305 949 1345 per
965 1292 1155 1333 ordinem
1175 1292 1228 1332 ad

194 1364 402 1414 invicem,
444 1363 545 1416 quia
578 1363 908 1404 circumstantiae
939 1363 1228 1403 instructionis

198 1434 341 1488 populi
372 1434 545 1475 fuerunt
571 1434 856 1474 introductiva
886 1434 1047 1474 occasio
1075 1445 1227 1486 opera-

199 1504 324 1545 tionis
361 1504 568 1554 miraculi,
609 1506 650 1544 et
690 1503 877 1556 operatio
917 1503 1111 1544 miraculi
1149 1503 1229 1543 suit

198 1574 305 1615 ratio
332 1575 492 1616 motiva
517 1575 803 1615 conversionis
831 1574 943 1615 Petri
970 1577 1010 1614 et
1040 1574 1229 1615 filiorum

199 1644 402 1686 Zebedaei.
439 1646 696 1686 Describitur
729 1657 834 1697 ergo
870 1645 1052 1685 eruditio
1083 1645 1230 1697 populi

198 1716 277 1756 sub
302 1719 484 1769 quatuor
512 1716 861 1766 circumstantiis,
897 1727 994 1768 quae
1022 1715 1230 1755 inducunt

199 1787 250 1827 ad
270 1787 505 1839 captionem
533 1787 727 1839 piscium.
758 1786 953 1826 Primum
980 1788 1043 1825 est
1067 1785 1226 1837 impor-

198 1857 354 1897 tunitas
374 1856 528 1909 plebis;
551 1857 749 1908 secunda,
772 1855 1061 1909 opportunitas
1082 1855 1225 1905 navis3

198 1926 342 1978 tertia,
382 1927 618 1968 obedientia
658 1926 843 1968 Simonis
882 1926 1022 1977 Petri3
1061 1928 1227 1978 quarta,

197 1998 413 2039 affluentia
444 1999 652 2040 sermonis
685 1998 899 2039 dominici.
937 1997 1080 2038 Primo
1125 2009 1229 2050 ergo

197 2070 388 2122 tangitur
430 2069 728 2122 importunitas
767 2068 902 2122 plebis
947 2068 1146 2109 irruentis
1184 2069 1230 2108 in

198 2151 299 2180 eum
341 2142 511 2193 propter
560 2140 795 2181 doctrinam
820 2170 831 2190 ‚
878 2150 977 2179 cum
1022 2138 1173 2179 dicitur
1217 2153 1226 2178 :

197 2210 375 2254 Factum
403 2215 465 2254 esc
493 2214 647 2262 autem,
670 2221 764 2252 cum
795 2210 927 2253 tzcrboe
953 2211 1164 2251 irruerent
1182 2210 1231 2251 z'n

199 2292 317 2333 eum,
346 2286 397 2325 ut
426 2281 629 2324 audirent
655 2281 827 2324 verbum
853 2281 947 2322 Dei.
979 2279 1074 2321 Ideo
1098 2280 1232 2321 irrue-

198 2353 321 2403 bant,
348 2353 448 2406 quia
473 2353 651 2406 quilibet
677 2352 1021 2406 appropinquare
1046 2350 1226 2393 volebat.

198 2425 282 2468 Nec
300 2425 536 2476 immerito;
560 2424 686 2477 quia1
711 2437 722 2465 :
752 2440 771 2464 α
791 2424 871 2474 Qui
889 2422 1231 2476 appropinquant

198 2497 374 2551 pedibus
399 2498 509 2550 ejus,
538 2495 742 2549 accipient
765 2496 816 2536 de
839 2494 1029 2535 doctrina
1055 2493 1183 2534 illius.
1204 2507 1224 2531 >³

199 2567 284 2610 Nec
310 2568 475 2609 tantum
504 2567 703 2609 volebant
726 2566 974 2618 ignorantes
999 2564 1227 2618 appropin-

199 2651 331 2693 quare
352 2641 522 2692 propter
540 2638 773 2679 doctrinam
791 2636 881 2678 sive
898 2635 1135 2686 scientiam,
1158 2634 1230 2676 sed

199 2711 325 2752 etiam
362 2709 523 2750 infirmi
565 2711 737 2762 propter
781 2708 1003 2748 sanitatem
1048 2718 1229 2759 recupe-

198 2781 375 2822 randam
401 2781 416 2802 ²
447 2794 457 2821 :
494 2794 513 2818 ε(
542 2779 687 2821 Omnis
720 2779 846 2820 turba
881 2778 1100 2831 quaerehat
1130 2789 1229 2818 eum

197 2853 389 2903 tangere,
404 2850 506 2903 quia
523 2850 661 2892 virtus
675 2850 725 2890 de
738 2849 809 2890 illo
823 2849 980 2900 exibat,
1001 2851 1042 2890 et
1055 2848 1230 2890 sanabat

199 2933 359 2962 omnes,
382 2934 401 2958 ›>
437 2919 521 2961 Nec
550 2919 594 2961 hi
627 2919 790 2971 solum,
820 2920 891 2960 sed
922 2922 964 2960 et
994 2921 1230 2972 peccatores

198 2995 369 3046 propter
384 2992 553 3033 veniam
570 3005 580 3042 ;
605 2991 719 3032 unde
737 2991 750 3013 ³
775 3005 783 3032 :
816 3005 834 3028 (ι
854 2990 986 3031 Erant
1001 2989 1230 3042 appropin-

199 3065 377 3117 quantes
394 3062 433 3103 ei
454 3061 664 3114 publicani
684 3064 724 3102 et
748 3063 1006 3114 peccatores,
1037 3062 1084 3100 ut
1105 3059 1227 3100 audi-

198 3135 294 3175 rent
313 3133 483 3174 illum.»
507 3132 557 3173 Et
575 3132 819 3174 vehementi
846 3131 1051 3173 desiderio
1080 3143 1226 3173 move-

198 3205 375 3254 bantur;
398 3202 492 3244 ideo
510 3202 742 3254 irruebant,
766 3202 1077 3243 considerantes
1091 3202 1230 3254 magis

202 3274 366 3316 Domini
384 3273 637 3323 honitatem,
659 3285 788 3326 quam
807 3275 1084 3326 maJestatem.
1110 3273 1228 3314 Unde

199 3345 300 3387 dicit
324 3345 498 3399 quidam
525 3344 738 3397 expositor
760 3358 771 3385 ι
797 3360 816 3383 «
837 3344 981 3397 Magni
1008 3344 1145 3385 meriti
1166 3346 1229 3384 est

200 3416 312 3469 apud
350 3415 485 3457 Deum
522 3414 776 3457 desiderium
812 3415 932 3456 verbi
970 3415 1070 3465 Dei,
1115 3414 1228 3467 quod

242 3504 252 3523 1
275 3502 387 3543 Deut„
404 3509 529 3542 xxxni,
551 3503 581 3532 3.
602 3518 643 3524 —-
661 3501 674 3521 2
697 3500 772 3541 tuf„
791 3508 839 3541 vi,
863 3502 911 3533 19.
937 3518 969 3523 —
992 3500 1101 3541 ³1ns.,
1122 3502 1221 3540 xv,2.

921 217 1202 258 EVANGELH
1235 216 1295 256 SA
1307 215 1420 256 NCTI
1440 217 1599 259 ‘LUCAE

1294 305 1427 357 ipsam
1446 317 1615 358 quoque
1632 306 1951 347 irreverentiam
1965 308 2102 349 turbae
2119 308 2322 349 irruentis

1295 375 1338 414 in
1354 387 1452 415 eum
1468 378 1687 416 excusat.»
1715 375 1832 416 Unde
1845 376 2046 417 Dominus
2060 378 2112 418 ad
2127 379 2206 419 hoc
2217 390 2323 431 prae-

1296 445 1418 497 cipue
1443 446 1673 485 invitabaw
1696 460 1704 485 :
1734 460 1753 483 «
1774 444 1927 486 Omnes
1950 447 2156 499 sitientes,
2183 449 2323 490 venite

1296 514 1349 555 ad
1374 527 1519 568 aquas,
1542 531 1560 553 ›)
1592 516 1761 566 scilicet,
1793 516 2007 568 sapientiae
2035 518 2243 559 salutaris.
2276 518 2323 558 ln

1297 587 1363 637 cuj
1371 598 1420 625 us
1440 587 1500 626 rei
1523 587 1697 638 signum
1717 589 1805 627 erat
1824 588 1950 638 juxta
1969 599 2115 640 aquas.
2150 588 2266 629 Unde
2285 593 2325 630 et

1298 655 1493 695 subditur
1507 667 1519 696 .·
1535 657 1588 699 Ec
1605 657 1846 709 ipsestabat
1858 667 1975 698 secus
1989 662 2187 711 swanum
2205 659 2327 701 Gene-

1299 726 1460 776 zarelh,
1476 730 1523 766 ut
1543 727 1593 768 ad
1607 740 1739 781 aquas
1759 729 1974 781 sapientias
1993 728 2205 780 invitaret,
2219 730 2326 770 sicut

1298 797 1455 838 dictum
1476 801 1539 839 est
1556 799 1569 821 ⁵
1592 814 1599 839 :
1624 815 1642 837 α
1663 799 1807 840 Stabat
1826 800 1960 850 Jesus,
1979 803 2019 840 et
2036 801 2245 841 clamabat
2262 802 2324 842 di-

1299 880 1396 908 cens
1412 881 1420 909 :
1438 869 1481 909 Si
1496 870 1589 921 quis
1605 870 1705 920 sitit,
1722 870 1866 910 veniat
1879 870 1931 910 ad
1947 882 2030 920 me,
2043 873 2084 910 et
2098 871 2228 912 bibat.
2241 886 2259 910 n
2276 871 2327 913 Et

1298 941 1411 988 nota,
1427 940 1540 991 quod
1556 940 1633 980 hoc
1651 943 1857 991 stagnum
1872 952 1994 992 aquae
2006 940 2183 981 diversis
2196 943 2328 982 nomi-

1298 1008 1424 1049 nibus
1432 1009 1631 1062 appellari
1643 1010 1877 1061 consuevit,
1894 1011 2065 1061 scilicet,
2079 1023 2196 1052 mare
2207 1012 2330 1053 Cene-

1298 1079 1408 1129 reth,
1440 1080 1554 1120 unde
1587 1080 1630 1119 in
1659 1080 1866 1121 divisione
1896 1083 2074 1123 sortium
2100 1083 2253 1124 dicitur
2273 1085 2287 1107 ⁶
2316 1100 2325 1126 ε

1306 1149 1451 1199 «Quod
1468 1149 1702 1190 aReblatha
1714 1152 1960 1203 pervenient
1968 1156 2111 1193 contra
2122 1153 2330 1194 orientem

1299 1221 1352 1260 ad
1366 1233 1482 1260 mare
1497 1220 1713 1261 Cenereth.
1733 1236 1753 1258 η
1769 1221 1935 1262 Glossa:
1953 1238 1976 1268 q«
1989 1221 2200 1274 Stagnum
2212 1224 2331 1265 Tibe-

1299 1291 1428 1332 riadis
1448 1303 1566 1331 mare
1595 1291 1766 1342 dicitur,
1797 1292 2031 1333 secundum
2061 1294 2332 1335 consuetudi·

1300 1374 1399 1403 nem
1422 1362 1719 1412 Hebraeorum,
1743 1363 1818 1414 qui
1838 1363 2071 1414 quamlibet
2092 1376 2330 1417 congrega-

1300 1433 1459 1473 tionem
1502 1445 1711 1486 aquarum
1760 1433 1972 1486 appellant
2017 1446 2133 1475 mare
2153 1466 2163 1486 ,
2209 1437 2332 1487 juxta

1301 1503 1404 1544 illud
1427 1508 1439 1529 ⁷
1464 1518 1471 1543 :
1497 1519 1516 1542 «
1535 1504 1981 1557 Congregationesque
2018 1517 2228 1557 aquarum
2257 1518 2332 1559 ap-

1301 1567 1474 1626 pellavit
1487 1575 1637 1624 maria,
1652 1590 1670 1612 n
1690 1578 1768 1615 etc.
1783 1574 1832 1614 Et
1845 1575 1945 1627 quia
1960 1578 2104 1627 postea
2117 1576 2331 1617 civitatem

1304 1645 1426 1685 istam
1446 1645 1671 1697 appellavit
1696 1644 1882 1684 Herodes
1908 1644 2196 1695 Tiberiadem,
2227 1647 2328 1699 quia

1302 1716 1437 1768 ipsam
1456 1716 1501 1755 in
1521 1716 1727 1755 honorem
1747 1715 1903 1755 Tiberii
1918 1715 2092 1755 Caesaris
2108 1716 2334 1757 reaeditica-

1301 1786 1383 1836 vit,
1416 1785 1508 1826 ideo
1536 1787 1713 1827 vocatur
1740 1797 1856 1825 mare
1878 1784 2110 1826 Tiberiadis
2126 1786 2139 1807 ⁸
2161 1801 2170 1827 z
2198 1802 2217 1825 <‹
2238 1786 2335 1828 Post

1301 1855 1394 1896 haec
1417 1854 1521 1895 abiit
1545 1854 1665 1896 Jesus
1692 1859 1809 1896 trans
1838 1868 1954 1896 mare
1983 1856 2188 1908 Galilaeae,
2220 1858 2333 1910 quod

1303 1932 1364 1969 est
1390 1928 1635 1970 Tiberiadis.
1660 1944 1679 1967 »
1711 1931 1761 1971 Et
1787 1930 1888 1983 quia
1918 1930 2131 1981 originem
2156 1931 2286 1971 trahit
2309 1943 2335 1972 a

1302 1998 1497 2051 Jordaue,
1519 2001 1613 2042 ideo
1633 2001 1786 2042 dicitur
1802 2001 1918 2043 lacus
1939 2001 1959 2042 J
1963 2001 2148 2043 ordanis.
2166 2001 2217 2043 Et
2236 2001 2336 2055 quia

1302 2071 1349 2111 in
1368 2070 1551 2112 Galilaeae
1570 2071 1777 2123 religione
1791 2074 1866 2122 est,
1886 2072 1980 2113 ideo
1995 2084 2112 2113 mare
2130 2072 2332 2124 Galilaeae3

1303 2144 1344 2182 et
1361 2142 1462 2194 quia
1480 2142 1776 2182 inundationes
1795 2142 1917 2194 fiunt,
1943 2145 1982 2183 et
2000 2154 2105 2183 aura
2123 2142 2183 2183 ibi
2203 2154 2337 2195 gene-

1302 2215 1440 2262 ratur,
1462 2212 1556 2252 ideo
1585 2212 1768 2253 dicitur:
1804 2213 2018 2265 Staqnum
2049 2213 2333 2265 Genezareth‚

1302 2283 1345 2323 id
1373 2285 1435 2323 est
1466 2295 1676 2335 generans
1709 2295 1850 2324 auras.
1881 2283 1995 2324 Idem
2026 2283 2153 2324 etiam
2182 2283 2335 2325 dicitur

1302 2353 1417 2394 lacus
1453 2353 1701 2395 salivarum.
1742 2353 1793 2394 Et
1826 2355 1952 2406 Juxta
1990 2353 2093 2394 illud
2131 2356 2335 2407 stagnum

1303 2424 1440 2464 stabat
1455 2423 1475 2464 J
1479 2436 1586 2475 esuS,
1605 2426 1651 2464 ut
1666 2424 1741 2476 qui
1756 2423 1961 2464 miracula
1975 2424 2129 2464 fecerat
2144 2424 2188 2465 in
2204 2427 2331 2475 terra,

1302 2495 1455 2536 faceret
1475 2495 1604 2535 etiam
1624 2495 1669 2535 in
1690 2495 1825 2548 aquis.
1845 2493 1963 2535 Unde
1977 2495 2210 2535 secundum
2221 2496 2336 2548 quod

1303 2578 1358 2607 ex
1381 2566 1557 2609 diversis
1581 2566 1795 2619 colligitur
1820 2567 1944 2618 locis,
1971 2567 2175 2608 Dominus
2199 2568 2244 2608 in
2262 2567 2335 2609 illo

1302 2639 1456 2690 stagno
1494 2637 1628 2677 multa
1661 2636 1864 2677 miracula
1898 2640 2095 2690 operatus
2130 2638 2208 2679 fuit
2245 2652 2254 2679 ε
2290 2638 2336 2679 in

1303 2709 1494 2761 captione
1508 2708 1686 2761 piscium
1700 2723 1709 2758 ;
1725 2708 1769 2747 in
1784 2708 1997 2749 sedatione
2010 2711 2310 2761 tempestatum
2319 2723 2331 2760 ;

1303 2778 1349 2821 in,
1369 2779 1596 2820 calcatione
1615 2779 1843 2830 undarum,
1866 2781 1944 2819 etc.

1357 2850 1550 2891 Secundo
1574 2849 1768 2891 subditur
1787 2849 2079 2902 opportunitas
2098 2849 2219 2891 navis
2238 2850 2334 2890 sub-

1302 2921 1482 2963 levantis
1502 2921 1546 2961 in
1563 2933 1732 2974 aquam,
1756 2932 1854 2962 cum
1878 2920 2073 2961 subditur
2095 2920 2150 2972 (v.
2172 2920 2217 2972 2)
2244 2934 2253 2961 ε
2276 2920 2333 2963 Ec

1302 2992 1417 3035 vidit
1436 2992 1545 3034 duas
1569 3002 1718 3043 naves,
1749 2993 2007 3044 opportunas
2027 2990 2182 3031 scilicet
2201 2991 2254 3031 ad
2273 2991 2332 3032 fe-

1302 3064 1498 3115 rendum,
1518 3066 1607 3104 tum
1623 3063 1723 3115 quia
1741 3062 2008 3115 propinquae,
2027 3062 2198 3114 propter
2216 3062 2331 3114 quod

1301 3134 1455 3175 dicitur
1480 3149 1488 3174 ε
1512 3135 1678 3176 Stantes
1697 3142 1815 3175 secus
1831 3135 2053 3184 stammam:
2073 3133 2166 3171 tum
2184 3132 2326 3184 etiam,

1302 3204 1402 3259 quia
1420 3205 1565 3246 otiosae
1585 3206 1625 3245 et
1646 3215 1808 3246 vacuae.
1830 3201 1946 3243 Unde
1966 3207 2006 3242 et
2025 3201 2140 3242 addit
2163 3202 2330 3245 :Pisca-

1302 3279 1411 3319 tores
1425 3279 1565 3319 autem
1584 3273 1900 3324 descenderant,
1919 3277 1960 3316 ec
1977 3273 2179 3317 lavabant
2192 3276 2304 3318 retia
2315 3289 2329 3314 :

1301 3350 1342 3388 et
1371 3347 1429 3388 ita
1463 3348 1714 3400 opportunae
1741 3346 1866 3386 erant
1895 3344 1948 3385 ad
1978 3344 2324 3387 ministrandum.

1302 3471 1340 3476 —-
1361 3454 1374 3475 ⁴
1391 3454 1467 3493 Isca,
1488 3461 1542 3493 ιν,
1565 3455 1594 3485 1.
1615 3470 1657 3476 —
1673 3453 1684 3471 ⁵
1701 3453 1809 3491 Joan„
1832 3459 1894 3492 vu,
1913 3453 1963 3483 37.
1985 3470 2024 3476 -
2045 3454 2056 3472 0
2074 3453 2190 3492 Num„
2210 3461 2328 3493 xxxiv,

1304 3503 1354 3532 11.
1371 3518 1410 3524 —
1427 3502 1436 3520 ⁷
1458 3501 1669 3541 Gen.,1,10.
1687 3517 1725 3522 —
1741 3499 1755 3520 8
1782 3500 1890 3539 Ιοαη,,
1911 3507 1956 3539 vi,
1978 3501 2007 3532 1.
