2587 3845
288 159 338 197 32
894 144 1168 188 EXPOSITIO
1198 142 1251 183 lN
1282 137 1480 181 LIBRUM
1509 135 1818 178 SAPIENTIAE.

286 243 462 285 tentiam
483 242 655 293 ageret,
681 240 722 280 et
742 249 826 278 non
845 235 939 279 vult
955 234 1174 288 poenitere,
1196 235 1272 273 etc.
1289 245 1307 268 n

341 318 406 356 17.
434 312 664 360 Videbunt,
688 312 766 350 etc.
788 307 863 348 llic
882 306 1055 359 ponitur
1077 304 1231 356 duplex
1253 313 1316 342 ra-

286 386 344 426 tio
365 384 576 438 praedictae
598 376 958 421 condemnationis
973 408 982 424 ,
1014 375 1170 415 scilicet
1190 374 1313 424 igno-

288 455 452 504 rantia,
477 456 518 493 et
548 452 828 502 contemptus.
864 446 1050 487 Primam
1082 444 1220 496 ponit,
1250 442 1316 481 di-

289 537 385 566 cens
407 538 415 565 :
444 523 480 565 V
482 521 655 564 r[debunt
675 521 811 568 enim,
835 516 988 556 scilieet
1006 514 1149 566 impii,
1172 514 1315 563 finem,

288 596 328 636 id
347 598 408 636 est
427 596 628 641 mortem,
651 594 746 639 etc.9
768 593 816 629 ut
835 587 934 628 dicit
961 585 1119 626 Glossa.
1142 585 1317 636 Sapien-

289 667 373 716 tis,
406 665 549 704 Glossa
578 676 586 701 ε
615 676 634 700 (ι
657 661 701 701 Id
723 662 808 708 est,
837 656 1093 709 martyris3»
1123 655 1236 695 unde
1268 654 1319 694 de

289 736 471 788 Martyre
491 733 648 785 legitur
667 731 771 771 illud
792 730 803 751 ²
829 743 838 770 :
866 744 885 767 (ι
905 727 1057 768 Beatus
1075 726 1156 775 vir,
1183 725 1256 777 qui
1276 724 1319 764 in

290 805 493 858 sapientia
530 802 779 843 morabitur.
808 815 826 837 »
869 799 921 839 Et
957 808 1043 839 non
1081 795 1321 848 intelliqent

289 875 395 928 quiet
415 874 665 928 coqitaverit
687 872 737 913 cte
764 871 836 913 illo
861 870 993 918 Deus,
1028 868 1069 908 id
1093 869 1181 917 est,
1220 865 1321 918 quid

291 948 328 988 ei
367 945 617 998 cogitaverit
653 944 752 984 dare
789 942 834 982 in
869 941 1013 981 futuro
1036 971 1046 988 ,
1088 937 1322 978 secundum

293 1018 495 1066 Glossam,
511 1014 803 1055 scilicetvitam
817 1013 1020 1053 aeternam
1040 1014 1054 1034 ‘2
1078 1007 1207 1049 :«Viri
1222 1006 1321 1046 mali

292 1100 377 1129 1100
397 1088 588 1139 cogitant
603 1085 814 1137 judicium
833 1095 842 1123 :
861 1096 880 1120 ›)
905 1084 966 1124 Et
981 1090 1109 1132 quare
1123 1077 1324 1119 munierit

293 1159 415 1200 illuni
434 1157 661 1204 Dominus,
697 1153 853 1193 scilicet
886 1152 929 1191 in
956 1149 1179 1203 praesenti,
1211 1146 1323 1187 Glos-

293 1241 338 1269 sa
362 1241 372 1269 :
397 1227 569 1268 «Armis
595 1225 717 1275 fidei,
740 1239 758 1262 ι)
784 1222 1018 1264 secundum
1038 1219 1142 1260 illud
1162 1219 1175 1241 ⁸
1200 1232 1208 1259 :
1237 1234 1256 1257 «
1277 1218 1324 1259 ln

293 1300 489 1342 omnibus
520 1299 734 1339 sumentes
761 1297 926 1336 scutum
955 1291 1051 1332 fidei
1071 1305 1080 1340 ;
1103 1305 1120 1327 >³
1148 1289 1248 1331 item
1274 1289 1288 1310 ⁰
1313 1302 1321 1328 :

300 1386 319 1408 α
340 1371 502 1411 Induite
520 1380 597 1410 vos
616 1370 878 1408 armaturam
898 1364 1011 1405 fidei.
1029 1378 1048 1401 1)
1075 1361 1235 1404 Deinde
1256 1371 1325 1413 po-

233 1475 242 1484 .
300 1443 364 1483 nit
383 1441 611 1483 secundam
630 1439 860 1486 rationem,
883 1436 1024 1477 dicens
1047 1434 1102 1487 (v.
1126 1432 1188 1485 18)
1215 1446 1224 1473 ε
1254 1432 1327 1473 Vi-

296 1513 452 1555 debunt
472 1523 586 1562 eum,
615 1510 734 1563 quasi
766 1509 873 1549 dicat
894 1522 903 1547 :
927 1506 977 1547 Et
1003 1505 1104 1558 quia
1126 1504 1218 1544 haec
1240 1514 1327 1542 non

296 1583 566 1634 intelligunt,
589 1581 793 1622 videbunt
805 1591 921 1628 eum,
941 1576 1111 1617 Glossa:
1135 1573 1292 1621 «mori,
1303 1586 1321 1609 ›)

297 1658 338 1697 et
357 1656 618 1696 contemment
634 1652 776 1699 illum3
795 1649 907 1690 unde
927 1648 1037 1687 infra
1049 1650 1061 1671 5
1080 1660 1088 1686 :
1112 1660 1130 1683 «
1142 1644 1194 1684 Hi
1214 1645 1325 1693 sunt,

297 1737 403 1777 quos
422 1722 648 1775 aliquando
667 1720 897 1761 habuimus
917 1718 962 1757 in
983 1716 1186 1765 derisum,
1202 1730 1221 1752 ))
1248 1717 1325 1754 etc.

298 1794 404 1835 Item
433 1794 445 1816 ⁶
480 1806 489 1833 ε
518 1808 537 1831 ((
557 1792 775 1833 Deridetur
802 1789 906 1843 Justi
938 1787 1236 1840 simplicitas.»
1262 1785 1329 1826 Sic

298 1865 642 1916 contempserunt
660 1861 797 1903 Judaei
820 1860 1033 1901 Christum
1057 1857 1325 1898 morientem,

298 1935 396 1977 Illos
417 1938 585 1983 autem,
609 1933 763 1973 scilicet
781 1932 959 1984 impiOS,
992 1930 1203 1971 Dominus
1225 1929 1332 1970 irri-

300 2005 436 2055 debit,
461 2004 607 2045 Glossa
627 2018 635 2045 :
665 2019 683 2042 (ι
703 2002 943 2055 injudicio,
969 2015 988 2039 ›>
1012 2000 1054 2041 id
1074 2002 1157 2050 est,
1180 1999 1332 2050 dignos

296 2076 496 2118 irrisione
509 2075 738 2128 judicabit,
759 2076 808 2114 ut
818 2074 955 2114 fatuos
971 2076 984 2097 ⁷
1004 2084 1014 2114 :
1036 2085 1055 2111 (ι
1070 2071 1151 2121 Qui
1169 2070 1333 2110 habitat

299 2146 345 2186 in
364 2146 480 2187 coelis
493 2177 503 2196 ,
525 2144 718 2186 irridebit
735 2155 806 2185 eos
819 2175 832 2194 ,
851 2157 870 2181 1)
894 2145 972 2183 etc.

353 2221 418 2260 19.
455 2219 509 2260 Et
536 2221 630 2270 post
655 2217 763 2267 hoec,
798 2215 973 2263 scilicet,
1005 2215 1098 2266 post
1128 2213 1333 2252 bonorum

299 2289 648 2342 persecutionem,
675 2289 715 2327 et
735 2285 900 2327 Domini
918 2284 1173 2332 irrisionem,
1192 2281 1234 2321 id
1256 2283 1331 2331 est,

300 2363 525 2413 postquam
549 2359 683 2398 bonos
710 2357 756 2397 in
784 2354 983 2409 praesenti
1012 2353 1241 2394 afflixerint
1261 2352 1315 2403 (a)

300 2433 340 2471 et
359 2430 438 2483 ipsi
464 2442 489 2469 a
510 2428 594 2469 Deo
628 2428 674 2467 in
694 2428 830 2467 morte
855 2425 982 2466 derisi
1013 2423 1189 2472 fuerint,
1212 2424 1337 2464 erunt

303 2500 560 2550 decidentes,
577 2498 620 2539 id
635 2499 698 2538 est
712 2497 910 2538 deorsum
929 2507 1004 2548 per
1023 2505 1169 2534 casum
1189 2492 1338 2533 mortis

301 2574 346 2612 in
377 2572 593 2612 infernum
624 2569 818 2609 cadentes
849 2577 859 2605 ι
893 2567 906 2589 ⁸
933 2563 1338 2614 «Quemadmodum

304 2643 419 2684 olera
437 2641 670 2681 herbarum
692 2638 774 2678 cito
794 2635 1000 2686 decident,
1018 2650 1037 2673 ›>
1054 2636 1147 2677 sine
1168 2633 1335 2683 honore,

306 2712 461 2753 scilicet
477 2708 684 2751 societatis
698 2709 935 2756 beatorum,
953 2709 991 2748 et
1006 2706 1053 2747 z'n
1066 2703 1334 2754 contumelia,

306 2784 461 2824 scilicet
479 2779 738 2822 contusionis
757 2777 1037 2830 reproborum
1052 2807 1062 2825 ,
1083 2777 1200 2818 ‘inter
1220 2784 1336 2816 mor-

311 2861 430 2908 tuos;
452 2853 621 2895 Glossa:
650 2866 669 2889 α
687 2851 931 2899 damnatos;
952 2863 972 2886 ›>
999 2850 1049 2890 in
1065 2850 1337 2901 perpetuum,

307 2927 347 2967 id
367 2928 443 2976 est,
465 2925 557 2965 sine
574 2923 675 2963 fine.
691 2925 704 2947 ⁹
725 2937 745 2960 (t
766 2921 880 2962 Dabo
899 2932 976 2961 vos
993 2920 1039 2960 in
1063 2918 1341 2972 opprobrium

308 2996 638 3049 sempiternum,
661 2995 702 3033 et
730 2992 775 3032 in
796 2989 1095 3032 contumeliam
1121 2989 1338 3042 sempiter-

309 3079 430 3117 nam,
452 3077 549 3118 quae
568 3073 792 3115 nunquam
812 3061 1024 3102 oblivione
1042 3060 1265 3102 delebitur.
1287 3074 1307 3097 D

365 3138 579 3191 Quoniam
593 3135 845 3187 disrumpet,
853 3136 931 3173 otc.
943 3132 1018 3173 Hic
1029 3133 1221 3184 tangitur
1230 3143 1344 3172 com-

310 3208 522 3251 mendatio
538 3207 755 3258 justorum
779 3204 825 3244 in
847 3203 1161 3256 comparatione
1184 3202 1337 3255 impio-

355 3290 499 3330 ¹Ecclz'.,
519 3297 589 3328 xw,
614 3289 666 3319 22.
686 3304 726 3311 -
745 3288 756 3305 ²
776 3287 892 3327 Pron,
914 3293 1046 3326 xxviii,
1068 3287 1155 3317 5.—
1172 3285 1186 3308 ⁸
1206 3284 1343 3325 Ephes„

312 3340 441 3380 V1‚16.
461 3355 502 3361 —
526 3336 536 3355 ⁴
558 3335 659 3375 ibid„
682 3337 731 3365 11.
755 3351 791 3357 —
820 3333 833 3355 ⁵
852 3333 947 3374 Sap„
974 3341 1008 3374 v,
1031 3335 1061 3364 3.
1081 3350 1121 3356 -
1141 3332 1153 3351 ⁶
1171 3331 1250 3370 Job,
1277 3339 1343 3372 xn,

315 3390 344 3420 4.
362 3403 398 3411 —
421 3386 431 3406 ⁷
451 3383 540 3417 Psal.
567 3389 615 3421 11,
635 3384 668 3414 4.
690 3398 731 3405 —-
758 3381 769 3399 Β
795 3379 887 3413 Psal.
913 3388 1034 3420 xxva,
1053 3381 1084 3413 2.
1105 3396 1146 3404 -
1172 3379 1186 3402 ⁹
1209 3379 1342 3419 Jerem.‚

314 3440 425 3473 xxm,
446 3435 497 3466 40.
521 3448 562 3455 —
593 3430 615 3449 ¹·
642 3429 729 3465 ese..
747 3436 855 3469 xxm,
877 3427 911 3461 8.
931 3445 972 3451 -
1002 3430 1022 3447 ¹¹
1045 3430 1054 3460 1
1082 3428 1173 3468 Corn,
1193 3435 1228 3468 v,
1252 3429 1283 3459 2.
1304 3441 1346 3451 ..-

1394 239 1488 268 rum
1503 230 1786 267 mortuorum.
1801 222 1851 264 Et
1864 223 2001 275 primo
2012 224 2206 276 tangitur
2217 224 2420 277 separatio

1391 309 1416 338 a
1427 309 1598 349 corpore
1610 312 1618 346 ;
1634 294 1832 343 secundO,
1849 293 2009 334 evulsio
2022 307 2047 334 a
2058 296 2237 335 mundo:
2255 296 2309 338 Et
2319 305 2423 337 com-

1392 370 1593 419 movebit;
1614 367 1753 415 tertio,
1776 365 1961 406 exclusio
1979 378 2000 405 a
2024 366 2185 417 gloria:
2207 367 2268 409 Et
2290 378 2422 419 usque

1393 440 1451 482 ad
1467 451 1692 488 summum,
1716 437 1782 477 vel
1801 447 2067 488 supremum3
2090 440 2256 489 quarto,
2279 438 2426 478 detru-

1393 510 1455 550 sio
1469 511 1510 549 in
1529 521 1696 562 pcenam
1715 508 1761 560 (b)
1780 520 1788 544 :
1807 508 1865 548 Et
1879 510 2004 548 erunt
2017 511 2221 558 gementes
2230 522 2246 554 ;
2259 507 2421 559 quinto,

1394 579 1542 620 deletio
1562 580 1614 619 ab
1644 579 1868 619 hominum
1897 577 2130 617 memoria:
2153 578 2206 620 Et
2222 578 2426 619 memoria

1395 661 1535 692 eorum
1560 649 1731 701 peribu,
1764 651 1841 694 etc.
1877 647 2079 700 Sequitur
2108 648 2272 700 igitur:
2313 648 2425 699 Quo-

1396 722 1515 762 niam
1533 720 1786 771 disrumpet,
1810 721 1887 759 etc.
1911 719 2021 759 Bene
2043 718 2148 768 dixi,
2170 718 2283 770 quod
2303 720 2429 758 erunt

1396 791 1653 840 decidenteS,
1694 793 1772 830 etc.
1792 804 1801 839 ;
1840 790 2042 842 quoniam
2069 788 2305 840 disrumpet
2339 799 2427 839 eOS,

1397 861 1553 901 scilicet
1568 861 1786 908 Dominus,
1803 860 2037 900 secundum
2052 859 2429 900 Glossam¹⁰:«1)1s-

1397 943 1596 984 rumpam
1626 931 1828 971 interiora
1856 931 2010 983 Jecoris
2047 942 2221 980 eorum,
2257 943 2276 967 n
2314 928 2430 980 illos,

1396 1003 1587 1055 inquam,
1611 1003 1777 1042 inflatos
1800 1004 1928 1042 vento
1948 1001 2157 1054 superbiae
2179 1001 2207 1022 ¹¹
2224 1012 2264 1040 2«
2285 999 2335 1040 Et
2354 1011 2431 1040 vos

1399 1073 1535 1113 inflati
1563 1073 1679 1122 estis,
1711 1076 1752 1113 et
1782 1084 1869 1113 non
1898 1073 2038 1123 magis
2068 1072 2231 1111 luctum
2257 1070 2433 1110 habuis-

1398 1143 1474 1193 tis3
1497 1158 1515 1181 >³
1542 1143 1634 1184 sine
1655 1153 1767 1194 voce,
1789 1142 2071 1183 excusationis
2092 1143 2123 1164 ¹⁹·
2141 1157 2149 1182 z
2169 1142 2257 1182 «At
2275 1141 2346 1182 ille
2364 1142 2434 1182 oh-

1399 1215 1571 1256 mutuit.
1600 1230 1618 1253 »
1638 1215 1700 1258 Ec
1716 1215 1989 1257 commovebit
2009 1215 2104 1257 illos
2127 1226 2152 1256 α
2171 1213 2433 1266 fundamen-

1400 1288 1483 1337 te's,·
1505 1285 1676 1326 Glossa:
1699 1301 1717 1323 «
1742 1286 1912 1327 Evertet
1934 1286 2066 1327 vitam
2084 1285 2281 1336 illorum,
2303 1297 2433 1338 quam

1400 1357 1594 1397 stabilem
1624 1369 1715 1397 esse
1743 1357 1948 1409 putabant
1969 1356 2031 1410 (ei.
2053 1371 2072 1394 ))
2092 1357 2120 1382 ¹³
2139 1370 2159 1394 «
2181 1356 2259 1404 Qui
2281 1356 2433 1396 sublati

1401 1431 1499 1469 sunt
1516 1432 1611 1469 ante
1630 1431 1798 1481 tempus
1819 1441 1968 1479 suum,
1993 1431 2033 1468 et
2051 1428 2211 1468 fluvius
2230 1427 2437 1468 subvertit

1401 1499 1728 1540 fundamentum
1748 1511 1913 1540 eorum.
1936 1513 1954 1536 »
1982 1498 2036 1541 Et
2056 1508 2186 1550 usque
2208 1497 2267 1538 ad
2288 1507 2435 1549 supre-

1402 1580 1516 1610 mum
1542 1569 1859 1619 desolabuntur,
1882 1569 1923 1609 id
1943 1570 2024 1619 esti,
2049 1569 2301 1617 intantum,
2325 1567 2438 1619 quod

1402 1641 1546 1681 locum
1567 1652 1816 1692 supremum
1836 1640 2044 1689 amittent,
2069 1639 2112 1679 id
2131 1640 2207 1688 est,
2230 1649 2365 1690 usque
2385 1638 2437 1679 ad

1402 1711 1500 1761 hoc,
1523 1711 1636 1762 quod
1656 1723 1680 1750 a
1700 1710 1944 1751 celsitudine
1969 1710 2119 1762 gloriae
2141 1709 2436 1759 excludentur,

1404 1782 1512 1822 sicut
1531 1783 1659 1822 fatuae
1679 1781 1871 1833 virgines
1887 1781 1931 1830 ¹⁶,
1955 1780 2110 1833 quibus
2136 1778 2298 1831 legitur
2325 1780 2439 1832 quod

1411 1852 1589 1893 «clausa
1608 1854 1669 1892 est
1691 1853 1839 1903 Janua.
1867 1866 1886 1889 n
1919 1851 1973 1893 Et
1992 1861 2121 1903 usque
2152 1850 2210 1892 ad
2228 1861 2440 1892 summum

1406 1923 1716 1972 desolabuntur,
1746 1923 1787 1962 id
1822 1924 1906 1972 est,
1938 1921 2187 1974 punientur,
2217 1933 2440 1974 quousque

1405 1994 1583 2034 reddant
1622 1994 1901 2046 quadrantem
1937 1992 2244 2043 novissimum,
2277 1992 2320 2032 id
2356 1994 2437 2043 est,

1405 2076 1575 2117 poenam
1590 2076 1666 2116 pro
1680 2063 1797 2104 omni
1815 2065 1999 2116 peccato,
2015 2065 2102 2103 tam
2118 2075 2295 2115 magno,
2311 2074 2442 2115 quam

1408 2135 1588 2175 minimo
1608 2134 1634 2157 ¹⁵
1656 2149 1697 2174 z«
1720 2133 1815 2175 Non
1845 2133 1960 2174 exies
1986 2134 2104 2184 inde,
2132 2134 2265 2174 donec
2293 2133 2442 2174 reddas

1407 2205 1691 2247 novissimum
1732 2205 2030 2257 quadrantem.
2064 2219 2083 2242 ›)
2123 2203 2266 2245 Prima
2298 2206 2443 2244 tamen

1409 2276 1614 2328 expositio
1655 2276 1796 2327 magis
1834 2276 2058 2316 concordat
2097 2287 2197 2315 cum
2237 2274 2443 2316 divisione

1407 2346 1625 2398 praedicta.
1653 2346 1707 2387 Et
1736 2349 1860 2387 erunt
1888 2348 2117 2398 qementes,
2145 2344 2321 2385 Glossa:
2355 2359 2374 2382 «
2399 2344 2445 2384 in

1409 2417 1564 2470 poenis;
1587 2432 1606 2454 n
1631 2417 1734 2469 quia
1751 2416 1870 2457 nulla
1890 2416 2172 2457 consolatione
2195 2414 2446 2456 relevabun-

1409 2490 1504 2529 tur:
1534 2491 1575 2530 et
1597 2487 1799 2529 memoria
1827 2497 1992 2538 eorum,
2023 2499 2111 2527 non
2140 2498 2443 2539 quaecumque,

1411 2559 1483 2599 sed
1504 2559 1632 2599 felicis
1658 2558 1979 2609 recordationis,
2000 2558 2159 2610 periet,
2181 2557 2295 2610 apud
2315 2557 2446 2597 Deum

1411 2631 1452 2669 et
1469 2628 1680 2678 homines,
1703 2629 1940 2669 secundum
1960 2628 2065 2668 illud
2084 2628 2112 2650 ¹⁶
2132 2642 2141 2668 :
2161 2642 2180 2664 «
2199 2627 2351 2668 Vultus
2372 2627 2448 2668 Do-

1411 2699 1517 2739 mini
1535 2710 1662 2751 super
1678 2699 1879 2739 facientes
1894 2698 2020 2748 mala,
2044 2700 2092 2739 ut
2109 2700 2253 2750 pereat
2269 2697 2320 2738 de
2334 2699 2447 2738 terra

1414 2769 1619 2810 memoria
1637 2768 1694 2821 (d)
1710 2781 1875 2810 eorum.
1895 2783 1915 2807 ›>

1466 2841 1532 2882 20.
1555 2840 1733 2882 Venient
1746 2839 1914 2880 tandem
1927 2839 2088 2880 scilicet
2107 2839 2152 2880 in
2171 2840 2256 2881 fine
2275 2840 2424 2881 mundi
2435 2855 2444 2890 3

1412 2911 1526 2959 unde
1545 2910 1689 2951 Glossa
1710 2924 1719 2951 z
1741 2910 1823 2950 «ad
1838 2910 2050 2962 ,iudicium
2068 2925 2077 2952 z
2099 2926 2119 2948 ))
2143 2913 2244 2952 tunc
2264 2911 2379 2952 enim
2399 2911 2449 2952 de

1415 2981 1582 3022 inferno
1595 2980 1992 3031 exibunt.Venient,
2013 2981 2204 3034 inquam,
2227 2982 2276 3022 in
2295 2981 2450 3033 coqitct-

1414 3054 1526 3095 tione
1557 3054 1820 3104 peccatorum
1852 3061 2047 3101 suorum,
2081 3051 2349 3092 remordente
2379 3063 2451 3092 eos

1415 3122 1683 3171 conscientia,
1703 3120 1863 3172 timidi,
1877 3121 1928 3162 de
1942 3133 2067 3173 poena
2080 3121 2347 3162 inferenda.¹⁷
2356 3136 2376 3160 α
2385 3120 2452 3163 Vi-

1418 3219 1445 3242 12
1462 3219 1598 3254 Matth„
1625 3224 1717 3256 xx11‚
1743 3219 1793 3248 12.
1814 3234 1855 3240 —
1875 3216 1901 3238 ¹³
1918 3215 1993 3256 J0h‚
2019 3223 2110 3255 xxti,
2139 3218 2188 3247 16.
2209 3234 2250 3238 —
2272 3216 2296 3237 ⁸¹0
2315 3215 2449 3253 Mattlz„

1416 3275 1496 3306 xxV,
1518 3267 1568 3297 10.
1587 3282 1628 3289 —
1649 3265 1673 3287 ’ὅ
1693 3263 1832 3304 Matala„
1853 3273 1887 3304 V,
1904 3265 1956 3295 26.
1975 3280 2015 3287 —
2036 3265 2064 3285 ¹⁰
2083 3264 2175 3296 psal.
2194 3271 2322 3305 xxxm,
2344 3265 2393 3295 17.
2412 3279 2448 3285 —

1420 3315 1441 3333 ¹⁷
1463 3314 1559 3354 Sap„
1578 3321 1612 3352 v,
1633 3314 1663 3344 2.

1462 3372 1503 3411 (a)
1523 3371 1605 3402 Caet.
1621 3370 1702 3401 edit.
1721 3369 1888 3401 afflixerit.
1906 3385 1942 3391 —
1961 3368 2008 3410 (b)
2025 3368 2108 3399 Item
2123 3377 2239 3409 poena.
2252 3385 2292 3392 —
2308 3369 2349 3409 (c)
2370 3368 2451 3399 Item

1416 3419 1597 3462 putabunt.
1615 3436 1656 3443 —
1673 3418 1726 3459 (cl)
1752 3417 1847 3458 Vulq.
1869 3417 1988 3458 perdat
2009 3417 2050 3449 de
2069 3420 2159 3449 terra
2178 3416 2392 3449 memoriam.
