2634 3853
313 265 391 304 464

171 364 292 393 Divisio.
314 351 452 404 primo
483 349 597 390 enim
631 345 826 388 describit
856 342 1157 384 revelationem
1190 340 1339 392 gloriae

313 420 555 474 promissae3
587 417 768 458 secundo
792 412 1168 454 considerationem
1189 409 1339 461 gloriae

313 491 525 539 revelatae,
540 490 595 528 ibi
617 491 670 538 (v.
689 489 738 526 32
756 494 786 536 >z
806 485 953 525 Petrus
967 492 1077 530 vero,
1100 481 1227 532 etqui
1246 489 1339 519 cum

313 563 386 605 illo
411 565 549 610 eram,
573 563 675 607 etc.;
697 556 820 596 tertio
843 566 942 595 vero
974 551 1340 593 confirmationem

313 631 581 675 revelationis
609 632 786 669 ostensa:
805 657 817 676 ,
853 626 908 665 ibi
931 632 996 676 (v.
1033 622 1106 674 37)
1133 636 1142 662 t
1165 622 1337 662 Factum

313 709 372 746 est
385 707 523 745 autem
542 702 589 742 in
609 698 796 751 sequenti
807 695 892 745 elie,
909 698 985 735 etc.
1005 693 1056 734 Et
1075 694 1155 734 hoc
1169 691 1340 744 quidem

313 775 409 815 facit
446 785 518 826 per
551 768 843 812 admirabilem
882 765 1145 806 curationem
1179 763 1338 803 daemo-

312 844 434 886 niaci.
458 841 773 883 Revelationem
805 838 960 877 futurae
984 835 1134 887 gloria}
1163 831 1340 884 duplici-

312 919 376 957 ter
415 913 610 955 describit
640 909 914 961 Evangelista
953 922 961 947 :
998 906 1138 959 primo
1159 936 1170 955 ,
1202 903 1341 955 quoad

313 983 622 1032 antecedentia3
642 980 822 1021 secundo
840 978 979 1031 quoad
1000 974 1339 1024 concomitantia,

313 1056 370 1096 ibi
394 1057 462 1107 (v.
487 1053 564 1107 029)
590 1065 599 1093 :
624 1052 677 1094 Ec
704 1052 821 1102 facta
844 1053 917 1099 esc,
948 1048 1049 1090 dum
1080 1049 1238 1096 oraret,
1261 1047 1337 1084 etc.

314 1127 539 1168 Sciendum
556 1127 698 1165 autem
719 1122 832 1175 quod
853 1120 903 1161 ad
924 1116 1341 1169 transfigurationem

314 1198 464 1239 Christi
486 1197 656 1236 suerunt
676 1191 987 1240 antecedentia,
1009 1189 1099 1230 sive
1122 1188 1342 1240 disponen-

314 1270 369 1309 tia
386 1269 465 1309 tria
479 1299 488 1317 ,
512 1267 667 1307 scilicet
687 1263 906 1315 exigentia
924 1260 1118 1310 termini,
1139 1259 1189 1299 eli
1197 1258 1342 1310 genlia

313 1340 532 1390 consortii,
551 1341 590 1379 et
608 1335 837 1377 eminentia
856 1334 950 1374 loci.
974 1332 1075 1373 Haec
1095 1333 1239 1371 autem
1259 1330 1342 1370 tria

312 1416 409 1453 sunt
430 1423 525 1464 quae
555 1409 663 1450 Deus
687 1407 883 1448 observat
915 1405 959 1444 in
991 1401 1342 1443 communicando

312 1483 588 1524 revelationes
605 1479 783 1520 divinas.
809 1476 950 1516 Primo
977 1473 1111 1526 igitur
1127 1505 1139 1523 ,
1166 1472 1217 1512 ad
1249 1471 1339 1511 exi-

312 1554 500 1607 gentiam
518 1549 687 1592 termini
707 1579 716 1597 ,
744 1547 841 1588 dicit
876 1557 886 1586 :
915 1546 1089 1587 Factum
1115 1546 1173 1585 est
1201 1547 1342 1585 aulem

311 1628 404 1677 post
423 1624 509 1665 lioec
524 1620 653 1664 verba
674 1620 755 1670 sere
769 1617 861 1659 dies
881 1619 983 1658 octo.
1002 1614 1210 1663 Quoniam
1228 1613 1341 1653 enim

313 1695 516 1737 Dominus
548 1691 799 1746 promiserat
830 1700 873 1727 se
910 1686 1091 1738 gloriam
1125 1684 1342 1736 discipulis

312 1770 603 1813 ostensurum,
621 1765 661 1802 et
685 1775 693 1802 :
717 1775 735 1798 α
757 1759 961 1800 Dominus
982 1769 1068 1796 non
1088 1755 1224 1796 tardat
1244 1767 1341 1806 pro-

314 1837 556 1878 missionem
580 1844 727 1882 suam,
749 1846 768 1869 ›)
792 1830 900 1870 sicut
925 1828 1079 1869 dicitur
1100 1828 1136 1878 1;
1155 1826 1248 1867 ideo
1273 1826 1342 1866 in-

313 1913 376 1950 ter
396 1906 720 1962 promissionem
736 1905 776 1943 et
793 1900 1083 1953 impletionem
1099 1910 1187 1939 non
1199 1897 1344 1938 debuit

316 1981 398 2021 nisi
412 1979 625 2020 modicum
644 1974 829 2028 spatium
849 1971 1052 2024 temporis
1065 1968 1340 2018 intervenire,

315 2051 470 2092 scilicet
490 2049 620 2089 unius
639 2045 903 2098 septimanae.
929 2041 1058 2094 Cujus
1077 2042 1218 2092 figura
1237 2051 1343 2092 prae-

316 2122 439 2163 cessit
458 2121 502 2161 in
522 2116 842 2171 desponsatione
860 2113 1039 2163 Rachel,
1063 2112 1114 2152 de
1134 2124 1218 2164 qua
1236 2111 1344 2151 dixit

317 2193 460 2235 Laban
496 2191 548 2231 ad
585 2188 711 2230 Jacob
729 2188 742 2209 ¹
768 2201 776 2226 :
813 2201 831 2225 ι(
861 2184 994 2237 Imple
1032 2182 1342 2223 hebdomadam

315 2266 482 2307 dierum
501 2264 632 2314 hujus
652 2259 833 2312 copulae,
855 2260 894 2298 et
914 2257 1024 2297 hanc
1045 2267 1215 2308 quoque
1234 2254 1343 2295 dabo

314 2337 405 2377 tibi.
429 2351 448 2374 »
474 2335 524 2376 Et
542 2334 635 2374 ideo
655 2332 806 2372 dicitur
828 2341 838 2369 ε
859 2329 964 2370 Fere
991 2327 1082 2369 dies
1103 2329 1191 2368 00το
1209 2338 1223 2366 .·
1245 2325 1344 2378 quia

315 2407 493 2460 septimo
516 2404 582 2446 die
607 2403 688 2444 hoc
717 2401 830 2450 fecit,
856 2398 1046 2441 revoluto
1075 2397 1223 2437 ordine
1248 2409 1342 2449 sep-

315 2480 510 2528 timanae,
533 2475 607 2529 qui
638 2486 724 2514 non
750 2473 847 2512 sunt
877 2473 970 2512 octo
1001 2469 1089 2510 dies
1118 2467 1342 2520 completi,

315 2551 486 2603 propter
522 2546 730 2588 defectum
761 2542 892 2596 partis
923 2541 1074 2594 primae
1114 2541 1155 2580 et
1179 2539 1343 2579 ultimae

316 2621 396 2662 diei
419 2634 429 2661 ς
450 2621 491 2660 et
505 2619 597 2659 ideo
615 2628 703 2657 non
716 2615 1017 2667 computantur
1037 2612 1202 2666 primus
1222 2614 1262 2651 et
1281 2611 1344 2651 ul-

318 2692 449 2732 timus
469 2691 578 2740 dies,
601 2688 673 2729 sed
699 2684 938 2727 intermedii
956 2683 1131 2734 integri.
1158 2682 1264 2724 Nam
1287 2681 1344 2722 ibi

317 2764 468 2805 dicitur
487 2762 501 2784 ³
524 2776 533 2801 :
561 2775 580 2799 (‹
598 2758 695 2801 Post
715 2758 804 2798 dies
820 2768 895 2796 sex
916 2767 927 2796 :
954 2770 973 2793 »
994 2754 1039 2794 in
1064 2766 1150 2807 quo
1177 2765 1263 2794 non
1284 2755 1347 2793 est

317 2834 459 2887 aliqua
478 2829 770 2878 contrarietas3
793 2827 864 2867 sed
887 2838 975 2867 una
993 2824 1200 2866 sententia
1219 2824 1346 2864 aliam

317 2905 529 2958 explanat.
577 2900 717 2942 Voluit
764 2901 908 2939 autem
952 2896 1130 2949 Spiritus
1178 2897 1347 2935 sanctus

317 2979 497 3028 utroque
519 2971 643 3013 modo
662 2969 920 3022 exprimere,
949 2968 1121 3020 propter
1147 2966 1346 3006 insinua-

318 3048 476 3088 tionem
490 3041 703 3096 mysterii:
719 3039 922 3093 quoniam
941 3040 1085 3078 autem
1106 3049 1181 3077 sex
1198 3036 1346 3077 diebus

320 3117 531 3159 mundum
557 3113 665 3153 Deus
690 3109 932 3161 fabricavit,
955 3111 996 3150 et
1015 3111 1107 3161 post
1125 3108 1236 3149 diem
1254 3118 1348 3147 sex-

320 3193 413 3231 tum
441 3183 676 3238 requievit3
705 3181 799 3222 ideo
827 3192 901 3221 sex
934 3179 1083 3220 diebus
1110 3181 1199 3219 erat
1228 3177 1346 3218 labo-

320 3259 519 3308 randum,
546 3257 587 3296 et
609 3255 703 3306 post
722 3250 1063 3303 contemplationi
1091 3249 1344 3291 vacandum.

321 3332 439 3379 Ideo,
462 3327 514 3368 ad
530 3327 611 3367 hoc
630 3322 958 3371 insinuandum,
981 3320 1081 3361 dicit
1093 3319 1342 3361 Matthaeus:

322 3418 341 3442 a
364 3402 463 3444 Post
488 3398 577 3439 dies
602 3406 692 3436 sex.
725 3407 744 3431 ›)
771 3392 852 3433 Sed
875 3391 1079 3445 quoniam
1106 3390 1290 3443 perfecta
1308 3392 1349 3430 et

362 3511 373 3532 ²
395 3510 421 3541 11
442 3508 546 3546 Petr„
567 3511 627 3544 111,
648 3503 680 3533 9.
704 3517 745 3524 —
769 3499 780 3518 ²
805 3499 898 3537 Gen„
921 3505 1019 3537 xxix,
1044 3498 1095 3528 26.
1119 3513 1159 3519 —
1180 3496 1191 3514 ³
1212 3494 1348 3533 Matth„

320 3565 412 3598 xvn,
437 3557 475 3594 1;
505 3554 623 3588 Marc..
646 3556 694 3590 ix,
721 3550 751 3579 1.
781 3562 822 3570 —
843 3545 857 3567 ⁵
881 3545 979 3586 Bed.‚
1007 3545 1042 3576 in
1073 3544 1165 3584 Luc„
1194 3543 1251 3574 lib.
1284 3541 1347 3581 111,

1046 250 1327 296 EVANGELII
1357 249 1541 291 SANCTI
1571 248 1719 292 LUCAE

1413 350 1582 379 summa
1610 339 1730 390 quies
1761 339 1802 376 et
1835 336 2129 389 contemplatio
2155 348 2241 377 non
2262 336 2324 376 est
2342 337 2440 376 ante

1412 413 1604 450 octavam
1633 410 1799 448 aetatem
1822 439 1835 458 ,
1867 407 2022 448 scilicet
2055 407 2403 449 resurrectionem
2425 440 2437 458 ,

1412 480 1504 521 idco
1532 480 1629 520 dicit
1650 479 1782 519 Lucas
1810 478 1900 520 dies
1923 482 2024 521 octo.
2058 479 2109 519 Et
2131 480 2210 520 hoc
2240 482 2302 520 est
2328 479 2441 532 quod

1412 550 1564 591 dicitur
1602 551 1645 590 in
1684 549 1826 590 Glossa
1857 562 1881 589 a
1906 548 2017 589 Beda
2046 552 2060 574 ¹·
2094 552 2134 589 et
2162 549 2384 590 Ambrosio
2411 550 2439 589 ⁸.

1467 620 1677 671 Secundo,
1702 622 1911 672 quantum
1935 619 1987 659 ad
2013 618 2257 658 electionem
2277 631 2442 660 consor-

1413 691 1480 740 tii,
1503 691 1654 732 dicitur
1678 706 1686 732 z
1713 692 1769 732 Et
1783 690 2016 741 assumpsit
2035 688 2224 738 Petrum,
2246 689 2442 730 Jacobum

1414 764 1453 803 et
1489 761 1694 804 Joannem
1731 761 1815 802 Hos
1854 763 1940 800 ‘tres
1977 759 2206 811 assumpsit
2241 761 2442 811 tanquam

1414 833 1553 885 magis
1573 833 1745 874 dilectos
1765 845 1812 873 ac
1839 831 2067 872 familiares
2085 862 2094 880 ,
2124 830 2232 870 sicut
2251 841 2445 882 assump-

1415 903 1469 943 sit
1493 904 1507 925 ⁶
1535 904 1578 943 in
1616 904 1883 944 suscitatione
1921 901 2088 954 puellae.
2132 901 2226 941 Ideo
2264 902 2348 941 tres
2383 912 2446 941 as-

1414 975 1593 1026 sumpsit
1606 977 1775 1026 propter
1789 972 2173 1014 commendandum
2189 971 2443 1025 mysterium

1414 1043 1654 1096 Trinitatis,
1676 1049 1716 1086 et
1734 1048 1905 1097 propter
1923 1044 2170 1084 firmitatem
2197 1043 2441 1084 testimonii.

1415 1115 1531 1156 Unde
1559 1115 1602 1155 in
1633 1115 1777 1156 Glossa
1805 1116 1987 1157 dicitur:
2014 1131 2033 1153 «
2053 1115 2105 1156 Ut
2124 1115 2262 1155 tribus
2282 1114 2444 1155 idoneis

1415 1186 1589 1226 testibus
1617 1189 1729 1227 totus
1759 1187 1943 1227 mundus
1974 1186 2173 1226 crederet.
2199 1200 2218 1223 n
2245 1185 2340 1226 Ideo
2365 1197 2443 1225 au-

1414 1260 1499 1297 tem
1519 1259 1596 1298 hos
1619 1261 1703 1298 tres
1724 1259 1960 1311 specialiter
1980 1258 2130 1309 elegit,
2154 1260 2324 1310 propter
2345 1257 2445 1297 cmi-

1415 1328 1601 1369 nentiam
1639 1341 1768 1381 quam
1807 1328 2096 1369 considerabat
2134 1328 2181 1367 in
2215 1327 2275 1367 eis
2304 1343 2313 1377 ;
2348 1327 2447 1380 quia

1416 1399 1565 1440 Petrus
1585 1400 1755 1440 futurus
1783 1403 1873 1440 erat
1901 1399 2067 1452 primus
2090 1399 2133 1439 in
2161 1399 2343 1439 Ecclesia
2362 1411 2443 1450 gu—

1414 1471 1645 1521 bernanda,
1661 1471 1767 1511 sicut
1782 1471 1936 1511 dicitur
1949 1471 1994 1510 in
2014 1470 2212 1510 Matthaeo
2228 1471 2281 1520 (α)
2294 1474 2307 1495 ⁷
2331 1483 2367 1510 z«
2382 1469 2447 1510 Tu

1415 1553 1459 1581 es
1480 1540 1649 1591 Petrus,
1669 1544 1747 1581 etc.
1769 1540 1861 1581 Tibi
1882 1541 1991 1581 dabo
2012 1541 2150 1581 claves
2171 1540 2293 1591 regni
2321 1540 2447 1580 coelo-

1414 1625 1525 1653 rum.
1561 1626 1579 1649 »
1619 1611 1669 1652 Et
1703 1611 1883 1652 Jacobus
1927 1611 2093 1664 primus
2132 1610 2447 1650 interficiendus

1416 1685 1506 1722 erat
1528 1683 1637 1722 inter
1664 1681 1888 1734 Apostolos
1919 1693 1996 1733 pro
2030 1681 2213 1721 Ecclesia
2241 1680 2446 1733 multipli-

1416 1753 1548 1793 canda
1582 1768 1590 1794 :
1620 1753 1773 1793 dicitur
1799 1754 1812 1773 ⁸
1848 1753 1899 1793 de
1928 1752 2092 1794 Herode
2123 1753 2234 1805 quod
2264 1752 2450 1793 «occidit

1415 1823 1619 1865 Jacobum
1639 1824 1811 1864 fratrem
1839 1823 2012 1864 Joannis
2034 1823 2190 1875 gladio.
2220 1837 2240 1861 ›>
2266 1823 2448 1864 Joannes

1417 1896 1660 1948 praecipuus
1687 1894 1732 1934 in
1764 1899 1898 1935 matre
1930 1894 2202 1935 custodienda
2221 1895 2234 1916 ⁹
2260 1906 2269 1935 :
2299 1910 2317 1932 α
2344 1894 2449 1935 Cum

1415 1967 1591 2008 vidisset
1602 1968 1779 2006 matrem
1796 1968 1836 2006 et
1849 1965 2101 2018 discipulum
2117 1968 2296 2006 stantem
2308 1997 2318 2016 ,
2333 1979 2352 2003 ›)
2369 1968 2445 2006 etc.

1418 2037 1536 2078 Unde
1550 2037 1642 2077 ideo
1656 2036 1734 2078 hos
1754 2039 1839 2077 tres
1860 2037 2058 2087 assumit,
2082 2039 2252 2090 propter
2271 2036 2450 2077 instruc-

1417 2108 1576 2148 tionem
1589 2108 1761 2159 figurae.
1784 2107 1862 2148 Per
1878 2108 1956 2147 hos
1977 2107 2089 2147 enim
2110 2107 2296 2159 triplices
2317 2108 2449 2147 status

1417 2179 1462 2219 in
1490 2177 1674 2219 Ecclesia
1705 2177 2008 2218 salvandorum
2040 2178 2320 2230 designantur
2337 2209 2347 2227 ,
2370 2178 2450 2218 sci-

1417 2249 1513 2289 licet
1533 2248 1695 2301 praelati
1714 2248 1758 2287 in
1782 2247 1924 2298 Petro,
1947 2248 2074 2288 activi
2095 2248 2138 2287 in
2156 2247 2331 2297 Jacobo,
2354 2260 2449 2288 con-

1418 2319 1653 2371 templativi
1674 2318 1718 2358 in
1737 2318 1915 2369 Joanne;
1933 2319 2041 2359 sicut
2062 2318 2105 2358 in
2126 2317 2212 2360 Noe
2226 2351 2236 2368 ‚
2261 2318 2446 2366 Daniele,

1419 2394 1461 2432 et
1486 2390 1577 2431 Job.
1600 2390 1675 2431 Vel
1704 2390 1748 2430 in
1781 2390 1904 2430 Petro
1936 2390 2187 2442 conjugati,
2223 2390 2267 2430 in
2292 2389 2449 2431 Jacobo

1419 2462 1702 2512 continentes,
1723 2461 1768 2501 in
1796 2460 1957 2502 Joanne
1981 2460 2191 2512 virgines,
2215 2461 2449 2501 secundum

1417 2534 1628 2587 triplicem
1648 2532 1972 2582 continentiam,
1995 2531 2063 2572 cui
2086 2532 2262 2572 debetur
2287 2532 2451 2572 fructus

1419 2606 1700 2658 trigesimus,
1739 2603 2063 2656 sexagesimus,
2102 2606 2144 2644 et
2181 2603 2448 2644 centesimus.

1419 2677 1525 2719 Nam
1545 2676 1596 2717 de
1616 2688 1749 2718 uxore
1770 2674 1881 2716 Petri
1905 2674 2110 2726 legimus,
2133 2676 2174 2715 et
2199 2674 2250 2715 de
2269 2674 2449 2726 virgini-

1420 2750 1503 2788 tate
1534 2745 1706 2788 Joannis
1721 2760 1731 2796 3
1757 2745 1808 2786 de
1833 2745 1988 2786 Jacobo
2011 2757 2114 2786 vero
2144 2746 2346 2786 neutrum
2376 2756 2449 2785 ex-

1420 2830 1563 2872 presse
1581 2817 1747 2858 dicitur.

1474 2889 1614 2930 Tertio
1630 2899 1747 2936 vero,
1769 2889 1976 2940 quantum
1995 2886 2049 2927 ad
2065 2885 2338 2927 eminentiam
2350 2884 2447 2936 loci,

1421 2960 1648 3013 subiungit
1670 2974 1679 2999 :
1702 2959 1758 3001 Ec
1778 2957 1971 3001 ascendit
1996 2959 2045 2999 in
2065 2959 2264 3006 montem,
2286 2959 2334 2998 uc
2354 2965 2449 2998 ora-

1421 3038 1498 3075 ret.
1520 3032 1639 3072 Mons
1660 3031 1776 3071 enim
1795 3033 1856 3070 est
1873 3029 1990 3069 locus
2011 3027 2203 3068 eminens
2222 3028 2263 3066 et
2281 3039 2306 3066 a
2323 3029 2451 3067 terre-

1422 3104 1488 3145 nis
1507 3103 1559 3143 ad
1578 3101 1760 3142 coelestia
1780 3103 2010 3153 porrectuS,
2027 3100 2068 3138 et
2086 3097 2178 3138 ideo
2196 3097 2452 3150 contempla-

1422 3174 1549 3223 tioni,
1591 3176 1631 3214 et
1662 3170 1840 3212 orationi
1873 3169 2065 3210 idoneus
2107 3167 2218 3208 Talis
2256 3171 2345 3208 erat
2381 3168 2452 3208 hic

1423 3257 1559 3286 mons.
1582 3243 1699 3284 Unde
1719 3241 1869 3282 dicitur
1886 3239 1914 3261 ¹0
1936 3253 1977 3279 ια
1996 3237 2125 3279 Duxit
2154 3237 2248 3279 illos
2267 3238 2313 3278 in
2332 3250 2453 3279 mon-

1422 3320 1510 3358 tem
1529 3314 1744 3356 excelsum
1766 3321 1980 3360 seorsum,
2012 3323 2031 3347 »
2055 3311 2103 3350 ut
2131 3308 2288 3350 scilicet
2307 3320 2452 3362 seque-

1425 3410 1455 3432 0.
1477 3406 1668 3431 xxxvui.—
1685 3397 1698 3418 ⁵
1712 3395 1843 3434 Ambr.,
1864 3395 1898 3425 in
1915 3394 2005 3432 Luc„
2027 3392 2085 3424 lib.
2103 3393 2174 3431 Vll,
2193 3401 2228 3424 n.
2241 3393 2316 3424 7.-
2331 3394 2451 3433 ⁸Sup.,

1424 3456 1500 3488 vu1,
1520 3449 1612 3479 51.—
1630 3445 1644 3468 ⁷
1661 3444 1883 3482 Mattl1.‚xvi,
1904 3440 2122 3478 17.-⁸Act.,
2141 3447 2208 3480 ΧΠ,
2224 3443 2298 3472 1.-
2317 3442 2328 3460 ⁹
2343 3442 2450 3480 Joan„

1424 3503 1502 3535 mx,
1523 3496 1579 3533 26,
1601 3494 1653 3524 27.
1676 3509 1718 3515 —
1747 3491 1773 3512 ¹⁰
1793 3489 1927 3530 Matth„
1959 3497 2050 3528 xvn,
2074 3491 2102 3520 1.
2123 3505 2164 3511 —
2190 3487 2235 3529 (a)
2256 3488 2336 3521 Caet.
2368 3488 2450 3519 edit.

1425 3543 1506 3575 dicit
1523 3540 1713 3574 Matthaeus.

2512 3023 2608 3049 Mons.
