2587 3845
1129 183 1299 227 CAPUT
1329 185 1379 227 ΙΙ.

189 277 412 321 bulationis
438 287 680 328 moerorem,
705 277 791 319 ibit
822 275 1040 329 Propheta
1060 274 1129 317 tui
1147 275 1213 316 vi-

189 350 341 392 derunt
369 346 448 389 tibi
471 347 604 399 falsa,
635 350 734 398 etc.;
769 352 919 401 quarto
950 347 1069 387 docet
1093 358 1215 386 exer-

188 431 280 461 cere
298 429 342 459 se
354 418 406 458 ad
427 418 635 470 gemitum
652 421 693 460 et
705 418 1073 472 compunctionem
1093 429 1216 469 prop-

187 491 252 531 ter
269 488 396 530 talem
415 489 768 539 admonitionem,
798 489 881 530 ibi:
910 487 1121 530 Clamavit
1147 498 1216 530 eor

188 571 328 604 eorum
335 560 394 603 ad
402 561 642 612 Dominum,
653 563 749 611 etc.;
763 560 912 613 quinto
922 560 1150 601 volverunt
1162 560 1212 612 (a)

188 645 232 674 se
267 633 320 673 ad
353 632 663 685 implorandam
702 643 930 686 supernam
976 631 1212 671 miseratio-

187 717 306 756 nem,
325 705 406 746 ibi:
439 705 565 756 Vide,
588 705 786 753 Domine,
809 708 849 747 ec
870 703 1114 755 considera,
1135 705 1214 744 etc.

189 775 236 816 In
255 775 394 828 prima
411 775 607 816 describit
622 776 732 816 iram
746 775 834 825 Dei,
850 777 891 816 et
903 773 1217 826 reprobationis

189 846 384 888 effectum
414 846 525 887 circa
551 848 708 887 statum
738 846 984 888 Judaeorum
1015 845 1060 884 in
1091 856 1218 896 gene-

188 917 280 969 rali,
298 919 505 970 quantum
522 917 676 958 scilicet
693 917 745 958 ad
761 919 894 958 totam
907 916 1151 969 regionem3
1172 916 1216 956 in

189 989 373 1031 secundo
391 989 437 1029 in
462 989 652 1041 speciali,
673 990 883 1042 quantum
905 988 957 1029 ad
976 987 1214 1029 civitatem:

190 1062 246 1104 Ec
275 1060 510 1113 dissipavit
540 1060 665 1112 'quasi
677 1092 688 1110 ,
727 1061 805 1100 etc.
844 1059 893 1099 In
929 1059 1067 1112 prima
1100 1060 1219 1111 parte

189 1132 327 1185 primo
354 1131 611 1172 lamentatur
645 1130 759 1171 illius
797 1129 943 1183 populi
971 1129 1215 1171 excaecatio-

190 1215 290 1244 nem
317 1203 359 1242 et
388 1201 729 1251 detestationem3
766 1201 970 1250 secundo,
1002 1201 1218 1253 potestatis

190 1273 458 1323 ablationem,
473 1272 553 1313 ibi:
573 1272 871 1323 Proecipaava
885 1272 1106 1321 Dominus,
1121 1273 1215 1321 etc.;

189 1344 334 1393 tertio,
356 1343 501 1396 populi
525 1345 726 1394 stragem,
749 1343 836 1383 ibi:
866 1342 1055 1384 Telendii
1073 1352 1219 1383 arcum

191 1424 315 1457 saum
334 1414 461 1467 quasi
479 1413 699 1462 inimicus,
722 1414 822 1463 etc.;
845 1414 1011 1465 quarto,
1037 1425 1215 1465 genera-

189 1486 274 1527 lem
286 1484 601 1526 habitationum
616 1483 682 1537 (b),
694 1485 735 1524 et
748 1483 1034 1524 habitatorum
1049 1483 1220 1536 dissipa-

189 1557 363 1605 tionem,
383 1555 442 1596 ibi
455 1570 464 1597 1
477 1558 634 1598 Factus
654 1555 931 1598 estDominus
944 1555 1057 1598 velat
1068 1556 1218 1597 inimi-

190 1638 279 1678 cus,
301 1628 379 1667 etc.
402 1626 451 1666 In
470 1626 610 1678 prima
628 1628 746 1679 parte
766 1627 845 1667 tria
863 1626 1005 1678 tangit
1022 1627 1220 1679 reproba-

190 1699 350 1740 tionem
365 1697 686 1749 consequentia:
702 1698 855 1750 primo,
871 1698 1217 1739 excaecationem:

192 1769 395 1820 secundo,
418 1767 755 1818 detestationem,
776 1767 857 1808 ibi:
886 1767 1092 1820 Projecic,
1117 1771 1218 1819 etc.;

192 1841 327 1892 tertio,
343 1839 482 1881 omnis
501 1839 651 1891 gratiae
667 1844 709 1879 et
721 1838 955 1879 clementiae
970 1839 1104 1880 solitae
1118 1839 1219 1880 sub-

193 1911 456 1968 tractionem,
478 1910 538 1950 ibi
561 1922 571 1950 :
590 1910 645 1952 Et
660 1919 746 1952 non
766 1912 826 1952 est
843 1909 1084 1952 recordatus
1101 1942 1111 1962 ,
1141 1912 1220 1951 etc.

197 1981 306 2024 Huic
322 1981 470 2022 litterae
501 1980 774 2033 praemittitur
793 1981 932 2021 littera
950 1981 1098 2034 Aleph,
1126 1994 1223 2034 quae

194 2053 495 2106 interpretatur
513 2053 744 2103 Doctrina,
766 2055 807 2093 et
835 2055 897 2093 est
921 2054 1223 2106 exponendum

193 2125 242 2166 ut
261 2136 413 2177 supra,
436 2124 544 2164 sicut
571 2126 684 2177 patet
708 2136 761 2164 ex
793 2123 865 2165 illo
883 2136 1026 2174 versu,
1047 2125 1121 2178 qui
1154 2136 1222 2165 se-

195 2194 343 2248 quitur
368 2208 377 2235 :
399 2194 620 2247 Prophetoe
639 2195 708 2237 tui
739 2194 944 2238 viderunt
978 2195 1058 2238 tibi
1096 2196 1222 2248 falsa.

195 2265 301 2307 Dicit
324 2277 430 2318 ergo
461 2278 472 2306 ε
503 2265 731 2317 Quomodo,
751 2266 999 2309 admirative
1019 2270 1060 2308 et
1091 2268 1222 2308 inter-

195 2337 406 2390 rogative.
440 2337 517 2379 Cui
546 2337 770 2390 quaestioni
799 2339 1075 2391 respondetur
1104 2340 1162 2380 ita
1181 2339 1226 2379 in

196 2409 397 2462 praedicto
416 2419 546 2451 versu
559 2421 572 2447 .·
592 2408 809 2461 Propheta>
828 2410 895 2451 tui
915 2409 1128 2460 viderunt,
1145 2412 1223 2451 etc.

198 2479 416 2528 Quomodo
429 2479 589 2519 obtexit
604 2478 815 2530 caligine?
834 2478 925 2520 Non
946 2480 1105 2532 aliquid
1121 2493 1227 2533 pree-

198 2549 334 2591 bendo
349 2581 361 2600 ,
407 2549 479 2589 sed
524 2549 705 2600 gratiam
751 2550 1035 2591 subtrahendo
1056 2565 1065 2591 ε
1113 2552 1227 2593 1111ᾶο

202 2619 373 2661 Glossa:
403 2634 423 2658 ε(
447 2618 635 2671 Caligine
661 2620 818 2661 erroris
847 2621 1127 2674 ignominiae,
1159 2624 1228 2665 vel

199 2690 368 2732 tristitia
407 2689 688 2731 tribulationis
730 2690 1051 2732 irremediabilis
1065 2725 1077 2744 ,
1128 2706 1226 2747 quae

199 2762 318 2815 prius
337 2761 543 2802 claruerat
561 2760 723 2802 lumine
741 2763 1068 2815 prophetarum,
1090 2765 1139 2806 in
1155 2766 1224 2817 fa-

135 2827 142 2832 ’
199 2843 291 2876 rore
311 2842 406 2882 suo,
427 2832 470 2873 id
489 2834 574 2882 est,
596 2832 660 2872 ira
677 2832 952 2886 implacabili,
973 2835 1054 2876 1100
1073 2839 1133 2877 051
1151 2849 1229 2878 vo-

200 2905 360 2947 luntate
391 2904 596 2957 puniendi
627 2904 849 2945 inflexibili
873 2937 883 2956 ,
915 2906 1021 2947 sicut
1057 2908 1225 2949 inflexi-

201 2974 304 3016 biles
322 2977 422 3017 sunt
445 2975 641 3016 homines
662 2976 835 3027 furiosi,
867 2977 1228 3031 Dominus‘filiam

207 3047 330 3098 Sion,
351 3047 394 3088 id
411 3049 486 3098 est,
507 3048 725 3100 regionem
744 3050 896 3102 totam,
921 3062 1017 3103 quae
1037 3052 1115 3092 51111
1135 3065 1229 3095 arce

207 3117 306 3159 Sion
317 3120 358 3159 et
376 3118 542 3159 civitate
558 3118 601 3171 (c)
619 3118 849 3160 Jerusalem
868 3122 1035 3173 protegi
1055 3123 1228 3175 solebat,

208 3190 315 3231 sicut
332 3192 466 3231 mater
485 3203 510 3231 a
527 3190 627 3232 filia.
659 3190 747 3232 Mos
773 3192 888 3233 enim
907 3196 970 3234 est
993 3194 1230 3248 Scriptura-

208 3272 327 3310 rum,
347 3264 395 3302 ut
415 3261 745 3315 metropolitanae
772 3264 960 3306 civitates
988 3271 1143 3307 matres
1164 3281 1235 3321 ap-

210 3331 441 3385 pellentur,
471 3335 512 3374 et
531 3334 764 3387 adjacentes
784 3337 1001 3390 regiones,
1024 3339 1166 3392 oppidi
1196 3341 1247 3380 et

258 3439 483 3519 ¹Luc.,3xix‚
510 3442 561 3474 44.
581 3458 620 3466 —
648 3442 659 3460 2
683 3443 816 3483 herem„
844 3451 898 3485 LI,
928 3447 980 3476 41.
1006 3462 1048 3469 —
1077 3445 1088 3464 ³
1118 3445 1238 3488 chclz'c„

215 3493 340 3528 xxvni,
362 3490 373 3519 1
403 3510 410 3518 .

2240 192 2317 230 165

1289 275 1388 328 vici3
1400 275 1514 317 filiae.
1535 275 1617 317 Pro
1637 277 1820 318 seeundo
1838 277 2049 331 sequitur:
2066 276 2247 329 Projeca
2266 279 2316 321 de

1290 346 1406 398 caelo,
1443 347 1560 388 cultu
1589 347 1661 388 1110
1691 348 1935 400 reprobato,
1967 350 2007 388 et
2037 347 2199 400 abjecto
2230 349 2317 389 filio

1289 417 1427 469 regni,
1443 420 1484 458 et
1505 417 1649 459 divino
1668 418 1811 459 favore
1826 418 1963 459 ablato
1981 418 2052 472 (d),
2071 421 2112 459 et
2126 419 2318 470 angelico

1290 487 1506 541 praesidio;
1525 490 1756 538 interram,
1773 489 1966 530 videlicet
1985 489 2205 530 altitudine
2226 490 2319 530 suh-

1292 560 1449 598 tracta:
1471 571 1548 600 nec
1572 560 1686 600 enim
1711 561 1915 601 remansit
1938 561 1982 601 111
2001 573 2051 601 ea
2066 561 2174 613 lapis
2193 574 2320 613 super

1290 628 1485 681 lapidem,
1510 632 1559 670 111
1576 631 1828 683 praedictum
1848 634 1910 672 est
1932 634 1969 683 ¹3
1990 632 2218 685 inclytam,
2240 633 2318 672 sci-

1290 699 1387 739 licet
1404 700 1616 741 civitatem
1633 702 1779 753 Israel,
1796 714 1894 755 quae
1908 702 2048 743 solum
2063 703 2220 756 inclyta
2233 716 2322 744 esse

1291 769 1449 810 solebat
1470 774 1510 811 ²:
1540 786 1559 809 (‹
1581 771 1799 820 Quomodo
1819 774 1938 825 capta
1957 776 2040 824 est,
2062 776 2102 815 et
2128 786 2320 826 compre-

1291 841 1425 882 hensa
1459 842 1617 895 inclyta
1653 843 1865 884 universae
1897 847 2053 885 terrae?
2091 859 2110 883 »
2146 845 2323 898 Antiqui

1293 912 1407 953 enim
1438 912 1534 952 libri
1555 912 1715 953 habent
1744 916 1919 964 terram,
1950 914 2128 964 scilicet,
2160 914 2210 956 cle
2228 916 2323 957 coelo

1294 987 1465 1035 terram,
1482 986 1523 1024 et
1535 986 1656 1024 sonat
1672 984 1793 1037 quasi
1808 985 1857 1026 in
1872 988 2041 1035 terram,
2057 985 2109 1026 ad
2122 985 2321 1035 litteram,

1293 1054 1337 1095 id
1359 1056 1442 1103 est,
1463 1054 1696 1095 Jerusalem
1715 1057 1873 1096 terram
1902 1054 2118 1108 inclytam.
2143 1054 2225 1096 Sed
2246 1069 2324 1110 pro

1293 1125 1416 1166 tertio
1444 1126 1634 1178 sequitur
1660 1140 1669 1166 ε
1701 1127 1755 1168 Ei
1776 1136 1862 1168 non
1882 1130 1942 1168 esc
1970 1126 2242 1178 recordatus,
2273 1129 2325 1169 ad

1294 1196 1602 1247 miserendum;
1620 1197 1791 1239 scabelli
1807 1197 1965 1249 pedum
1985 1207 2176 1249 suoram,
2201 1198 2243 1238 id
2264 1201 2325 1239 051

1294 1267 1461 1320 populi,
1496 1267 1571 1320 qui
1602 1267 1683 1308 sibi
1714 1268 1931 1309 humiliter
1961 1271 2051 1309 erat
2083 1269 2322 1321 subJectus3

1295 1338 1364 1379 vel
1394 1338 1628 1379 Jerusalem
1654 1338 1825 1390 templi,
1860 1339 1935 1378 ubi
1966 1338 2172 1379 Dominus
2201 1352 2326 1392 super

1295 1409 1632 1462 propitiatorium
1647 1420 1850 1461 apparere
1867 1408 2025 1448 solebat
2041 1408 2190 1461 Moysi,
2206 1421 2330 1462 prop-

1296 1483 1361 1520 ter
1385 1480 1498 1532 quod
1522 1479 1752 1520 scabellum
1774 1479 1931 1531 pedum
1959 1481 2053 1531 ejus
2077 1478 2230 1520 dicitur
2244 1495 2254 1530 ;
2280 1482 2328 1522 in

1298 1552 1366 1594 die
1393 1552 1559 1604 luroris
1589 1551 1683 1601 sai,
1714 1550 1755 1591 id
1781 1553 1843 1591 est
1869 1550 2067 1592 vindictae
2098 1550 2326 1604 irrefraga-

1297 1623 1407 1664 bilis.
1428 1622 1663 1674 Allegorice
1683 1621 1910 1674 exponitur
1928 1621 1974 1661 in
1994 1621 2150 1672 Glossa,
2174 1625 2215 1663 et
2234 1635 2328 1664 mo-

1297 1693 1460 1744 raliter,
1483 1692 1652 1745 quando
1669 1693 1929 1745 quicumque
1950 1692 2140 1733 solebant
2159 1704 2248 1734 esse
2267 1705 2329 1734 sa-

1297 1763 1549 1818 pientissimi
1567 1766 1856 1814 excaecantur,
1880 1763 2031 1804 merito
2052 1764 2209 1805 scilicet
2228 1777 2324 1818 pec-

1299 1838 1505 1885 catorum,
1521 1835 1628 1875 sicut
1641 1834 1662 1875 J
1666 1834 1772 1874 udas
1789 1834 1926 1875 voluit
1938 1835 2123 1888 recipere
2135 1836 2330 1888 virgines

1299 1906 1319 1948 J
1323 1907 1422 1947 abes
1437 1906 1465 1955 ³,
1481 1917 1534 1946 ne
1548 1906 1741 1958 perderet
1750 1906 1911 1947 tribum
1925 1906 2100 1947 electam
2112 1919 2165 1948 ex
2179 1907 2326 1959 Israel;

1300 1980 1342 2018 et
1360 1976 1610 2017 sanctissimi
1641 1976 1782 2029 prius,
1804 1977 1850 2017 in
1870 1976 2065 2018 sordibus
2089 1983 2328 2019 versantur.

1355 2048 1472 2090 Beth.
1504 2048 1803 2101 Proecipitavii
1838 2050 2069 2100 Dominus,
2097 2052 2176 2090 etc.
2212 2049 2332 2091 Post-

1302 2133 1433 2174 quam
1459 2120 1716 2161 lamentatus
1744 2123 1807 2162 est
1838 2122 2164 2163 excaecationem
2193 2122 2333 2176 Syna-

1301 2205 1452 2246 gogae,
1474 2194 1542 2234 hic
1559 2193 1816 2235 lamentatur
1843 2195 2059 2248 potestatis
2088 2196 2336 2237 subtractio-

1302 2277 1416 2306 nem.
1446 2264 1498 2306 Et
1524 2265 1626 2318 quia
1657 2266 1813 2319 duplex
1845 2268 1907 2306 est
1937 2268 2119 2319 potestas
2151 2280 2332 2320 magno-

1302 2349 1415 2387 rum,
1436 2335 1593 2376 scilicet
1609 2335 1846 2388 resistendi,
1866 2339 1907 2377 et
1925 2337 2152 2380 invadendi
2167 2353 2177 2389 ;
2195 2339 2335 2392 primo

1303 2408 1491 2460 deplorat
1513 2406 1768 2447 ablationem
1785 2407 1951 2460 primae,
1973 2408 2121 2450 deinde
2139 2410 2336 2452 secundae

1304 2480 1350 2519 in
1368 2489 1497 2519 versu
1522 2477 1733 2530 sequenti,
1761 2477 1850 2518 ibi:
1883 2478 2119 2532 Confreqit,
2151 2483 2229 2521 etc.
2254 2481 2334 2522 Po-

1303 2550 1435 2591 tentia
1454 2552 1598 2589 autem
1616 2548 1837 2589 resistendi
1858 2549 2112 2591 consistebat
2132 2552 2177 2592 in
2198 2552 2336 2593 muni-

1305 2620 1507 2669 tionibus,
1529 2622 1569 2660 et
1584 2619 1630 2659 in
1647 2619 1836 2672 personis
1852 2619 1944 2661 illas
1962 2622 2233 2674 regentibus:
2259 2635 2337 2676 pro

1304 2693 1442 2745 primo
1455 2692 1572 2733 dicit:
1590 2691 1897 2744 Proecipiiavit,
1912 2694 1990 2734 etc.
2005 2706 2015 2745 ;
2034 2705 2112 2747 pro
2130 2694 2334 2736 secundo:

1305 2763 1461 2806 Polluit
1479 2772 1674 2815 reanum,
1697 2763 1777 2802 etc.

1359 2835 1465 2875 Dicit
1498 2845 1634 2886 ergo:
1668 2833 1980 2886 Proecipitavit,
2015 2835 2128 2887 quod
2155 2838 2218 2878 est
2245 2838 2340 2891 plus

1307 2918 1438 2959 quam
1466 2905 1666 2958 dejicere:
1700 2905 1966 2958 praecipitare
1992 2906 2104 2947 enim
2129 2907 2242 2949 idem
2262 2912 2336 2961 est,

1309 2977 1422 3030 quod
1450 2976 1709 3030 projiciendo
1743 2977 2024 3029 confringere.
2047 2976 2165 3020 Unde
2194 2981 2340 3034 sequi-

1310 3050 1410 3089 tur:
1432 3049 1516 3091 Nec
1542 3049 1754 3101 pepercit,
1784 3048 1897 3101 quod
1917 3048 2045 3089 etiam
2075 3050 2256 3103 amplius
2282 3054 2342 3092 est

1310 3132 1440 3173 quam
1466 3120 1754 3173 praecipitare:
1779 3120 1893 3173 quod
1925 3120 1971 3160 in
1995 3120 2145 3162 ultima
2164 3122 2339 3176 captivi-

1311 3194 1394 3233 tate
1428 3195 1488 3233 est
1524 3191 1781 3245 completum
1796 3224 1807 3243 ,
1848 3191 2042 3233 extinctis
2080 3193 2342 3235 caeremoniis

1311 3264 1571 3315 judee-orum,
1586 3263 1819 3304 secundum
1839 3262 2042 3315 Glossam,
2060 3263 2236 3305 Domino
2250 3276 2342 3317 pro-

1312 3336 1502 3388 vidente,
1521 3337 1568 3377 ut
1586 3348 1661 3389 per
1680 3348 1749 3387 ea,
1771 3346 1868 3388 quae
1885 3338 2138 3386 evenerunt,
2163 3338 2344 3376 ventura

1358 3437 1400 3476 (a)
1433 3436 1532 3468 Forte
1555 3435 1682 3477 Zeqend.
1702 3434 1853 3467 volvere.
1879 3451 1920 3458 —
1942 3434 1981 3474 (b)
2013 3434 2092 3466 Caet.
2115 3433 2194 3464 edit.
2217 3434 2345 3467 habita-

1315 3483 1457 3516 tionem.
1479 3501 1517 3507 —-
1540 3483 1578 3524 (c)
1600 3485 1681 3515 [lem
1706 3482 1887 3514 civitatem.
1908 3498 1949 3504 —
1967 3479 2012 3521 (d)
2033 3482 2113 3512 Item
2136 3481 2260 3514 oblato.

2361 2289 2491 2316 Potestas

2362 2337 2487 2364 magno-

2354 2379 2421 2398 rum
2441 2371 2496 2397 du-

2384 2412 2462 2448 Plex-
