2634 3853
246 244 323 282 540
968 229 1250 274 EVANGELII
1281 229 1463 272 SANCTI
1494 229 1644 272 LUCAE

246 327 362 370 Unde
394 328 444 368 de
475 326 552 369 Job
581 326 733 368 dicitur
752 326 763 347 ¹
786 357 797 374 ,
820 323 934 376 quod
959 337 977 359 α
1007 323 1096 362 erat
1116 320 1184 360 vir
1202 319 1272 359 ille

245 398 423 451 simplex
450 400 492 438 et
519 400 673 438 rectus.
699 410 717 433 »
743 395 794 435 Et
820 393 915 432 talis
945 391 1084 443 diligit
1112 390 1270 439 Deum,

246 469 480 510 secundum
500 469 603 509 illud
620 468 634 489 ²
661 481 668 506 :
697 481 715 503 «
748 464 863 505 Recti
897 463 1082 514 diligunt
1100 465 1154 501 te.
1178 475 1196 498 1)
1222 459 1273 500 Et

245 541 290 581 in
313 541 500 582 canticis
519 541 532 561 ³
552 551 562 578 :
584 554 603 576 «
619 535 856 578 Vulnerasti
873 546 944 574 cor
964 545 1107 573 meum
1122 563 1132 581 ‚
1154 543 1273 572 soror

246 623 341 652 mea
359 622 529 663 sponsa,
554 606 787 648 vulnerasti
818 617 889 645 cor
918 616 1088 654 meum,
1110 603 1155 642 in
1186 613 1273 642 uno

246 682 468 723 oculorum
489 684 677 728 tuorum,
697 680 737 718 et
751 678 794 716 in
808 688 893 716 uno
908 676 1024 715 crine
1036 674 1131 714 colli
1150 673 1228 723 tui,
1249 686 1268 709 ›)

246 753 287 793 id
329 754 412 801 est,
448 751 609 790 unitate
646 751 686 788 et
725 746 991 799 simplicitate
1030 743 1274 784 intentionis

245 826 393 870 rectae,
415 833 513 874 quae
534 820 621 861 sola
650 819 732 860 Deo
762 818 910 871 placet.
935 816 984 857 Et
1010 816 1110 869 quia
1143 815 1271 864 tales,

245 893 450 947 quidquid
471 892 654 942 faciunt,
677 903 730 931 ex
751 889 952 930 charitate
973 888 1154 937 faciunt,
1180 886 1274 926 ideo

244 968 383 1006 totum
413 966 576 1005 rectum
604 965 695 1013 est,
726 966 765 1002 et
796 962 957 1001 bonum
984 962 1024 998 et
1055 957 1271 1007 lucidum,

245 1036 478 1076 secundum
500 1035 605 1075 iilud
633 1034 646 1055 ¹·
677 1048 685 1074 :
715 1033 802 1074 «Ut
818 1032 893 1072 filii
915 1031 1020 1071 lucis
1042 1029 1270 1069 ambulate.

246 1106 425 1147 Fructus
450 1106 563 1146 enim
593 1105 697 1145 111015
723 1107 807 1154 est,
839 1103 882 1142 iu
915 1101 1031 1142 omni
1063 1100 1273 1150 bonitate,

247 1179 287 1218 et
311 1176 479 1229 Justitia
498 1208 508 1226 ‚
540 1179 581 1216 et
607 1175 808 1225 veritate⁷
830 1188 849 1211 1)
875 1176 952 1214 etc.
988 1172 1039 1213 Et
1071 1171 1276 1224 quoniam

246 1247 297 1288 de
325 1247 449 1288 corde
481 1248 539 1287 sic
567 1246 806 1287 illuminato
826 1257 912 1285 non
942 1243 1175 1296 procedunt
1194 1242 1277 1282 nisi

247 1331 375 1372 opera
393 1318 520 1368 lucis,
537 1318 643 1358 sicut
661 1329 737 1357 nec
758 1317 883 1356 arbor
899 1316 1011 1355 bona
1030 1316 1165 1366 potest
1185 1325 1277 1353 ma-

246 1390 309 1431 los
331 1390 490 1430 fructus
527 1389 686 1438 facere3
716 1387 775 1427 ita
803 1399 856 1427 ex
893 1386 1018 1426 corde
1054 1385 1276 1425 tenebroso

247 1473 333 1501 non
352 1460 584 1513 procedunt
613 1471 764 1512 opera,
785 1458 865 1498 nisi
896 1457 1169 1498 tenebrarum
1184 1488 1194 1506 ,
1217 1455 1277 1495 si-

247 1534 317 1573 cut
334 1544 411 1572 nec
431 1532 556 1572 arbor
577 1530 689 1570 mala
708 1530 870 1570 fructus
884 1528 1004 1576 facit,
1022 1527 1107 1567 nisi
1126 1527 1274 1567 malos.

247 1603 299 1644 Et
318 1602 411 1643 ideo
443 1601 639 1642 subditur
661 1612 671 1640 :
693 1601 740 1642 Sz·
757 1603 895 1641 autem
915 1609 1098 1651 nequam
1120 1599 1250 1649 luerit
1266 1631 1276 1649 ‚

247 1676 373 1717 etiam
392 1683 541 1725 corpus
573 1677 692 1715 tuum
716 1670 976 1712 tenebrosum
1004 1670 1097 1711 θνῑῑ.
1124 1668 1278 1709 Oculus

247 1746 361 1786 enim
381 1756 566 1796 nequam
585 1743 788 1794 depravat
806 1741 1089 1790 voluntatem,
1113 1743 1154 1780 et
1182 1740 1280 1779 facit

247 1829 342 1858 eam
361 1816 553 1868 iniquam
577 1826 585 1851 :
609 1813 681 1853 illa
701 1815 845 1852 autem
866 1811 1109 1863 depravata,
1133 1811 1281 1863 depra-

247 1890 402 1929 vantur
418 1889 458 1927 et
472 1897 612 1938 opera.
633 1884 751 1924 Unde
765 1883 1091 1924 Ecclesiasticus
1105 1884 1118 1905 5
1136 1896 1144 1922 :
1168 1897 1187 1920 α
1202 1881 1234 1921 N
1241 1894 1280 1922 e-

247 1971 377 2012 quam
404 1961 467 1998 est
498 1956 645 1997 oculus
681 1954 801 1995 lividi
829 1957 870 1994 et
904 1956 1101 1995 avertens
1130 1953 1279 1993 faciem

247 2042 393 2079 suam,
412 2043 430 2066 ›>
456 2027 609 2068 scilicet
636 2039 660 2067 a
683 2026 766 2066 Deo
782 2058 791 2075 ‚
819 2041 838 2063 α
863 2027 904 2066 et
932 2024 1167 2076 despiciens
1193 2025 1280 2064 ani-

248 2113 363 2141 mam
383 2112 520 2140 suam.
545 2113 564 2136 »
591 2098 641 2139 Et
670 2098 796 2151 paulo
825 2100 918 2150 post
941 2111 950 2137 :
976 2096 1168 2136 «Oculus
1188 2108 1278 2136 ma*

248 2172 314 2213 1115
327 2172 378 2212 ad
398 2172 522 2211 mala.
547 2185 565 2208 1)
591 2169 729 2219 Unde,
748 2181 845 2208 cum
866 2168 1121 2220 depravatur
1140 2167 1278 2207 inten-

248 2243 306 2284 tio
323 2275 333 2292 ‚
355 2242 573 2282 derivatur
595 2241 646 2293 (a)
668 2252 693 2280 a
711 2240 781 2280 via
806 2239 931 2289 lucis,
954 2240 994 2277 et
1022 2237 1177 2277 incedit
1207 2249 1281 2289 per

249 2314 442 2355 tenebras
456 2345 465 2361 ‚
500 2312 736 2353 secundum
767 2310 874 2350 illud
893 2310 906 2332 ⁶
928 2322 937 2349 :
969 2324 987 2347 «
1005 2308 1136 2349 Error
1155 2311 1195 2348 et
1215 2311 1280 2348 te-

248 2386 392 2427 nebrae
420 2382 708 2438 peccatoribus
742 2383 961 2422 concreata
994 2382 1147 2420 sunt.»
1177 2380 1281 2420 Cum

248 2457 391 2495 autem
410 2452 710 2493 obtenebratur
729 2450 907 2490 intentio
927 2451 967 2488 et
990 2448 1251 2488 deformatur
1265 2479 1278 2498 ,

249 2525 550 2566 obtenebratur
571 2526 612 2563 et
644 2522 903 2562 deformatur
934 2531 1055 2572 opus.
1087 2518 1204 2559 Unde
1235 2518 1279 2558 in

250 2595 396 2637 Glossa
418 2610 426 2636 :
458 2611 477 2632 «
494 2594 668 2647 Semper
688 2604 887 2646 perversa
906 2590 1085 2631 intentio
1106 2601 1280 2642 praeces-

249 2667 299 2707 sit
322 2678 503 2719 pravum
521 2677 628 2718 opus
640 2697 649 2715 ,
668 2664 833 2704 etiamsi
848 2664 1017 2715 justum
1036 2660 1275 2701 videatur.»

250 2737 300 2777 Et
335 2738 428 2778 ideo
464 2737 615 2777 dicitur
655 2746 806 2788 corpus
836 2733 1138 2782 tenebrosum,
1169 2731 1282 2784 quod

250 2808 422 2861 quidem
443 2808 595 2849 dicitur
616 2806 774 2859 peccati
798 2817 904 2858 opus
917 2836 929 2854 ,
953 2804 1003 2844 de
1019 2803 1134 2856 quali
1151 2802 1282 2843 habe-

250 2883 320 2920 tur
339 2884 353 2905 ⁷
375 2891 385 2919 :
413 2894 432 2916 «
453 2879 712 2931 Ainciamus
730 2889 858 2930 opera
882 2875 1168 2916 tenebrarum.
1190 2889 1208 2912 1)
1237 2874 1282 2914 [n

250 2950 331 2991 hoc
360 2961 466 3002 ergo
499 2951 666 3002 aptatur
698 2946 930 2987 similitudo
963 2946 1173 2996 lucernae,
1204 2948 1278 2996 ut,

253 3021 363 3062 sicut
382 3021 556 3061 lucerna
574 3032 701 3072 supra
720 3018 1022 3059 candelabrum
1037 3048 1049 3066 ,
1069 3017 1127 3056 510
1149 3017 1284 3057 inten-

252 3093 312 3134 tio
347 3092 529 3145 simplex
562 3094 602 3131 et
633 3102 804 3131 sursum
836 3089 993 3130 directa
1020 3090 1083 3128 est
1116 3088 1279 3138 lucida,

254 3166 454 3207 deorsum
472 3174 574 3205 vero
586 3165 645 3202 est
665 3173 811 3210 curva,
833 3172 1020 3212 nequam
1032 3162 1071 3198 et
1087 3158 1280 3199 obscura.

254 3236 348 3278 Non
368 3248 472 3288 ergo
491 3235 612 3276 debet
632 3232 726 3286 quis
745 3233 788 3272 in
809 3232 896 3272 suis
916 3230 1117 3284 operibus
1136 3243 1280 3283 proce-

255 3308 353 3349 dere
373 3319 470 3349 cum
498 3304 742 3360 duplicitate
774 3306 815 3343 et
842 3301 1114 3343 simulatione
1145 3302 1281 3354 hypo-

298 3439 305 3459 ¹
332 3437 403 3476 Job,
427 3445 457 3476 1,
486 3441 513 3469 1.
537 3454 578 3460 -
599 3436 610 3454 ²
634 3435 746 3473 Cant„
769 3442 794 3473 1,
825 3436 855 3466 3.
882 3451 921 3457 --
944 3434 957 3456 3
978 3434 1158 3473 Cant.,1V,
1185 3435 1215 3465 9.
1245 3450 1284 3455 —

256 3485 269 3506 δ
292 3485 425 3525 Ερὴεε.,
449 3492 480 3524 V,
505 3486 537 3522 8,
557 3487 586 3516 9.
613 3501 654 3507 -
673 3484 686 3505 5
705 3481 826 3518 Ecclz'.‚
848 3490 917 3519 xm,
946 3483 976 3521 8,
999 3484 1048 3512 10.
1070 3498 1108 3504 -
1133 3482 1144 3499 ⁶
1166 3480 1284 3519 Eecli„

260 3538 313 3572 xl,
347 3534 395 3564 16.
427 3549 462 3554 —-
499 3531 509 3552 ⁷
545 3533 649 3570 Rom„
679 3538 764 3571 xul,
791 3531 840 3562 12.
868 3547 908 3552 —
934 3528 948 3550 ⁸
977 3531 1085 3569 Prov„
1115 3536 1169 3568 xl,
1197 3530 1227 3559 5.
1248 3545 1282 3549 —

1345 320 1462 360 crisis
1480 352 1490 371 ‚
1514 319 1585 360 sed
1616 318 1757 371 magis
1789 331 1887 359 cum
1918 320 2012 361 luce
2040 324 2082 361 et
2111 321 2377 374 simplicitate

1346 393 1601 433 intentionis.
1632 391 1738 432 Nam
1758 391 1803 430 111
1835 391 2073 434 Proverbiis
2092 393 2134 433 ⁸:
2163 408 2182 431 «
2210 392 2378 435 Justitia

1346 463 1546 516 simplicis
1567 464 1720 514 diriget
1748 462 1864 503 viam
1887 464 1980 515 ejus
1994 494 2006 514 ,
2029 466 2070 503 et
2096 464 2143 504 in
2163 465 2377 517 impietate

1347 545 1425 573 sua
1445 537 1613 575 corruet
1631 534 1802 586 impius.
1821 547 1840 570 »

1399 600 1539 642 Tertio
1585 601 1779 641 subditur
1823 600 2065 640 informatio
2105 601 2376 642 commenda-

1346 671 1454 721 bilis,
1477 683 1573 711 cum
1594 672 1694 712 dicit
1717 672 1771 723 (v.
1796 674 1859 719 35)
1879 684 1886 709 :
1916 670 2022 712 Vide
2040 681 2132 724 erqo
2149 683 2200 713 ne
2221 672 2375 723 lumen,

1347 740 1459 792 quod
1491 742 1541 782 in
1565 744 1601 783 te
1630 747 1705 792 esc,
1727 743 1904 784 tenebrae
1930 742 2036 792 sint,
2059 742 2103 781 id
2132 744 2208 791 est,
2231 754 2284 782 ne
2311 743 2376 783 in-

1347 812 1492 862 tentio,
1519 825 1594 864 per
1624 825 1753 865 quam
1785 813 1911 852 debes
1941 824 2029 852 esse
2054 812 2146 862 lux,
2177 812 2380 853 vitiorum

1347 882 1532 923 tenebris
1562 884 1823 924 obscuretur.
1866 882 2072 935 Loquitur
2106 885 2248 923 autem
2281 895 2380 923 con-

1348 954 1483 995 versis
1497 955 1549 995 ad
1565 967 1624 1006 50,
1640 956 1691 996 de
1705 955 1860 1008 quibus
1874 955 1931 994 ait
1943 953 2169 1007 Apostolus
2184 957 2198 978 ⁹
2217 968 2225 994 :
2248 969 2267 992 «
2285 954 2384 995 Era-

1348 1024 1401 1065 tis
1435 1025 1661 1078 aliquando
1690 1027 1892 1075 tenebrae,
1914 1037 2030 1065 nunc
2061 1027 2205 1065 autem
2236 1025 2314 1066 lux
2338 1026 2384 1065 in

1350 1095 1528 1137 Domino
1563 1109 1571 1134 ε
1607 1101 1654 1137 ut
1682 1097 1758 1136 filii
1788 1097 1896 1137 111015
1924 1095 2153 1146 ambulate,
2180 1111 2198 1134 1)
2227 1099 2275 1136 ut
2302 1097 2382 1136 sci-

1348 1166 1445 1207 licet
1469 1167 1558 1207 sitis
1585 1168 1661 1207 filii
1683 1168 1797 1208 illius
1819 1168 1924 1208 lucis
1948 1167 1990 1216 ¹⁰,
2010 1178 2107 1219 quae
2133 1181 2152 1205 (1
2173 1166 2386 1207 illuminat

1350 1249 1523 1277 omnem
1543 1238 1762 1278 hominem
1785 1238 2024 1279 venientem
2050 1238 2096 1278 in
2124 1238 2239 1278 hunc
2258 1250 2384 1278 mun-

1350 1308 1471 1358 dum3
1495 1322 1514 1346 ›)
1547 1321 1633 1349 non
1659 1309 1735 1349 filii
1767 1309 1967 1359 hominis,
1989 1309 2040 1350 de
2068 1309 2225 1362 quibus
2255 1309 2386 1351 Joan-

1351 1389 1425 1420 nes
1446 1382 1475 1404 ¹¹
1501 1393 1509 1419 z
1539 1394 1558 1418 (ι
1574 1379 1668 1420 Lux
1694 1380 1812 1420 venit
1839 1380 1886 1420 in
1914 1379 2138 1430 mundum,
2163 1382 2204 1420 et
2228 1379 2386 1420 dilexe-

1352 1453 1454 1491 runt
1474 1451 1669 1491 homines
1691 1451 1830 1503 magis
1851 1451 2046 1492 tenebras
2077 1462 2206 1503 quam
2233 1450 2386 1502 lucem,

1353 1524 1473 1561 erant
1496 1522 1610 1562 enim
1637 1534 1788 1563 eorum
1822 1523 1931 1563 mala
1956 1534 2098 1575 opera.
2129 1536 2148 1560 1)
2180 1522 2390 1570 Quoniam

1353 1605 1459 1644 ergo
1490 1605 1622 1646 prava
1650 1594 1828 1634 intentio
1858 1597 1995 1635 totum
2030 1606 2136 1645 opus
2171 1594 2388 1645 depravat,

1353 1664 1447 1704 ideo
1482 1665 1602 1704 docet
1640 1676 1735 1704 eam
1771 1664 1986 1716 praecipue
2024 1676 2113 1704 esse
2142 1663 2389 1714 cavendam,

1354 1748 1452 1775 cum
1473 1736 1571 1776 dicit
1601 1748 1610 1776 z
1639 1735 1746 1778 Vide
1776 1746 1884 1789 erqo,
1909 1738 1985 1776 etc.
2010 1735 2090 1776 Sed
2109 1747 2271 1786 rursus,
2293 1735 2393 1788 quia

1354 1807 1535 1847 intentio
1567 1819 1654 1848 non
1684 1810 1821 1860 potest
1851 1819 1943 1847 esse
1972 1806 2134 1855 lucida,
2169 1806 2250 1846 nisi
2286 1806 2394 1847 adsit

1354 1880 1542 1933 operatio
1571 1881 1696 1931 bona,
1720 1880 1813 1920 ideo
1835 1881 1978 1921 subdit
2004 1895 2012 1920 z
2042 1881 2097 1922 Si
2124 1890 2217 1932 erqo
2242 1890 2393 1933 corpus

1356 1957 1478 1995 tuum
1500 1956 1631 1994 totum
1655 1952 1845 1994 lucz'dum
1865 1953 2013 2004 fuerit,
2035 1962 2121 1994 non
2137 1951 2291 1993 habens
2309 1952 2390 1995 ali-

1355 2035 1483 2076 quam
1517 2027 1682 2076 partem
1709 2024 1992 2072 tenebrarum,
2012 2027 2059 2064 ut
2086 2023 2280 2063 videlicet
2306 2036 2392 2064 non

1356 2096 1408 2135 sit
1440 2096 1625 2148 pravitas
1659 2097 1704 2136 in
1735 2095 1985 2145 intentione,
2012 2107 2090 2135 nec
2118 2094 2389 2146 cogitatione,

1356 2180 1433 2208 nec
1453 2167 1685 2217 affectione,
1701 2179 1778 2207 nec
1795 2167 2023 2217 locutione,
2038 2178 2115 2206 nec
2133 2166 2389 2218 operatione,

1357 2247 1455 2288 quae
1476 2237 1575 2274 sunt
1595 2236 1734 2286 partes
1753 2233 1970 2274 totalitatis
1989 2236 2159 2284 nostrae,
2182 2236 2222 2274 et
2241 2245 2391 2286 opera-

1357 2304 1484 2343 tionis
1515 2303 1760 2353 meritoriae,
1787 2302 1875 2343 sive
1901 2302 2198 2344 demeritoriae.
2233 2301 2277 2342 Si
2306 2302 2390 2354 igi-

1356 2378 1427 2415 tur
1446 2375 1491 2414 in
1510 2374 1577 2413 his
1606 2385 1690 2414 non
1710 2374 1836 2414 fuerit
1856 2385 1909 2413 ex
1938 2373 2080 2426 aliqua
2107 2376 2225 2426 parte
2246 2374 2392 2426 impu-

1357 2446 1478 2495 ritas,
1502 2444 1580 2484 erit
1599 2456 1753 2485 verum
1773 2444 1877 2485 illud
1904 2444 2017 2496 quod
2041 2444 2234 2497 sequitur
2257 2458 2266 2484 :
2300 2445 2395 2486 Erit

1359 2517 1549 2559 lucidum
1568 2520 1716 2566 totum,
1733 2520 1770 2558 ec
1782 2517 1893 2558 sicut
1913 2516 2084 2557 lucerna
2099 2515 2280 2567 sulqorz's
2299 2514 2396 2557 illu-

1358 2588 1541 2630 minabit
1566 2592 1616 2635 te,
1651 2587 1693 2628 id
1725 2590 1803 2635 est,
1825 2586 2125 2627 conscientiam
2156 2590 2298 2635 tuam,
2327 2597 2392 2626 sea

1358 2660 1547 2700 cundum
1572 2658 1819 2711 petitionem
1838 2657 2129 2710 propheticam
2148 2658 2176 2679 ¹²
2200 2672 2208 2698 :
2237 2672 2257 2696 ε(
2279 2656 2392 2706 Quo-

1357 2731 1473 2771 niam
1492 2733 1539 2770 tu
1558 2729 1775 2770 illuminas
1788 2728 2005 2769 lucernam
2021 2741 2177 2777 meam,
2191 2728 2367 2770 Domine
2381 2742 2391 2778 ;

1358 2801 1470 2842 Deus
1502 2812 1637 2850 meus,
1664 2799 1860 2840 illumina
1890 2799 2085 2839 tenebras
2117 2811 2247 2850 meas,
2268 2814 2288 2836 »
2324 2811 2394 2839 se-

1357 2872 1547 2913 cundum
1573 2871 1688 2923 quod
1707 2870 1886 2910 habetur
1904 2870 1949 2910 in
1976 2870 2153 2912 Psalmo.
2179 2870 2394 2910 lllumina-

1357 2943 1419 2983 hit
1437 2943 1566 2983 etiam
1597 2945 1638 2982 te
1663 2941 1713 2982 ad
1743 2941 2044 2981 aedifidandum
2069 2940 2221 2981 Christi
2247 2939 2389 2980 Eccle-

1359 3014 1480 3064 siam,
1501 3014 1734 3054 secundum
1754 3012 1858 3053 illud
1874 3012 2120 3053 mandatum
2141 3010 2307 3051 Domini
2327 3014 2358 3035 ¹³
2379 3022 2388 3049 :

1365 3102 1384 3125 «
1401 3086 1469 3127 Sic
1486 3085 1622 3126 luceat
1641 3085 1716 3125 lux
1742 3086 1881 3125 vestra
1901 3095 2042 3123 coram
2062 3082 2323 3133 hominibUS,
2346 3084 2393 3123 ut

1359 3157 1531 3198 videant
1551 3167 1679 3209 opera
1700 3157 1838 3196 vestra
1858 3154 1982 3202 bona,
2003 3155 2044 3192 et
2064 3151 2392 3203 (51011ῇο0111Ρο-

1359 3231 1467 3269 trem
1489 3230 1679 3269 vestrum
1700 3225 1774 3278 qui
1794 3226 1838 3264 in
1856 3223 1969 3264 coelis
1988 3225 2063 3263 est.
2087 3237 2106 3260 ›>
2132 3222 2392 3263 llluminabit

1359 3300 1486 3340 etiam
1524 3301 1566 3339 te
1594 3298 1647 3338 ad
1677 3294 1974 3337 confutandam
2002 3294 2254 3347 pravitatem
2286 3293 2391 3334 alie-

1360 3415 1372 3432 1·
1392 3411 1527 3454 Ερ)ιεε.,
1557 3419 1589 3451 ν,
1614 3413 1644 3443 8.
1670 3426 1711 3432 -
1736 3408 1764 3430 10
1781 3407 1891 3445 Joan.,
1921 3414 1946 3446 1,
1968 3407 1999 3437 9.
2024 3423 2058 3427 -
2079 3406 2102 3427 ¹¹
2123 3407 2231 3445 leam,
2254 3414 2313 3445 111,
2338 3407 2390 3437 19.

1361 3478 1400 3484 -
1420 3460 1445 3482 ¹2
1465 3458 1555 3491 Psal.
1579 3465 1666 3497 xvu,
1687 3458 1738 3488 29.
1754 3471 1795 3478 —-
1815 3454 1842 3476 ²3
1860 3453 1997 3493 Matth„
2020 3461 2052 3493 ν,
2075 3455 2128 3485 16.

1403 3526 1448 3567 (a)
1469 3526 1521 3557 Ita
1540 3518 1634 3556 Edit.
1656 3523 1760 3562 Rom„
1777 3519 1871 3552 Edit.
1896 3519 1972 3551 Ven.
1995 3519 2182 3551 devidatur.

2611 1366 2634 1869 Nema-0⁸?
2612 1342 2613 1346 Α
