2634 3853
205 266 282 304 556

201 350 300 391 sarii
319 350 464 391 vestri.
488 364 506 387 n
545 350 597 390 Et
632 350 845 392 Joannes¹
872 363 880 388 ε
911 363 930 386 α
952 347 1101 388 Unctio
1136 348 1228 399 ejus

200 423 318 463 docet
335 433 411 462 vos
436 422 486 463 de
518 422 731 462 omnibus.
759 434 778 456 n
809 419 925 459 Unde
953 418 1192 459 Bernardus
1216 432 1224 458 :

205 492 356 533 «Bona
381 495 444 534 est
481 493 620 542 lectio3
659 492 729 531 sed
761 490 906 530 melior
935 490 1097 539 unctio,
1131 500 1227 541 quae

199 563 317 603 docet
333 563 382 603 cle
404 563 612 603 omnihus.
635 577 652 597 »
679 560 783 601 Nam
805 560 948 600 unctio
969 560 1088 600 docet
1109 559 1229 599 dilec-

199 633 356 674 tionem
379 634 448 674 Dei
468 635 509 673 et
530 632 737 685 proximi,
760 634 799 671 et
823 646 841 668 «
857 631 901 670 in
926 631 1006 671 hoc
1027 629 1228 670 universa

197 703 265 743 lex
278 704 432 756 pendet
444 706 483 743 et
499 702 715 755 prophetae
720 733 731 752 ,
756 719 770 737 υ
789 702 1022 742 secundum
1037 701 1150 753 quod
1162 700 1226 740 di-

198 774 310 814 citur
328 775 376 826 (a)
401 777 437 823 ²;
457 776 543 813 tota
557 773 683 813 etiam
706 772 910 825 sapientia
930 771 1224 824 philosophiae,

198 844 305 883 sieut
331 843 429 883 dicit
463 843 757 894 AugustinuS,
796 842 876 882 hoc
911 844 998 892 est,
1036 841 1224 894 physica,

198 914 334 954 ethica
354 916 393 953 et
414 912 561 953 civilis.
586 912 768 965 Spiritus
802 912 929 953 etiam
949 915 1118 952 sanctus
1133 943 1142 960 ‚
1165 912 1225 951 fa-

197 984 342 1025 ciendo
378 985 566 1025 animam
605 984 822 1025 adhaerere
869 983 969 1034 Deo,
1008 983 1104 1023 facit
1127 995 1228 1023 eum

196 1055 351 1095 animae
372 1055 645 1105 familiarem,
666 1058 706 1094 et
733 1067 808 1107 per
831 1055 911 1094 hoc
930 1054 1027 1094 facit
1048 1054 1227 1094 revelari

196 1129 355 1166 secreta
375 1128 389 1150 ³
411 1138 420 1166 :
453 1141 470 1163 α
491 1125 574 1166 Vos
605 1129 747 1165 autem
784 1125 874 1165 dixi
903 1125 1083 1175 amicos,
1105 1140 1123 1161 »
1147 1127 1223 1165 ete.

196 1196 227 1236 F
231 1208 356 1237 ervor
385 1196 510 1236 etiam
537 1196 710 1249 spiritus
735 1195 870 1237 elevat
888 1195 1077 1236 animam
1098 1208 1228 1248 supra

197 1280 255 1316 se,
277 1267 352 1307 ubi
372 1267 490 1307 audit
510 1270 551 1307 et
570 1267 684 1307 videt
706 1279 875 1317 arcana,
896 1267 1002 1307 sicut
1024 1266 1179 1308 Paulus
1196 1267 1223 1318 ¹⁴,

195 1340 235 1378 et
262 1337 369 1378 sicut
394 1337 583 1378 Ezechiel
610 1337 657 1390 (b)
683 1341 696 1362 ⁵
718 1350 727 1377 :
757 1352 775 1375 (ι
796 1337 1036 1390 Assumpsit
1060 1350 1127 1377 me
1148 1337 1227 1390 spi-

196 1408 318 1459 ritus,
335 1423 353 1446 »
381 1411 475 1459 etc.;
498 1408 606 1449 sicut
630 1409 815 1450 Ioannes
837 1408 850 1429 ⁶
875 1423 884 1449 :
915 1423 934 1447 c<
955 1408 1035 1449 Fui
1065 1409 1109 1449 in
1139 1409 1224 1461 spi-

197 1480 296 1530 ritu,
315 1495 333 1518 ›)
359 1483 435 1520 eie.

249 1553 315 1590 13.
338 1551 413 1592 Ait
432 1554 571 1592 autem
598 1552 637 1592 ei
665 1550 867 1603 quidam,
890 1553 969 1591 etc.
996 1550 1225 1603 Postquam

195 1622 391 1663 dissuasit
418 1622 680 1662 dolositatem
700 1622 941 1662 venientem
963 1634 1016 1662 ex
1038 1623 1226 1662 humana

194 1693 430 1743 timiditate,
445 1695 485 1732 et
503 1692 638 1744 ipsam
654 1692 935 1742 timiditatem,
951 1693 996 1732 in
1013 1693 1091 1732 hac
1106 1696 1224 1745 parte

194 1763 391 1804 dissuasit
421 1763 715 1815 cupiditatem,
753 1767 793 1803 et
835 1763 962 1803 habet
981 1764 1086 1804 liaec
1128 1776 1225 1816 pars

193 1833 297 1874 duas
335 1836 494 1886 partes;
528 1834 572 1873 in
612 1846 794 1885 quarum
828 1834 967 1886 prima
1000 1837 1170 1874 revocat
1201 1847 1225 1874 a

194 1904 472 1945 sollicitudine
502 1905 719 1954 avaritiae3
750 1905 794 1944 in
817 1905 999 1945 secunda
1028 1918 1130 1947 vero
1161 1906 1223 1946 in-

192 1976 299 2016 vitat
330 1976 382 2016 ad
412 1975 735 2016 sollicitudinem
767 1976 1067 2028 providentiae,
1090 1977 1220 2027 infra,

192 2047 339 2088 eodem
357 2046 370 2067 ⁷
393 2062 401 2087 :
428 2047 531 2089 Sint
556 2047 696 2099 (lumbi
727 2048 857 2089 vestri
882 2049 1118 2100 proecmm,
1142 2051 1220 2089 etc.

192 2118 228 2158 A
249 2117 527 2158 sollicitudine
548 2121 691 2158 autem
713 2118 903 2159 avaritiae
924 2120 1093 2159 revocat
1114 2131 1219 2171 qua-

191 2188 434 2241 drupliciter
457 2203 465 2229 :
490 2189 628 2240 primo
649 2189 804 2229 scilicet
823 2189 1077 2229 documento
1098 2189 1221 2229 ratio-

190 2259 298 2310 11ali3
319 2260 518 2308 secundo,
536 2260 731 2312 exemplo
748 2259 940 2310 terribili,
965 2259 1047 2299 ibi8
1071 2274 1078 2300 ;
1096 2261 1222 2302 Dixit

191 2334 333 2373 autem
354 2330 411 2372 ad
452 2331 545 2372 illos
571 2330 920 2380 similitudinem,
953 2333 1052 2380 ete.;
1081 2331 1219 2381 tertio,

190 2404 449 2453 argumento
478 2401 761 2453 irrefragabili
784 2402 797 2423 ⁹
834 2416 842 2442 :
878 2402 1009 2443 Dixit
1041 2401 1099 2443 acl
1131 2401 1222 2443 dis-

189 2473 354 2526 cipulos
371 2484 484 2524 suos,
506 2476 600 2523 etc.;
624 2475 776 2526 quarto
791 2504 800 2522 ,
823 2472 1030 2525 promisso
1055 2472 1221 2514 deside-

188 2544 338 2593 rabili,
382 2544 439 2584 ihi
461 2544 518 2584 ¹⁰:
550 2545 605 2586 Et
632 2554 703 2585 vos
736 2543 864 2585 nolite
895 2554 1076 2596 qucerere
1115 2544 1222 2596 quid

189 2614 479 2665 manducetis,
512 2617 589 2655 etc.
619 2614 736 2654 Circa
770 2614 1071 2654 documentum
1091 2615 1219 2655 ratio-

188 2686 298 2737 nale,
321 2698 396 2739 per
416 2686 528 2738 quod
560 2689 729 2726 revocat
748 2698 773 2725 a
805 2685 1085 2726 sollicitudine
1118 2698 1218 2727 ava-

188 2757 325 2808 ritiae,
345 2757 424 2798 tria
443 2757 773 2797 introducuntur
797 2771 805 2797 :
831 2757 1019 2809 primum
1039 2760 1099 2797 est
1119 2770 1218 2799 con-

186 2828 338 2868 futatio
371 2828 582 2880 petitionis
613 2827 755 2877 avari3
780 2827 1014 2868 secundum
1047 2831 1108 2868 est
1133 2829 1218 2869 dis-

187 2898 328 2939 suasio
343 2899 546 2948 avaritiae3
559 2898 731 2938 tertium
749 2901 811 2938 est
825 2899 1217 2950 assignatiocausae.

243 2968 388 3009 Primo
408 2969 557 3020 igitur,
584 2972 795 3021 quantum
815 2970 868 3010 ad
890 2970 1220 3011 confutationem

186 3039 400 3092 petitionis
425 3039 541 3080 avari
573 3051 583 3078 ι
613 3041 688 3082 Az'c
715 3044 853 3082 (tutem
887 3042 927 3083 ei
961 3040 1139 3093 quidam
1171 3042 1221 3084 cle

188 3110 313 3154 turba
328 3123 341 3151 .·
363 3111 584 3163 Magister,
609 3110 679 3151 dic
698 3112 836 3163 fratri
855 3122 958 3160 meo,
982 3116 1030 3154 ut
1045 3112 1221 3155 dividat

187 3192 350 3223 mecum
368 3180 673 3223 lecereditatem.
689 3180 795 3222 Vere
813 3182 890 3222 iste
910 3182 1101 3223 deturba
1114 3187 1216 3234 erat,

189 3254 293 3306 quia
311 3254 362 3295 de
388 3256 501 3295 terra
525 3253 728 3294 sollicitus
765 3258 879 3306 erat,
915 3256 1150 3297 secundum
1169 3257 1218 3297 il-

231 3361 241 3381 ¹
266 3360 402 3400 {Joan.,
426 3368 469 3400 ιι,
493 3362 544 3391 27.
567 3376 608 3382 —-
630 3359 641 3378 ²
661 3359 795 3398 Matth„
823 3367 914 3401 xxti,
936 3363 988 3392 40.
1012 3379 1053 3385 —
1073 3363 1086 3384 ³
1112 3364 1219 3404 .Ιοα.η.,

179 3411 248 3446 xv,
271 3409 321 3438 15.
344 3424 383 3430 -
406 3407 420 3429 ¹·
447 3408 472 3438 ΙΙ
503 3407 593 3443 Cor„
618 3414 689 3446 xil,
716 3408 745 3438 4.
767 3423 807 3429 -
831 3408 844 3429 5
864 3408 996 3449 Ezech„
1021 3417 1077 3449 111,
1108 3412 1157 3442 12.
1181 3429 1220 3434 —

189 3454 331 3494 ⁶Apoc.‚
352 3462 375 3494 1,
401 3455 431 3487 9.
451 3472 491 3478 —
511 3454 522 3475 ⁷
548 3454 624 3494 inf„
645 3455 694 3486 35.
717 3471 756 3477 —
776 3454 790 3476 ⁸
811 3454 886 3494 inf„
909 3458 959 3487 16.
978 3474 1019 3479 -
1039 3457 1050 3475 ⁹
1071 3458 1147 3498 inf„
1166 3461 1218 3492 22.

188 3517 230 3525 —-
252 3501 279 3524 10
296 3501 370 3541 inf„
391 3504 443 3533 29.
459 3519 500 3525 --
518 3502 541 3524 11
564 3502 641 3542 lsa„
660 3509 757 3542 xxix,
779 3503 808 3533 4.
822 3518 863 3525 —
882 3502 906 3524 1²
926 3503 1060 3542 Matth„
1076 3512 1149 3544 xm,
1169 3507 1218 3542 16,

190 3549 244 3580 21.
272 3565 311 3571 —
334 3549 360 3571 ¹³
383 3550 468 3590 Oseu,
494 3557 579 3589 xiii,
602 3551 651 3581 15.
672 3566 711 3572 —
742 3549 766 3572 2¹⁹
785 3549 883 3590 Bed.,
907 3550 940 3580 in
964 3551 1052 3590 Luc„
1078 3551 1135 3583 lib.
1162 3552 1218 3597 IV,

938 258 1220 301 EVANGELII
1251 257 1416 299 SANCT
1420 259 1433 298 Ι
1441 228 1444 230 -
1461 257 1610 298 LUCAE

1303 346 1378 387 lud
1417 347 1546 389 Isaioe
1576 347 1637 387 ¹¹:
1663 362 1695 390 ⁴«
1712 346 1768 388 De
1799 348 1934 388 humo
1962 348 2178 401 eloquium
2210 352 2333 390 tuum

1303 418 1556 468 mussitabit,
1583 432 1602 455 ›)
1629 420 1706 458 etc.
1731 418 1884 459 Contra
1904 429 1948 458 se
1977 418 2103 459 etiam
2130 420 2330 473 loqueba-

1301 489 1385 537 tur,
1428 487 1531 527 dum
1569 488 1826 539 Magistrum
1863 500 1964 528 eum
1994 489 2194 541 vocabat,
2231 491 2333 543 quia

1303 556 1491 598 Christus
1511 570 1597 598 non
1617 559 1824 599 fatebatur
1845 571 1888 598 se
1910 558 2164 610 magistrum
2192 560 2236 600 in
2257 561 2330 601 do-

1302 627 1432 668 cendo
1461 629 1709 680 temporalia
1743 629 1904 681 acquiri
1924 631 1964 669 et
1983 629 2138 680 dividi,
2163 631 2233 670 sed
2253 644 2329 683 po-

1302 699 1385 739 tius
1404 699 1655 752 derelinqui.
1687 699 1803 741 Unde
1827 700 2093 758 *adolescenti
2122 702 2332 753 quaerenti

1303 771 1343 809 et
1363 770 1514 810 dicenti
1537 772 1564 795 ¹²
1586 784 1626 811 :«
1639 771 1833 823 Magister
1850 772 1984 821 bone,
2007 771 2108 823 quid
2140 771 2240 811 boni
2271 772 2329 811 fa-

1302 838 1411 879 ciam
1447 842 1494 880 ut
1522 840 1701 881 habeam
1738 841 1869 881 vitam
1909 842 2146 881 aeternam?
2190 855 2209 878 ›>
2252 853 2334 881 res-

1301 910 1449 961 pondit
1480 925 1488 951 :
1518 925 1537 948 «
1564 910 1609 951 Si
1646 911 1712 951 vis
1748 912 1958 964 perfectus
1996 923 2104 960 esse,
2145 911 2252 952 vade
2291 914 2333 952 et

1302 981 1451 1031 vende,
1473 996 1492 1019 >³
1527 984 1604 1022 etc.
1646 981 1763 1023 Unde
1798 982 1988 1023 Christus
2022 994 2108 1022 non
2142 982 2330 1032 docebat,

1302 1064 1388 1105 quo
1409 1052 1532 1092 modo
1552 1056 1782 1105 augeretur
1802 1053 1995 1106 pecunia,
2016 1053 2087 1093 sed
2102 1065 2187 1106 quo
2209 1054 2333 1094 modo

1302 1125 1544 1163 servaretur
1566 1123 1724 1175 inopia.
1746 1123 1897 1164 Contra
1918 1137 1961 1164 se
1979 1124 2106 1164 etiam
2123 1124 2328 1176 loquitur,

1301 1194 1404 1234 dum
1425 1194 1517 1236 vult
1535 1194 1663 1235 dividi
1684 1207 1708 1235 a
1725 1195 1868 1244 fratre,
1887 1195 1954 1235 cui
1971 1195 2094 1235 debet
2108 1194 2330 1247 conjungi.

1302 1264 1504 1306 Veniebat
1542 1268 1684 1305 autem
1726 1266 1818 1306 haec
1861 1266 2042 1319 quaestio
2076 1278 2128 1306 ex
2166 1266 2332 1318 privato

1301 1347 1460 1386 amore,
1482 1336 1556 1388 qui
1575 1336 1723 1377 dividit
1736 1339 1959 1389 conjuncta
1981 1350 1991 1377 t
2013 1337 2128 1390 quod
2144 1337 2332 1378 maxime

1300 1406 1398 1446 facit
1417 1406 1622 1457 diabolus,
1639 1419 1725 1447 non
1739 1407 1958 1449 Dominus.
1979 1409 2106 1450 Oseas
2127 1408 2153 1430 ¹³
2177 1422 2185 1448 z
2211 1408 2332 1461 «Ipse

1299 1476 1409 1517 inter
1427 1478 1576 1518 fratres
1587 1477 1791 1519 dividet.»
1809 1479 1860 1519 Et
1878 1479 2096 1532 quoniam,
2112 1478 2219 1519 sicut
2236 1479 2333 1519 dicit

1299 1547 1411 1588 Beda
1431 1549 1460 1573 ¹⁴
1480 1548 1524 1588 in
1545 1547 1703 1590 Glossa.
1728 1549 1916 1590 Christus
1934 1563 2020 1591 non
2041 1553 2103 1590 est
2124 1550 2233 1590 Deus
2253 1550 2333 1590 dis-

1299 1619 1526 1670 sensionis7
1549 1620 1620 1660 sed
1642 1621 1754 1672 pacis
1775 1633 1823 1660 ac
1843 1621 2016 1660 unitatis
2030 1652 2040 1670 ,
2071 1620 2164 1661 ideo
2184 1621 2332 1660 confu-

1298 1693 1358 1730 tat
1371 1691 1617 1742 petitionem
1628 1691 1891 1742 praedictam,
1906 1703 2003 1731 cum
2017 1690 2158 1731 subdit
2174 1690 2229 1743 (v.
2244 1691 2326 1742 14):

1299 1761 1356 1803 Ac
1375 1761 1446 1802 ille
1477 1761 1599 1804 clioeic
1621 1763 1660 1803 ei
1674 1793 1686 1812 ,
1709 1762 1863 1802 scilicet
1882 1762 2004 1803 Jesus
2028 1776 2036 1802 z
2061 1762 2208 1812 Homo,
2231 1763 2330 1814 quis

1297 1842 1361 1874 me
1381 1833 1831 1885 constituitjudicem,
1857 1836 1933 1875 aui
1953 1833 2178 1876 divisorem
2202 1844 2330 1886 super

1297 1906 1398 1946 vos?
1420 1905 1610 1957 judicem
1639 1905 1792 1946 scilicet
1823 1906 1987 1956 litium,
2020 1908 2060 1946 et
2099 1906 2327 1947 divisorem

1297 1975 1559 2018 facultatum.
1585 1976 1728 2017 Glossa
1749 1989 1759 2017 z
1781 1992 1801 2015 «
1823 1977 2077 2029 Designatur
2094 1988 2182 2017 esse
2194 1977 2328 2029 judex

1296 2047 1450 2098 litium,
1473 2051 1547 2089 aut
1570 2049 1726 2089 arbiter
1745 2048 1993 2089 facultatum
2007 2081 2016 2099 ‚
2033 2048 2107 2100 qui
2127 2047 2328 2089 vivorum

1296 2123 1337 2160 et
1356 2122 1625 2160 mortuorum
1639 2120 1766 2160 habet
1774 2119 2000 2172 Judicium,
2018 2121 2058 2158 et
2075 2118 2327 2159 meritorum

1296 2190 1533 2230 arbitrium,
1570 2189 1730 2231 Verum
1763 2192 1824 2230 est
1852 2189 2020 2241 utique⁷
2043 2190 2150 2229 sicut
2174 2189 2327 2230 dicitur

1296 2261 1340 2300 in
1362 2260 1527 2302 Psalmo
1545 2260 1588 2309 ¹⁵,
1609 2260 1721 2312 quod
1743 2261 1831 2312 ipse
1851 2259 2104 2300 constitutus
2124 2262 2187 2300 est
2211 2275 2230 2298 (ι
2249 2272 2325 2300 rex

1295 2331 1348 2371 ab
1367 2343 1416 2372 eo
1437 2343 1565 2383 super
1579 2330 1682 2371 Sion
1703 2333 1891 2370 montem
1906 2332 2098 2370 sanctum
2111 2332 2204 2383 eJ‘us
2220 2344 2229 2370 :
2246 2345 2265 2367 ›)
2285 2332 2326 2371 et

1294 2403 1401 2456 quod
1418 2407 1446 2429 ¹⁶
1468 2403 1544 2442 «in
1568 2401 1724 2442 ditione
1739 2402 1830 2453 ejus
1851 2404 2001 2442 cuncta
2022 2404 2121 2442 sunt
2135 2402 2282 2454 posita.
2299 2416 2318 2439 »

1295 2473 1375 2515 Sed
1404 2473 1504 2526 quia
1535 2473 1644 2513 Deus
1675 2472 1848 2513 miserat
1876 2484 1978 2513 eum
2011 2473 2064 2513 ad
2093 2472 2326 2525 spiritualia

1293 2545 1668 2596 communicanda,
1702 2545 1796 2585 ideo
1824 2544 2074 2585 descendere
2106 2544 2326 2584 recusabat

1293 2617 1346 2657 ad
1371 2616 1619 2669 temporalia
1645 2615 1891 2666 dividenda,
1920 2615 2141 2655 insinuans
2173 2615 2217 2654 in
2245 2614 2326 2655 hoc

1293 2687 1398 2728 illud
1419 2689 1446 2713 ¹⁷
1469 2702 1478 2727 ι
1507 2685 1680 2727 «Nemo
1709 2686 1896 2726 militans
1924 2685 2033 2736 Deo,
2063 2685 2251 2739 implicat
2281 2698 2325 2727 se

1293 2758 1477 2810 negotiis
1498 2757 1818 2798 saecularibus»
1833 2757 1882 2797 Et
1897 2759 1995 2797 nota
2010 2757 2123 2810 quod
2138 2756 2325 2798 Christus

1293 2832 1414 2871 vocat
1431 2841 1531 2869 eum
1550 2828 1770 2869 hominem
1789 2827 2017 2868 animalem
2037 2831 2078 2868 et
2096 2828 2322 2878 brutalem‚

1293 2902 1463 2953 propter
1483 2911 1672 2940 amorem
1702 2900 1747 2939 in
1775 2899 1975 2949 terrenis,
2005 2901 2045 2939 et
2068 2899 2183 2939 litem
2215 2899 2322 2940 divi-

1293 2971 1435 3012 sionis.
1460 2970 1576 3012 Unde
1599 2971 1651 3011 ¹8:
1681 2970 1822 3011 «Cum
1844 2970 1896 3011 sit
1920 2970 2028 3010 inter
2049 2981 2124 3011 vos
2142 2969 2255 3010 zelus
2283 2972 2324 3010 et

1292 3043 1526 3092 contentio,
1553 3056 1571 3080 ›)
1597 3045 1674 3083 etc.
1709 3041 1758 3082 Et
1786 3041 1832 3081 in
1865 3041 2083 3082 Psalmista
2102 3041 2129 3065 ¹⁹
2153 3055 2161 3081 :
2190 3040 2323 3081 «Filii

1292 3114 1533 3163 hominum,
1545 3124 1767 3165 usquequo
1782 3112 1909 3164 gravi
1924 3112 2073 3152 corde?
2084 3125 2102 3148 ›)
2117 3113 2194 3152 etc.
2205 3111 2323 3153 Unde

1292 3185 1334 3226 in
1347 3186 1427 3226 boc
1440 3184 1667 3225 confutatio
1678 3183 1921 3224 insinuatur
1934 3181 2146 3235 petitionis
2161 3194 2317 3223 avarae.

1346 3255 1560 3307 Secundo,
1585 3256 1793 3308 quantum
1820 3254 1870 3294 ad
1893 3252 2200 3294 dissuasionem
2220 3265 2320 3294 ava-

1292 3396 1322 3419 e.
1349 3394 1425 3418 Lm.
1457 3404 1492 3409 -—
1525 3386 1552 3408 15
1584 3385 1677 3417 Psal.
1709 3392 1753 3425 11,
1784 3385 1813 3416 6.
1842 3399 1882 3406 —
1914 3383 1940 3404 ¹⁶
1969 3383 2081 3424 Esth„
2109 3391 2190 3424 xm,
2222 3385 2253 3415 9.
2284 3401 2322 3407 —

1292 3435 1317 3455 1⁷
1342 3435 1364 3465 11
1391 3434 1485 3472 Tim„
1508 3441 1546 3473 Π,
1569 3434 1597 3464 4;
1622 3449 1658 3454 —
1684 3432 1710 3453 ¹⁸
1734 3433 1741 3461 Ι
1766 3431 1855 3468 Cor„
1877 3437 1934 3469 111,
1955 3432 1984 3462 3.
2005 3448 2046 3453 —
2069 3431 2090 3449 ¹⁹
2111 3430 2201 3462 Psal.
2223 3438 2269 3471 lv,
2291 3432 2321 3462 3.

1336 3505 1382 3545 (a)
1401 3504 1479 3536 Coet.
1503 3502 1684 3535 edz't,·dicit
1703 3501 1892 3534 Matthaeus.
1922 3519 1954 3524 —-
1982 3502 2025 3543 (ὁ)
2056 3502 2213 3535 Ezechias
2230 3511 2321 3534 men-

1291 3552 1377 3583 dose.
