2634 3853
1014 141 1285 183 EXPOSlTlO
1316 142 1370 184 ΙΝ
1400 143 1513 184 CAP.
1544 143 1647 186 XIV.

269 233 475 285 sapientes
494 233 725 274 secundum
746 243 938 283 carnem,
963 242 1050 272 non
1073 231 1193 271 multi
1214 243 1289 283 po-

268 304 418 352 tentes,
448 313 533 342 non
562 303 688 343 multi
718 302 903 343 nobiles:
935 301 1007 341 sed
1036 312 1132 353 quae
1163 300 1289 341 stulta

267 373 365 411 sunt
382 373 550 422 mundi,
581 373 712 424 elegit
736 372 866 422 Deus,
897 374 945 412 ut
975 370 1200 412 confundat
1220 382 1286 411 sa-

266 440 456 493 pientes:
485 444 525 482 et
555 442 724 482 infirma
750 441 897 482 mundi
927 441 1054 492 elegit
1088 440 1219 491 Deus,
1242 444 1289 482 ut

266 512 492 552 confundat
511 513 651 554 fortia:
671 515 711 554 et
726 512 933 564 ignobilia
950 511 1114 559 mundi,
1136 514 1175 551 et
1195 523 1289 552 con-

264 582 512 634 temptibilia
531 583 659 635 elegit
678 583 801 634 DeuS,
824 585 865 623 et
885 594 933 623 ea
953 594 1049 634 quae
1069 593 1154 622 non
1175 584 1286 632 sunt,

264 654 311 692 ut
331 664 380 693 ea
398 665 494 705 quae
513 656 626 703 sunt,
646 654 892 703 destrueret,
913 655 959 693 ut
979 663 1064 692 non
1084 652 1289 703 glorietur

265 722 404 762 omnis
423 734 518 762 caro
538 723 582 763 in
603 725 828 775 conspectu
849 724 954 774 eius.

316 791 410 832 Alio
431 793 555 832 modo
580 792 750 844 legitur,
776 794 823 832 ut
849 794 996 832 sonent
1023 791 1205 831 defectus
1223 792 1287 834 vi-

264 861 410 912 tiosos,
440 864 489 902 ut
520 862 602 902 sint
626 873 852 914 pauperes,
882 863 1051 914 propter
1081 861 1287 902 desectum

265 931 437 982 gratiae3
469 932 636 982 debiles,
670 935 838 984 propter
863 932 1069 972 defectum
1095 932 1284 982 virtutis3

263 1001 364 1043 coecz‘
373 1032 383 1050 ‚
399 1004 568 1054 propter
580 1002 786 1042 defectum
801 1002 1034 1054 prudentiae
1046 1016 1055 1051 ;
1073 1004 1113 1046 et
1125 1002 1285 1051 claudi,

263 1074 434 1125 propter
463 1073 670 1113 defectum
705 1073 826 1113 bonae
859 1072 1098 1113 voluntatis.
1133 1072 1183 1112 Et
1212 1073 1288 1112 hos

262 1141 416 1193 elegit,
447 1144 488 1183 et
515 1135 638 1184 voeat
667 1142 795 1193 Deus,
829 1142 928 1195 quia
958 1143 997 1181 ¹:
1033 1157 1051 1180 α
1074 1141 1166 1182 Non
1190 1142 1288 1182 veni

262 1224 412 1253 vocare
434 1215 588 1265 justos,
610 1214 680 1254 sed
701 1215 951 1265 peccatores.
978 1227 996 1249 ›>
1017 1212 1133 1253 Unde
1153 1215 1194 1253 et
1213 1224 1287 1264 per
1307 1273 1310 1275 ι

262 1277 683 1326 Matthoeumdietum
706 1286 767 1323 est
788 1282 1010 1323 Pharisaeis
1030 1286 1043 1306 “²
1064 1297 1071 1323 :
1105 1298 1122 1320 (ι
1143 1282 1285 1323 Publi-

262 1353 355 1393 cani
372 1355 413 1394 et
431 1354 670 1394 meretrices
691 1353 926 1406 praecedent
945 1364 1020 1394 vos
1041 1353 1085 1393 in
1103 1365 1286 1405 regnum

262 1422 346 1463 Dei.
368 1438 387 1460 ))

315 1493 453 1534 Tertio
485 1493 609 1534 modo
639 1493 818 1545 legitur,
852 1496 899 1534 ut
933 1496 1080 1534 sonent
1105 1494 1287 1534 desectus

261 1563 485 1613 virtuosos,
503 1567 550 1604 ut
565 1564 759 1604 dieantur
773 1574 995 1615 pauperes,
1014 1566 1221 1616 quantum
1236 1565 1287 1604 ad

261 1633 478 1685 propriam
511 1633 843 1685 reputationem,
872 1635 918 1673 ut
951 1633 1043 1674 illos
1075 1634 1286 1686 intelliga-

261 1715 358 1744 mus
378 1715 606 1756 pauperes,
633 1705 706 1756 qui
732 1716 817 1744 non
844 1705 1062 1745 confidunt
1085 1705 1135 1745 de
1155 1705 1288 1746 nimia

260 1774 500 1825 opulentia,
523 1774 572 1814 de
597 1774 750 1826 quibus
776 1775 820 1814 in
847 1775 1111 1817 ΡνουθνὸῖῑεΒ
1138 1790 1146 1816 :
1178 1776 1288 1816 «Est

260 1844 378 1896 quasi
404 1856 586 1897 pauper,
619 1857 716 1884 cum
747 1845 789 1884 in
813 1845 956 1885 multis
981 1845 1139 1886 divitiis
1165 1847 1239 1895 sit3
1263 1861 1281 1883 »

260 1914 352 1955 illos
369 1916 510 1955 autem
528 1915 697 1965 debiles,
714 1915 786 1967 qui
806 1927 891 1956 non
908 1916 1124 1956 confidunt
1142 1917 1191 1957 de
1211 1930 1288 1958 sua

263 1986 419 2029 virtute
438 1986 477 2026 “z
505 2001 524 2025 ε(
548 1987 665 2035 Quod
690 1987 911 2027 infirmum
931 1990 993 2028 est
1012 1987 1081 2027 Dei
1097 2019 1107 2036 ,
1139 1988 1287 2029 fortius

262 2058 323 2096 est
352 2056 622 2106 hominibus3
651 2071 670 2094 ›)
697 2058 816 2106 ececz',
851 2057 929 2109 qui
958 2069 1044 2097 non
1074 2059 1289 2098 confidunt

260 2127 311 2167 de
329 2138 403 2168 sua
424 2127 610 2176 scientia,
629 2127 668 2167 id
690 2130 748 2167 est
768 2128 841 2179 qui
859 2130 1054 2179 reputant
1071 2140 1114 2169 se
1128 2141 1259 2169 caecos
1276 2143 1284 2170 ε

261 2197 371 2237 unde
389 2197 434 2236 in
445 2197 604 2238 Joaune
620 2198 672 2248 (a)
689 2197 701 2218 ⁵
718 2210 757 2238 z«
772 2197 814 2237 Si
836 2198 933 2237 caeci
946 2198 1102 2249 essetis,
1120 2211 1204 2239 non
1219 2200 1289 2240 ha-

260 2266 416 2307 beretis
429 2270 668 2319 peccatum3
692 2279 805 2307 nunc
819 2279 920 2308 vero
935 2268 1068 2308 dicitis
1089 2282 1096 2309 :
1113 2269 1220 2318 Quia
1231 2271 1289 2311 vi-

260 2338 430 2379 demus:
453 2341 669 2391 peceatum
690 2342 880 2383 vestrum
900 2343 1092 2380 manet.»
1111 2340 1283 2391 Claudi,

260 2409 333 2461 qui
360 2421 446 2450 non
466 2410 681 2450 confidunt
700 2411 750 2450 de
777 2423 853 2451 sua
879 2411 1151 2461 rectitudine;
1176 2413 1287 2453 unde

259 2479 405 2529 Jacob,
436 2483 661 2532 postquam
693 2481 796 2521 vidit
821 2481 1071 2532 Dominum,
1103 2483 1255 2523 dicitur
1274 2483 1287 2503 ⁶

260 2550 529 2591 claudicasse.
559 2551 678 2592 Tales
702 2552 929 2592 introducit
956 2553 1179 2604 Dominus⁷
1209 2553 1287 2593 sci-

259 2621 354 2662 licet
387 2631 595 2674 pauperes
609 2654 621 2671 ,
664 2634 738 2673 per
782 2624 1070 2674 contemptum
1107 2626 1287 2664 terrenae

260 2692 538 2745 opulentiae⁷z
571 2707 589 2729 α
612 2691 758 2732 Parcet
789 2693 963 2745 pauperi
984 2696 1024 2733 et
1050 2694 1162 2746 inopi
1177 2709 1186 2744 3
1217 2694 1287 2736 de-

260 2764 373 2808 biles,
389 2775 463 2816 per
477 2765 763 2815 contemptum
778 2763 959 2816 propriae
971 2765 1234 2806 confidentiae
1249 2769 1283 2806 ⁸:

264 2848 283 2871 (ι
302 2833 381 2882 Qui
402 2836 571 2885 sperant
589 2833 634 2872 in
654 2832 847 2883 Domino,
876 2835 1101 2875 mutabunt
1120 2836 1287 2876 fortitu-

258 2904 422 2953 dinem;
455 2917 473 2941 ›)
499 2913 645 2954 coecos,
683 2915 759 2956 par
788 2906 1076 2957 contemptum
1102 2907 1285 2958 propriae

259 2973 478 3014 industriae
492 2975 525 3014 ⁹:
546 2989 565 3013 (ι
581 2973 627 3013 In
644 2974 850 3025 judicium
868 2986 950 3026 ego
969 2975 1014 3015 in
1033 2975 1146 3016 hunc
1165 2989 1286 3017 mun-

259 3044 362 3084 dum
380 3045 493 3095 veni,
513 3046 561 3085 ut
574 3044 646 3096 qui
669 3056 754 3084 non
774 3044 932 3095 vident,
955 3045 1145 3097 videant,
1164 3062 1183 3084 »
1204 3049 1282 3088 etc.

261 3113 459 3165 Claudos,
471 3126 544 3166 per
555 3125 628 3154 con
634 3116 841 3167 temptum
853 3116 1033 3168 propriae
1043 3117 1058 3168 j
1067 3117 1220 3159 ustitiee
1233 3119 1279 3157 10:

301 3219 310 3239 1
335 3195 469 3255 Mania,
498 3227 552 3257 lx,
586 3221 634 3250 13.
665 3237 705 3242 —
731 3220 741 3237 2
769 3219 865 3260 nna,
893 3229 968 3258 xm,
1001 3222 1049 3254 31.
1074 3240 1109 3244 -
1134 3223 1146 3243 ³
1172 3223 1283 3263 psov„

259 3272 336 3302 xm,
357 3267 387 3296 7.
408 3283 447 3288 --
465 3265 478 3286 b
498 3267 509 3296 l
530 3266 618 3304 Coie,
640 3275 662 3305 1,
681 3269 733 3298 25.
754 3283 790 3289 w·-
807 3268 817 3285 ⁵
835 3268 1009 3308 Joan.‚1x‚
1031 3270 1083 3300 41.
1099 3286 1138 3291 —
1159 3270 1169 3287 Β
1188 3270 1282 3310 Gen„

259 3318 373 3351 xxx11,
400 3313 450 3342 31.
470 3328 512 3334 —
539 3312 549 3332 ⁷
578 3313 665 3344 Psal.
696 3321 795 3352 Lxx1,
821 3316 868 3344 13.
889 3331 928 3337 —
952 3315 965 3335 8
986 3315 1062 3354 Isa„
1086 3324 1147 3356 XL,
1173 3317 1223 3347 31.
1245 3333 1283 3339 —

258 3357 270 3375 ⁴³
286 3358 394 3395 ιΙοανι.,
410 3366 459 3398 ix,
476 3360 526 3389 39.
548 3376 586 3380 —
605 3359 632 3381 10
652 3361 730 3399 Iso„
751 3368 853 3398 xxm,
875 3363 904 3391 6.
926 3378 964 3384 —·
984 3362 1007 3382 1¹
1031 3364 1124 3402 sup„
1149 3370 1207 3401 vn,
1228 3364 1280 3393 22.

258 3418 298 3425 --
317 3404 344 3425 12
369 3404 450 3443 ch„
470 3411 516 3444 ιν,
537 3407 566 3436 6.
589 3422 625 3427 -
649 3406 676 3427 13
700 3406 805 3438 Gloss.
828 3407 863 3438 in
886 3407 978 3439 hunc
1001 3408 1079 3448 loc.,
1101 3418 1141 3440 ex
1166 3411 1279 3449 Greg„

2309 159 2386 199 619

1371 246 1389 270 α
1405 231 1522 273 Tunc
1541 233 1658 275 saliet
1679 236 1787 277 sicut
1806 249 1956 281 cervus
1975 241 2161 292 clauduS,
2183 245 2224 283 et
2242 248 2386 297 aperta

1364 302 1443 342 erit
1467 302 1618 354 lingua
1643 309 1875 350 mutorum.
1897 325 1916 347 »
1943 310 1992 350 Et
2013 324 2089 363 pro
2114 313 2165 353 iis
2190 316 2385 358 omnibus

1363 371 1514 412 dicitur
1535 385 1662 426 supra
1682 376 1706 397 1¹
1731 391 1739 416 ;
1768 392 1786 415 (ι
1801 378 1905 419 Caeci
1931 380 2094 430 vident,
2127 383 2262 424 claudi
2291 398 2384 426 am-

1363 441 1529 492 bulant,
1560 444 1710 496 leprosi
1741 449 2016 500 mundantur,
2040 452 2156 491 surdi
2185 453 2382 507 audiunt,

1363 512 1519 552 mortui
1558 520 1809 568 resurgunt,
1846 532 2051 571 pauperes
2088 524 2385 574 evangelizan-

1354 583 1431 621 tur
1452 595 1462 621 :
1484 596 1503 620 υ
1526 583 1625 635 quia
1645 585 1724 637 ipsi
1745 587 1796 627 ad
1822 589 1953 629 vitam
1979 591 2321 645 introducuntur,
2346 599 2386 637 et

1363 655 1592 693 vocantur:
1617 657 1656 694 et
1678 656 1746 696 hic
1765 657 1938 699 ultimus
1962 661 2197 702 intellectus
2219 664 2386 706 videtur

1363 724 1501 774 magis
1515 736 1720 766 consonus
1737 730 2082 781 praecedentibus,
2096 733 2196 784 quia
2210 735 2264 772 ¹2«
2276 735 2386 777 Deus

1362 794 1552 845 superbis
1576 796 1743 836 resistit.
1763 812 1781 834 r>

1416 863 1606 905 Secundo
1624 897 1633 914 ‚
1656 870 1864 919 quantum
1883 871 1935 910 ad
1959 872 2290 924 compulsionem
2313 888 2384 917 ne-

1362 933 1420 984 gli
1428 936 1650 985 gentium,
1678 949 1774 989 quae
1802 940 1993 991 sequitur
2012 943 2274 985 vocationem
2302 946 2384 988 hu-

1363 1003 1549 1055 milium,
1578 1005 1805 1059 subditur(
1826 1021 1866 1049 v.
1892 1012 1971 1061 22)
2003 1011 2084 1053 :Et
2112 1013 2176 1054 ait
2198 1023 2343 1057 servus
2366 1032 2381 1058 .-

1363 1075 1551 1125 Domz'ne,
1575 1076 1736 1125 tetecum
1756 1082 1817 1120 esc
1848 1083 1895 1121 uc
1922 1081 2143 1132 imperasti
2157 1115 2169 1133 ,
2191 1087 2227 1126 ec
2245 1086 2384 1128 adhuc

1362 1143 1473 1185 loeus
1494 1148 1555 1187 est
1577 1157 1589 1185 .·
1610 1147 1709 1198 quia
1729 1159 1813 1187 non
1836 1150 1898 1189 tot
1926 1153 2023 1190 sunt
2051 1152 2254 1205 humiles,
2283 1160 2385 1209 quot

1361 1214 1643 1265 praedestinati
1663 1217 1715 1257 ad
1735 1218 1888 1269 vitam3
1911 1232 1987 1260 nec
2016 1223 2078 1262 tot
2109 1226 2207 1264 sunt
2241 1226 2292 1266 ad
2318 1227 2381 1269 vi-

1361 1285 1444 1322 tam
1479 1287 1681 1326 aeternam
1714 1287 1958 1340 voluntarii,
1988 1294 2091 1343 quot
2119 1297 2216 1334 sunt
2244 1307 2269 1335 a
2300 1296 2383 1338 Deo

1361 1354 1657 1405 praedestinati.
1691 1357 1786 1399 Ideo
1819 1360 1959 1400 subdit
1991 1361 2068 1414 (v.
2103 1364 2176 1415 23)
2203 1378 2211 1405 :
2245 1365 2300 1409 Ec
2319 1367 2383 1409 ait

1361 1426 1564 1467 Dominus
1573 1437 1716 1469 servo:
1733 1429 1823 1470 Exi
1836 1431 1884 1471 iu
1897 1432 1992 1473 vias
2007 1436 2045 1474 ec
2056 1443 2184 1485 sepes.
2203 1435 2283 1476 Per
2293 1437 2384 1478 vias

1362 1499 1401 1536 et
1418 1507 1555 1549 sepes,
1577 1511 1673 1550 quae
1692 1503 1789 1540 sunt
1807 1504 1925 1542 extra
1942 1504 2091 1544 urbem
2109 1537 2119 1555 ,
2141 1506 2383 1558 intelligun-

1362 1569 1430 1606 tur
1448 1570 1683 1619 peccatores
1702 1571 1775 1622 qui
1805 1574 1903 1611 sunt
1934 1575 2052 1614 extra
2071 1574 2266 1617 Ecclesiae
2286 1579 2381 1618 uni-

1361 1640 1488 1678 tatem
1513 1671 1522 1689 ,
1558 1642 1598 1679 et
1627 1641 1811 1682 maxime
1842 1643 2033 1694 gentiles.
2069 1644 2185 1686 Unde
2220 1646 2380 1700 Grego-

1361 1709 1448 1748 rius
1480 1710 1509 1732 ¹³
1544 1723 1589 1750 :a
1619 1710 1723 1751 Cum
1761 1711 1811 1751 de
1844 1713 1948 1753 vicis
1977 1716 2017 1753 et
2048 1715 2195 1766 plateis
2226 1721 2379 1770 vocat,

1360 1778 1380 1818 J
1385 1779 1528 1820 udaeos
1562 1780 1770 1832 significat
1789 1813 1801 1832 ,
1840 1784 1912 1834 qui
1950 1786 2091 1825 tenere
2126 1786 2267 1837 legem
2303 1790 2381 1829 sub

1361 1850 1523 1889 urbana
1541 1853 1855 1892 conversatione
1872 1856 2100 1905 noverant3
2123 1867 2219 1896 cum
2239 1860 2381 1899 autem

1361 1918 1410 1959 de
1432 1919 1512 1959 viis
1533 1922 1572 1959 et
1595 1920 1763 1973 sepibus
1782 1925 1925 1973 vocat,
1945 1927 2156 1975 agrestem
2176 1928 2381 1979 populum

1361 1990 1556 2041 gentium
1577 1990 1799 2041 significat.
1822 2008 1841 2029 n
1866 1993 1916 2033 Et
1948 2006 2022 2046 per
2055 1995 2162 2035 hanc
2191 1998 2381 2038 eamdem

1360 2060 1565 2100 rationem
1584 2061 1724 2101 caeteri
1741 2064 1974 2113 peccatores
1992 2068 2167 2116 possunt
2179 2066 2379 2119 intelligi,

1360 2132 1400 2169 et
1420 2130 1604 2171 maxime
1626 2131 1765 2182 pigri,
1787 2133 1858 2184 qui
1890 2133 1940 2173 ad
1969 2134 2129 2174 bonum
2157 2136 2382 2179 trahuntur

1361 2200 1498 2240 inviti.
1535 2200 1650 2241 Unde
1682 2202 1823 2242 subdit
1852 2215 1861 2242 :
1892 2203 1945 2245 Ec
1973 2205 2164 2256 compelle
2195 2207 2380 2259 intrare,

1361 2270 1685 2310 comminatione
1706 2272 1862 2312 scilicet
1884 2275 2141 2314 aeternorum
2158 2278 2382 2329 supplicio-

1360 2352 1478 2391 rum,
1502 2343 1543 2380 et
1563 2342 1800 2382 ostensione
1819 2345 2115 2395 praesentium,
2135 2346 2256 2398 quia,
2278 2347 2385 2389 sicut

1360 2411 1458 2450 dicit
1478 2409 1705 2462 Gregorius
1730 2426 1739 2453 ε
1769 2412 1913 2453 «Mala
1942 2426 2038 2465 quae
2072 2427 2147 2455 nos
2176 2416 2244 2456 hic
2274 2429 2384 2458 com-

1358 2480 1574 2532 primunt,
1598 2481 1650 2522 ad
1671 2481 1803 2522 Deum
1823 2483 1884 2523 ire
1910 2484 2181 2536 compellunt.
2203 2499 2222 2523 »
2250 2486 2381 2540 Prop-

1359 2554 1421 2590 ter
1437 2551 1550 2602 quod
1572 2552 1615 2590 in
1634 2552 1797 2594 Psalmo
1819 2553 1845 2574 ¹¹*
1868 2565 1877 2593 :
1897 2568 1916 2591 α
1936 2553 2040 2594 Cum
2060 2555 2263 2596 occideret
2282 2569 2353 2598 eos
2367 2590 2379 2607 ‚

1358 2622 1606 2672 quaerebant
1638 2634 1750 2663 eum.
1784 2637 1803 2659 ›>
1840 2622 1955 2663 Unde
1986 2624 2064 2664 hos
2095 2626 2302 2678 compellit
2332 2627 2380 2679 (b)

1359 2703 1505 2733 servus
1526 2691 1617 2742 Dei,
1641 2692 1808 2744 quando
1828 2704 1898 2733 eos
1915 2696 2041 2733 terret
2056 2695 2380 2737 comminatione

1359 2761 1591 2802 severitatis
1607 2761 1774 2813 Judicii,
1797 2763 2029 2803 secundum
2046 2763 2149 2805 illud
2172 2766 2199 2787 1⁵
2220 2777 2259 2805 z«
2274 2765 2381 2807 Prae-

1358 2833 1448 2873 dica
1474 2833 1675 2882 verbum,
1704 2833 1814 2872 insta
1847 2836 2094 2886 opportune,
2115 2835 2378 2888 importune,

1358 2916 1517 2955 argue,
1540 2903 1729 2953 obsecra,
1752 2903 1942 2956 increpa,
1966 2919 1985 2941 »
2008 2906 2085 2944 etc.
2109 2905 2160 2945 Et
2179 2906 2285 2947 ratio
2304 2907 2381 2948 hu-

1352 2976 1425 3026 jus
1455 2976 1516 3014 est
1547 2972 1903 3024 complementum
1937 2974 2105 3014 numeri
2134 2976 2376 3017 electorum.

1359 3043 1474 3083 Unde
1521 3042 1660 3083 subdit
1697 3056 1705 3082 :
1749 3042 1797 3083 Ut
1828 3043 2056 3094 impleatur
2091 3044 2238 3087 domus
2269 3057 2374 3089 mea.

1357 3114 1500 3155 Glossa
1527 3113 1555 3135 1⁶
1577 3128 1584 3153 :
1618 3128 1636 3151 a
1656 3113 1842 3153 Numero
1861 3115 2255 3166 praedestinatorum
2274 3117 2378 3158 fide-

1356 3186 1483 3235 lium,
1503 3198 1522 3222 »
1547 3183 1621 3236 qui
1640 3194 1847 3224 numerus
1865 3184 2102 3237 inexpletus
2130 3198 2217 3227 non
2244 3198 2378 3228 rema-

1356 3297 1389 3327 z'n
1410 3297 1549 3336 Evauy„
1569 3296 1661 3325 honi.
1682 3302 1798 3333 xxxvi,
1817 3304 1850 3326 n.
1873 3297 1903 3326 8.
1920 3313 1954 3317 ——
1972 3297 1998 3318 1‘·
2017 3297 2105 3329 Psal.
2128 3305 2261 3337 Lxxvn,
2282 3298 2374 3330 34.-

1359 3344 1381 3364 15
1402 3344 1428 3374 ll
1454 3342 1548 3382 Tim„
1570 3349 1615 3382 iv,
1635 3343 1666 3372 2,
1685 3358 1724 3364 -
1744 3342 1770 3362 1⁰
1791 3341 1898 3372 Gloss.
1919 3342 2065 3373 interlin.
2085 3342 2120 3373 in
2138 3343 2229 3375 hunc
2248 3344 2311 3376 loc.

1398 3406 1438 3446 (a)
1462 3406 1540 3438 Caet.
1561 3405 1642 3436 edit.
1662 3406 1820 3436 Joannes.
1836 3421 1874 3427 —-
1893 3405 1939 3446 (b)
1962 3406 2132 3445 compulit,

2428 1530 2516 1559 Senes

2402 1568 2482 1602 quid.
