2634 3853
1050 173 1322 216 EXPOSITIO
1352 174 1404 218 IN
1433 174 1548 217 CAP.
1577 174 1625 216 V.

295 271 379 311 tem
399 265 663 319 multiplicat.
683 278 703 303 n
729 263 850 306 Tales
869 264 969 306 sunt
987 275 1096 306 vane
1116 263 1310 316 glorIosi,

294 339 367 392 qui
386 339 562 391 pascunt
579 337 756 378 ventum
774 334 1002 376 mundanae
1019 333 1231 376 vanitatis.

347 407 540 449 Secundo
581 408 724 447 autem
767 405 1000 446 ostenditur
1043 404 1224 456 perfecta
1262 417 1315 445 ex

293 480 412 532 parte
439 477 561 518 liberi
586 477 748 518 arbitrii
768 475 1078 524 consentientis,
1101 474 1313 527 obtempe-

293 550 440 599 rando,
462 560 561 590 cum
588 548 812 589 subditur:
843 547 896 588 Ec
915 546 1078 588 relictis
1105 545 1313 596 omnibus,

293 630 485 673 surgens,
503 623 671 662 secutus
695 622 877 661 osteum.
901 617 949 657 In
965 629 1050 670 quo
1069 617 1316 669 designatur

293 691 500 744 perfectus
522 700 750 731 consensus
768 687 891 729 liberi
911 687 1087 738 arbitrii,
1118 689 1158 728 et
1178 688 1316 740 quoad

292 774 505 803 recessum
545 774 570 802 a
616 762 748 812 malo,
788 763 827 801 et
873 760 1107 813 profectum
1152 760 1227 811 (a)
1270 759 1316 799 in

292 833 418 883 bono,
438 835 479 874 et
495 831 906 873 consummationem
923 831 968 871 in
987 832 1097 870 statu
1115 829 1313 882 perfecto.

293 903 390 944 Ideo
422 903 593 953 dicitur,
630 902 742 955 quod
779 901 922 942 omnia
957 900 1151 953 reliquit,
1203 900 1317 953 quod

291 974 490 1025 surrexit,
515 976 557 1014 et
576 973 688 1027 quod
716 972 931 1014 Christum
961 975 1128 1013 secutus
1157 974 1239 1021 est,
1270 972 1318 1011 ut

291 1047 431 1098 posset
466 1044 602 1086 dicere
632 1043 736 1084 illud
766 1042 906 1083 Petri1
938 1054 948 1083 :
978 1057 997 1081 (ι
1017 1041 1120 1082 Ecce
1151 1053 1229 1083 nos
1248 1053 1314 1082 re-

291 1116 494 1169 liquimus
527 1115 696 1165 omnia,
731 1116 771 1155 et
795 1113 926 1155 secuti
953 1125 1100 1154 sumus
1134 1115 1189 1153 te.
1211 1128 1230 1151 ›)
1268 1112 1318 1153 Et

292 1186 373 1227 hoc
393 1188 469 1237 est,
501 1186 616 1239 quod
648 1186 843 1227 hortatur
872 1183 1125 1237 Apostolus²
1148 1197 1157 1224 :
1201 1198 1221 1223 α
1240 1183 1315 1224 De-

292 1259 498 1310 ponentes
525 1268 655 1314 omne
669 1256 835 1309 pondus
846 1286 858 1306 ,
884 1258 925 1296 et
944 1255 1222 1295 circumstans
1240 1266 1318 1296 nos

292 1329 534 1379 peccatum,
556 1338 630 1379 per
651 1326 897 1379 patientiam
928 1336 1169 1375 curramus,
1187 1340 1206 1363 n
1238 1328 1316 1366 etc.

292 1396 344 1437 Et
368 1398 468 1437 nota
498 1396 611 1449 quod
636 1396 716 1437 sub
748 1396 828 1436 ista
853 1395 1146 1436 distributione
1179 1395 1320 1436 inclu-

293 1467 452 1509 duntur
476 1467 618 1508 omnia
653 1478 750 1520 quae
778 1466 1014 1519 impediunt
1048 1466 1101 1507 ad
1132 1466 1233 1516 hoc,
1272 1469 1320 1506 ut

294 1537 423 1579 homo
463 1538 641 1591 perfecte
684 1537 898 1578 Christum
947 1539 1171 1589 sequatur,
1223 1549 1319 1590 quae

2330 185 2404 223 347

1389 265 1518 305 tatem
1553 275 1707 306 meam.
1744 279 1764 304 ))
1800 265 2009 319 Septimo,
2047 267 2210 319 puerile
2248 269 2410 311 deside-⁶

1389 335 1503 376 rium
1523 335 1551 357 ¹2
1574 347 1614 376 ια
1632 335 1868 389 Relinquite
1888 337 2123 387 infantiam,
2153 340 2193 377 et
2217 339 2363 390 vivite,
2382 355 2402 378 »

1390 408 1466 446 etc.
1490 406 1568 455 Qui
1594 407 1687 448 haec
1721 408 1864 448 omnia
1894 407 2120 460 relinquit,
2155 408 2224 449 ille
2245 412 2306 450 est
2337 412 2410 463 qui

1390 476 1497 516 bene
1532 477 1695 529 surgit3
1733 478 1806 530 qui
1832 478 2077 530 designatur
2116 490 2192 531 per
2229 478 2410 521 Paulum

1391 557 1657 598 conversum,
1671 547 1721 588 de
1739 560 1823 601 quo
1837 549 1864 570 ¹³
1885 563 1925 589 :(‹
1939 547 2132 589 Surrexit
2154 550 2295 589 autem
2310 549 2411 592 Sau-

1389 615 1456 656 lus
1467 616 1513 668 (c)
1531 616 1582 657 de
1605 620 1732 668 terra,
1749 619 1988 672 apertisque
2005 620 2158 669 oculiS,
2173 620 2280 660 nihil
2295 621 2412 663 vide-

1389 685 1460 726 bat
1482 700 1491 726 :
1515 700 1534 724 n
1558 688 1659 740 quia
1686 689 1848 730 homini
1876 691 1925 730 ad
1949 691 2162 732 Christum
2193 704 2410 743 converso,

1390 759 1431 796 et
1454 756 1546 797 luce
1574 759 1665 810 ejus
1698 759 1947 810 illuminato,
1981 761 2089 801 nihil
2128 762 2297 803 videtur
2325 774 2414 803 esse

1390 829 1623 870 terrenum.
1645 829 1672 851 1¹·
1697 844 1716 867 ((
1738 828 1879 881 Surge
1901 831 1975 883 qui
1995 831 2165 882 dormis,
2189 835 2229 873 et
2248 844 2414 885 exurge

1391 912 1416 941 a
1434 901 1628 952 mortuis,
1662 903 1702 942 et
1729 901 1985 943 illuminabit
2011 905 2051 943 te
2082 903 2284 945 Christus.
2312 919 2331 942 »
2364 904 2416 946 Et

1391 971 1463 1023 qui
1498 971 1557 1012 sic
1584 971 1805 1024 expeditus
1840 973 1991 1024 surgit,
2026 976 2162 1026 potest
2189 986 2263 1026 per
2297 975 2415 1017 viam

1391 1042 1657 1095 perfectionis
1687 1043 1829 1096 sequi,
1873 1046 1922 1084 ut
1963 1045 2093 1096 possit
2135 1045 2272 1086 dicere
2312 1046 2417 1087 illud

1390 1112 1501 1155 Job¹5
1518 1123 1557 1152 t«
1577 1112 1763 1164 Vestigia
1781 1115 1874 1165 ejus
1887 1116 2053 1155 secutus
2075 1117 2135 1156 est
2151 1126 2224 1168 pes
2239 1127 2374 1157 meus.
2390 1131 2409 1154 i>

1392 1183 1442 1225 Et
1461 1183 1659 1224 velociter
1690 1184 1782 1224 haec
1816 1184 1931 1235 fecit3
1969 1185 2124 1226 sciebat
2152 1185 2281 1235 enim,
2304 1187 2416 1239 quod

1392 1254 1535 1295 nocuit
1564 1254 1734 1295 differre
1762 1255 1931 1307 paratis.
1953 1254 2071 1296 Unde
2096 1256 2264 1296 nolebat
2282 1256 2417 1297 facere

1393 1328 1538 1366 contra
1571 1325 1675 1366 illud
1710 1326 2027 1368 proverbiorum
2051 1326 2079 1348 ¹⁶
2101 1340 2114 1366 .·
2147 1342 2166 1365 «
2195 1326 2278 1367 Nec
2305 1327 2417 1368 dicas

1394 1396 1528 1436 amico
1547 1398 1621 1436 tuo
1641 1409 1650 1436 z
1675 1395 1803 1446 Vade,
1827 1399 1867 1436 et
1895 1398 2120 1447 revertere,
2142 1398 2183 1437 et
2202 1408 2292 1437 cras
2310 1397 2418 1438 dabo

1392 1467 1485 1516 tibi,
1514 1479 1612 1507 cum
1642 1466 1783 1506 statim
1814 1466 1947 1519 possis
1978 1467 2091 1507 dare.
2119 1480 2138 1504 >³
2176 1466 2419 1508 Secundum

1393 1537 1498 1578 illud
1519 1536 1879 1579 Proverbiorum¹⁷
1894 1549 1908 1578 .·
1935 1537 2116 1578 «Vidisti
2135 1537 2278 1579 virum
2301 1538 2416 1580 velo-

146 1616 276 1691 ἱὲεριὲιὲἰηι
296 1610 396 1648 sunt
424 1611 583 1660 septem
606 1619 616 1648 z
650 1607 866 1648 criminale
897 1607 1136 1659 flagitium,
1170 1618 1317 1660 corpo-

135 1696 276 1725 mentaad
295 1678 382 1719 rale
409 1678 629 1730 solatium,
671 1678 902 1732 temporale
940 1678 1188 1730 negotium,
1221 1689 1318 1732 par-

141 1738 267 1773 P‘fff‘ffi‘e
296 1748 469 1790 ticulare
497 1749 702 1802 litigium,
723 1750 926 1803 populare
950 1750 1231 1801 consortium,
1253 1763 1322 1804 pa-

154 1779 255 1806 Chris-

134 1822 196 1847 tum
226 1820 450 1860 se-ternale
488 1820 742 1873 hospitium,
783 1823 823 1861 et
852 1821 1014 1874 puerile
1050 1821 1318 1862 desiderium.

1395 1620 1486 1648 cem
1512 1608 1558 1648 in
1578 1619 1703 1660 opere
1723 1609 1831 1648 suo?
1853 1607 2002 1648 Coram
2026 1608 2203 1660 regibus
2225 1608 2363 1649 stabit.
2394 1623 2414 1646 ι)

1447 1678 1749 1720 Verumtamen
1777 1679 1847 1719 hic
1874 1679 2018 1730 arguit
2037 1692 2136 1720 eum
2158 1680 2420 1733 Porphyrius

1394 1750 1645 1800 haereticus,
1685 1749 1787 1802 quia
1826 1749 1967 1789 statim
2002 1750 2092 1790 sine
2122 1750 2420 1792 deliberatione

1396 1822 1561 1860 secutus
1581 1821 1642 1860 est
1658 1819 1899 1870 Dominum,
1929 1822 2135 1872 tanquam
2165 1820 2333 1861 stultus.
2356 1822 2420 1864 Ad

135 1902 216 1928 dum.

166 1868 260 1895 quen*
293 1889 632 1943 Relinquendum
678 1894 741 1932 est
786 1892 1004 1932 criminale
1040 1891 1280 1943 flagitium³
1309 1906 1318 1932 ι

299 1974 318 2000 ε
338 1960 417 2010 Qui
436 1962 649 2003 abscondit
665 1962 819 2004 scelera
835 1975 926 2014 sua,
940 1974 1026 2003 non
1046 1962 1269 2014 dirigetur.
1287 1977 1305 2000 ι,

294 2032 507 2085 Secundo,
555 2034 769 2087 corporale
811 2034 1032 2085 solatium,
1083 2034 1189 2075 sicut
1235 2034 1312 2075 To-

293 2103 384 2144 bias
394 2104 442 2157 (b)
457 2108 470 2129 ¹·
490 2116 530 2146 :a
543 2104 795 2158 Relinquens
806 2104 1229 2158 prandium,jeJunus
1244 2117 1316 2147 ve-

293 2174 356 2215 nit
375 2174 428 2215 ad
444 2186 611 2228 corpus,
626 2189 645 2213 ι)
669 2177 748 2217 etc.
764 2175 917 2228 Tertio,
940 2177 1170 2229 temporale
1190 2189 1320 2229 nego-

293 2244 419 2295 tium,
435 2244 542 2285 sicut
555 2245 709 2298 Joseph
721 2246 895 2298 pallium
914 2246 959 2287 in
980 2258 1113 2287 manu
1130 2246 1322 2288 mulieris

294 2315 546 2368 aegyptiacae
560 2317 573 2338 ³
597 2327 637 2355 ια
655 2316 734 2364 Qui
749 2317 892 2360 relicto
912 2318 957 2358 in
976 2329 1107 2358 manu
1121 2320 1213 2370 eJ'us
1232 2318 1321 2370 pal-

293 2385 366 2436 lio,
390 2386 518 2438 fugit.
540 2399 558 2423 »
580 2386 644 2427 Sic
668 2387 842 2427 Elisaeus
857 2392 886 2437 ⁶,
907 2388 1036 2428 boves
1056 2391 1096 2429 et
1115 2391 1318 2429 aratrum.

297 2455 365 2496 Sic
389 2457 565 2508 apostoli
594 2457 713 2506 retia,
743 2457 850 2498 sicut
880 2457 1052 2499 dicitur⁷
1076 2472 1085 2499 z
1115 2473 1134 2497 ε(
1153 2458 1322 2499 Relictis

295 2526 469 2577 retibus,
491 2528 622 2568 secuti
641 2530 739 2568 sunt
760 2540 873 2568 eum.
898 2542 917 2565 ))

348 2595 428 2637 Per
467 2598 573 2638 retia
617 2600 728 2639 recte
775 2598 1079 2650 intelliguntur
1124 2601 1292 2640 terrena
1308 2630 1319 2650 ,

295 2668 396 2720 quia
423 2672 437 2693 ⁸
465 2682 484 2707 α
505 2669 579 2721 qui
599 2668 748 2711 volunt
772 2669 921 2710 divites
940 2669 1046 2721 fieri,
1068 2669 1259 2710 incidunt
1277 2670 1322 2710 in

294 2739 584 2790 tentationem,
625 2755 644 2777 ι)
684 2742 760 2780 etc.
798 2739 955 2789 Quarto
994 2739 1322 2793 relinquendum

295 2812 358 2850 est
376 2810 626 2862 particulare
647 2810 864 2862 ligitium⁹
894 2823 903 2851 :
941 2825 960 2849 «
988 2810 1193 2864 Relinque
1219 2824 1322 2864 pro-

294 2879 412 2920 ximo
431 2882 504 2921 tuo
525 2880 692 2920 nocenti
712 2883 775 2931 te3
800 2883 840 2921 et
860 2884 960 2921 tunc
987 2881 1226 2934 deprecanti
1247 2882 1322 2922 tibi

294 2953 462 3003 peccata
488 2951 720 2992 solventur.
745 2964 765 2988 ))
802 2951 969 3002 Quinto,
999 2952 1202 3004 populare
1229 2964 1323 2993 con-

296 3022 516 3063 sortium¹⁰
539 3037 575 3064 :a
598 3023 834 3076 Relinquite
853 3023 1055 3074 civitateS,
1079 3026 1119 3064 et
1138 3023 1322 3065 habitate

296 3090 340 3131 in
370 3095 501 3144 petra.
528 3108 547 3132 n
579 3094 727 3145 Sexto,
768 3093 980 3146 pateruaie
1008 3094 1239 3146 hospitium
1257 3095 1283 3116 ¹¹
1308 3106 1318 3135 :

305 3161 506 3214 «Reliqui
528 3165 703 3205 domum
724 3177 879 3215 meam,
908 3167 948 3205 et
976 3165 1115 3205 dimisi
1141 3165 1321 3206 haeredi-

339 3268 350 3288 1
374 3268 506 3309 Matth„
536 3279 614 3310 XIX,
641 3273 692 3303 27.
717 3289 756 3295 —
785 3274 798 3293 ‘2
818 3272 931 3313 Helm,
958 3281 1027 3311 ΧΠ,
1058 3276 1086 3305 l.
1115 3290 1152 3295 -
1173 3275 1184 3294 2
1210 3274 1321 3312 Prov„

298 3321 426 3353 xxviii,
449 3318 498 3347 13.
518 3334 558 3340 —
583 3319 596 3340 ὅ
617 3318 707 3357 Tob.‚
734 3327 776 3358 11,
800 3321 828 3350 3.
851 3336 892 3342 —
912 3320 925 3341 5
947 3320 1040 3358 Gen„
1060 3322 1258 3358 xxxix,12.
1281 3336 1322 3343 —-

299 3360 373 3391 ⁶111
401 3362 491 3404 Κεφ,
515 3371 596 3402 xlx,
616 3367 668 3397 20.
690 3383 728 3388 —
749 3367 758 3385 ⁷
778 3366 916 3407 Mattlae„
944 3375 991 3407 lv,
1019 3370 1068 3399 20.
1089 3385 1129 3390 —
1153 3367 1167 3389 ⁸
1194 3367 1205 3398 l
1226 3367 1320 3407 Tim„

298 3414 351 3446 V1,
372 3409 403 3439 9.
425 3424 464 3430 —
482 3410 493 3428 ⁹
513 3410 632 3450 Ecclz'.,
655 3420 784 3452 xxviii,
807 3415 838 3444 2.
857 3431 899 3437 —-
926 3415 950 3433 ²⁰
968 3415 1098 3451 Jerem„
1122 3422 1246 3453 vaui,
1268 3415 1320 3444 28.

298 3471 339 3478 -
362 3455 386 3476 ¹¹
400 3454 499 3496 ibid„
520 3464 587 3497 xii,
605 3460 636 3489 7.
657 3475 696 3482 --
722 3460 743 3478 ¹²
762 3460 873 3501 Prov„
894 3468 942 3501 ix,
962 3461 1096 3493 6.,-13
1115 3462 1200 3500 Act„
1221 3468 1269 3500 ix,
1290 3461 1321 3491 8.

1396 1892 1510 1944 quod
1528 1891 1751 1944 respondet
1783 1890 1980 1940 Glossaffl,
2002 1892 2114 1944 quod
2139 1904 2224 1932 non
2251 1892 2421 1934 levitate

1396 1962 1552 2014 aliqua,
1569 1962 1641 2002 sed
1671 1961 1826 2002 virtute
1845 1972 2024 2014 operum
2057 1961 2220 2011 ductus,
2255 1965 2421 2004 secutus

1396 2035 1459 2073 est
1478 2044 1577 2072 eum
1613 2046 1622 2072 ε
1657 2031 1820 2073 viderat
1858 2031 1971 2071 enim
2009 2030 2160 2071 Christi
2200 2032 2418 2074 miracula.

1396 2103 1513 2144 Unde
1531 2102 1687 2144 ibidem
1700 2103 1867 2153 dicitur,
1881 2102 1993 2155 quod
2007 2116 2026 2140 (ι
2040 2102 2182 2155 fulgor
2191 2103 2423 2145 divinitatis

1396 2173 1588 2224 occultae,
1612 2185 1710 2226 quae
1730 2173 1776 2213 in
1802 2173 1992 2213 humana
2012 2173 2114 2214 facie
2142 2173 2294 2215 Christi
2316 2175 2424 2216 relu-

1396 2244 1529 2294 cebat,
1551 2244 1764 2297 extemplo
1784 2244 1836 2284 ad
1853 2256 1897 2284 se
1917 2244 2107 2285 videntes
2127 2245 2295 2286 trahere
2310 2248 2421 2298 pote-

1395 2318 1460 2355 rat
1482 2318 1668 2368 aspectu.
1699 2315 1743 2355 Si
1770 2315 1883 2356 enim
1908 2315 1953 2355 in
1990 2318 2190 2367 magnete
2221 2316 2357 2368 lapide
2380 2319 2421 2357 et

1395 2385 1575 2425 succinis
1594 2385 1686 2425 haec
1707 2385 1773 2426 vis
1795 2396 1886 2425 esse
1908 2385 2075 2436 dicitur,
2093 2388 2142 2426 ut
2163 2386 2357 2436 annulos,
2379 2389 2420 2427 et

1395 2454 1593 2507 stipulae,
1625 2457 1665 2495 et
1695 2456 1856 2495 ferrum
1895 2455 1976 2495 sibi
2014 2456 2229 2508 copulent,
2260 2458 2419 2508 quanto

1395 2525 1534 2576 magis
1552 2527 1843 2566 creaturarum
1868 2525 2072 2566 Dominus
2102 2527 2154 2566 ad
2183 2537 2227 2566 se
2251 2526 2419 2568 trahere

1394 2598 1557 2648 poterat
1593 2608 1698 2649 quos
1738 2596 1968 2637 volebam»
2005 2595 2133 2637 Juxta
2171 2597 2285 2648 quod
2320 2597 2420 2638 dicit

1397 2680 1549 2721 sponsa
1577 2668 1621 2709 in
1652 2668 1840 2710 Canticis
1862 2669 1889 2693 ¹⁹
1921 2680 1936 2710 .·
1959 2682 1978 2706 (ι
1997 2667 2132 2708 Trahe
2158 2679 2226 2708 me
2251 2670 2344 2720 post
2362 2670 2417 2719 te,

1396 2750 1616 2780 curremus
1648 2739 1693 2779 in
1741 2738 1913 2779 odorem
1955 2740 2277 2791 unguentorum
2322 2741 2419 2780 tuo-

1394 2821 1505 2850 rum.
1531 2823 1550 2846 i)

1448 2880 1587 2921 Tertio
1608 2891 1708 2921 vero
1730 2879 1964 2920 ostenditur
1980 2879 2142 2920 vocatio
2162 2879 2344 2932 perfecta
2367 2893 2421 2921 ex

1394 2953 1511 3004 parte
1531 2950 1671 2993 devoti
1690 2950 1880 3002 obsequii
1897 2950 2190 3002 subsequentis
2204 2950 2250 2989 in
2270 2950 2417 2991 minis-

1393 3022 1557 3072 trando,
1579 3033 1677 3061 cum
1697 3020 1850 3060 dicitur
1876 3021 1931 3070 (v.
1954 3022 2018 3072 29)
2043 3032 2054 3061 ε
2081 3021 2135 3063 Ec
2155 3021 2252 3072 fecit
2273 3023 2419 3063 convi-

1394 3094 1512 3136 vium
1530 3103 1731 3146 maynum
1751 3092 1852 3134 Levi
1883 3093 1932 3133 z'n
1957 3091 2078 3134 domo
2102 3102 2196 3138 sua.
2229 3092 2419 3133 Faciebat

1395 3163 1628 3204 secundum
1661 3161 1922 3215 propositum
1954 3161 2174 3214 Sapientis,
2198 3162 2271 3214 qui
2307 3162 2417 3202 dice-

1394 3265 1434 3271 —
1459 3248 1484 3268 1'·
1504 3247 1634 3288 Ephes„
1662 3254 1693 3285 v,
1719 3246 1767 3277 14.
1793 3263 1827 3267 —
1856 3245 1881 3266 15
1898 3244 1969 3285 Job,
1994 3253 2105 3283 XX111,
2134 3247 2181 3275 ll.
2202 3261 2242 3266 —
2261 3245 2285 3265 1⁰
2307 3245 2417 3285 Pron„

1394 3303 1452 3334 111,
1484 3296 1536 3326 28.
1565 3311 1606 3316 —
1637 3294 1662 3315 ¹⁷
1688 3292 1783 3330 lbid.,
1815 3300 1908 3332 xxii,
1937 3294 1986 3324 29.
2012 3309 2052 3315 —
2078 3292 2105 3314 ¹⁸
2133 3292 2181 3322 Ex
2211 3290 2362 3331 Hieron„
2385 3292 2418 3323 in

1392 3343 1510 3373 Mattlz.
1533 3351 1563 3373 e.
1583 3349 1630 3373 ix.
1647 3358 1687 3363 —
1708 3342 1729 3358 ¹⁹
1747 3340 1857 3379 Cant„
1874 3347 1904 3379 1,
1928 3341 1956 3371 3.

1438 3414 1478 3453 (al
1501 3413 1580 3444 Coet.
1596 3411 1675 3443 edit.
1696 3410 1938 3451 perfectum.--
1956 3410 1963 3448 t
1970 3408 1998 3449 (1)
2016 3407 2265 3440 Item'l'ohia.—-
2280 3407 2321 3449 (c)
2337 3408 2417 3440 Ilem

1395 3459 1530 3495 Paulus.
