2634 3853
0 2839 12 2964 —4t--'
0 2931 5 2943 *
0 2879 2 2882 ·
0 2436 12 2836 ..μεεςψή
0 2610 3 2624 v-
0 2558 1 2562 „
0 2275 8 2436 nen-am
0 1959 7 2271 ψ-

1009 135 1284 178 EXPOSITIO
1315 135 1367 176 IN
1398 134 1511 175 CAP.
1545 134 1576 174 1.
2278 135 2356 174 239

233 235 345 284 ritis;
392 229 677 284 supervalebit
712 228 873 279 adhuc,
918 230 958 268 et
995 225 1254 267 admirabilis

232 301 548 355 magnificentia
567 302 602 353 ej
610 312 675 341 us.
698 314 717 338 n
744 298 1010 352 Competebat
1029 296 1157 337 etiam
1173 294 1257 336 Ma-

230 373 304 414 riae
322 371 520 421 cantanti,
542 371 643 423 quia
662 372 712 412 de
733 370 899 422 magnis
917 401 927 420 ,
966 367 1053 408 imo
1086 366 1137 407 de
1169 378 1257 406 ma-

228 443 355 484 ximis
374 443 586 483 beneficiis
609 445 710 483 erat.
734 441 851 483 Unde
875 445 886 466 ¹
911 454 950 480 z«
969 439 1136 488 Audite,
1157 450 1256 491 quo-

228 513 345 554 niam
363 514 414 554 de
432 514 558 554 rebus
580 513 752 565 magnis
770 513 964 552 locutura
985 522 1095 560 sum,
1113 512 1153 550 et
1164 521 1257 562 ape-

229 584 393 625 rientur
413 584 522 625 labia
541 596 655 633 mea,
688 585 736 624 ut
765 585 878 623 recta
897 580 1136 634 praedicent.
1160 594 1178 617 ›)
1208 579 1258 619 Et

230 654 338 695 infra
356 661 369 682 2
392 666 432 695 z«
451 655 560 704 Quia
578 655 672 696 fecit
692 654 798 694 mihi
816 665 990 704 magna,
1001 667 1019 690 ›)
1039 655 1116 693 etc.
1141 652 1258 693 Com-

230 724 397 777 petebat
433 728 474 766 et
509 725 703 767 ordinato
741 723 1019 778 progressui,
1050 722 1124 775 qui
1152 724 1216 763 est
1235 734 1258 762 a

229 795 382 837 timore
401 796 652 838 inchoando.
668 794 786 837 Unde
803 799 840 835 ³:
871 810 890 833 α
911 794 1083 834 Initium
1098 793 1260 846 sapien-

229 865 300 907 tiae
319 867 447 907 timor
467 867 646 908 Domini.
669 867 838 907 »Timor
852 868 994 906 autem
1006 864 1258 907 reverentiae

230 935 460 977 Dominum
480 938 743 989 magnificat.

285 1006 526 1048 Insinuatur
545 1008 672 1048 etiam
699 1007 909 1048 laudantis
936 1006 1099 1047 affectio
1121 1008 1168 1046 ut
1184 1006 1257 1057 ju-

235 1078 386 1129 cunda,
406 1079 634 1119 exultando
652 1080 696 1118 in
717 1079 860 1120 divina
881 1079 1030 1128 salute,
1047 1089 1144 1118 cum
1165 1077 1261 1116 sub-

236 1148 350 1190 ditur
369 1149 423 1202 (v.
445 1149 508 1201 47)
533 1163 542 1190 t
567 1152 624 1192 Ei
644 1151 856 1192 exultavit
875 1151 1056 1202 spiritus
1083 1158 1198 1191 meus
1212 1149 1261 1190 in

237 1219 321 1262 Deo
341 1220 528 1266 salutari
551 1232 640 1263 meo
656 1254 666 1272 ,
690 1222 728 1262 id
759 1225 820 1263 est
837 1222 882 1261 in
914 1221 996 1262 Deo
1026 1220 1259 1269 Salvatore‚

237 1292 284 1331 ut
305 1292 431 1344 possit
450 1292 586 1333 dicere
608 1288 713 1332 illud
733 1296 746 1317 ⁴
769 1304 779 1331 ε
808 1306 828 1330 (1
848 1292 1001 1331 Anima
1024 1303 1118 1331 mea
1138 1289 1257 1330 exul-

236 1361 340 1402 tabit
358 1363 404 1404 in
423 1363 620 1414 Domino,
643 1365 684 1404 et
699 1362 971 1403 delectabitur
991 1373 1117 1414 super
1146 1362 1262 1401 salu-

237 1432 318 1473 tari
354 1444 446 1474 suo.
469 1448 490 1471 1)
525 1433 576 1475 Et
611 1446 783 1476 rursum
808 1433 820 1454 ⁵
853 1448 861 1474 :
891 1449 910 1472 α
930 1433 1008 1473 Cor
1044 1444 1186 1473 meum
1224 1435 1264 1473 et

238 1517 334 1547 caro
365 1517 460 1547 mea
491 1506 792 1548 exultaverunt
817 1506 859 1547 iu
892 1507 1025 1547 Deum
1051 1506 1216 1547 vivum.
1239 1519 1258 1543 ι)

236 1575 342 1618 Vere
357 1578 448 1629 Jam
468 1576 603 1618 dicere
622 1579 785 1630 poterat
796 1577 899 1617 illud
915 1577 928 1598 ⁶
953 1591 961 1617 ε
989 1592 1009 1615 «
1028 1576 1264 1617 Introduxit

238 1658 308 1688 me
322 1659 399 1688 rex
417 1647 461 1687 in
478 1647 645 1688 cellaria
663 1660 766 1688 sua:
791 1647 1077 1688 exultabimus
1093 1649 1134 1688 et
1152 1647 1264 1688 laeta-

237 1717 382 1758 bimur
400 1717 445 1757 in
463 1719 525 1768 te,
547 1729 757 1758 memores
787 1718 965 1758 uberum
999 1719 1171 1758 tuorum
1191 1729 1263 1757 su-

238 1800 314 1842 per
328 1788 495 1830 vinum.
531 1788 644 1829 Recti
671 1789 861 1840 diligunt
881 1794 935 1829 te.
957 1802 976 1825 o
1002 1788 1096 1830 Jam
1120 1788 1262 1829 verifi-

239 1862 381 1900 catum
399 1861 460 1900 est
479 1859 524 1900 in
541 1859 687 1910 Maria,
702 1860 813 1912 quod
829 1859 1000 1913 optabat
1017 1858 1031 1880 ⁷
1053 1873 1062 1900 2
1092 1873 1111 1897 «
1130 1859 1261 1900 Exul«

240 1932 386 1972 tentet
403 1930 601 1972 laetentur
620 1930 664 1971 in
692 1933 732 1970 te
760 1942 905 1971 omnes
942 1932 1178 1983 quaerentes
1208 1932 1263 1980 te,

241 2002 283 2042 et
300 2000 438 2042 dicant
469 2013 635 2054 semper
669 2015 678 2042 :
716 2000 1014 2053 Magnificetur
1044 2000 1264 2049 Dominus,

241 2071 314 2124 qui
333 2071 516 2124 diligunt
534 2072 717 2113 salutare
734 2074 875 2112 tuum.
894 2087 913 2109 »
933 2071 1143 2121 Quoniam
1160 2083 1266 2123 ergo

240 2142 364 2194 virgo
387 2142 518 2183 Maria
540 2142 767 2184 Dominum
787 2143 1001 2196 quaesivit,
1024 2145 1064 2184 et
1084 2143 1268 2184 salutare

241 2212 407 2265 dilexit3
429 2213 523 2255 ideo
547 2214 691 2254 anima
718 2215 810 2267 ejus
840 2214 1069 2255 Dominum
1101 2214 1269 2266 magni-

241 2282 352 2335 ficat,
369 2286 411 2326 et
429 2284 602 2337 spiritus
623 2286 717 2336 ejus
744 2285 790 2324 in
808 2285 983 2325 salutari
1003 2285 1075 2325 Dei
1107 2285 1269 2325 exulta-

242 2354 319 2394 vit.
340 2353 458 2395 Unde
476 2354 557 2394 sibi
577 2354 680 2394 illud
693 2356 829 2395 Annae
841 2356 1039 2407 competit
1052 2354 1091 2394 ⁸:
1111 2369 1130 2393 (1
1142 2354 1270 2395 Exul-

244 2424 348 2467 tavit
365 2436 436 2465 cor
457 2436 603 2465 meum
622 2424 667 2464 in
685 2424 874 2475 Domino,
898 2427 937 2464 et
958 2424 1190 2465 exaltatum
1209 2427 1271 2465 est

245 2506 318 2536 cor
336 2506 480 2536 meum
508 2495 552 2534 in
591 2494 674 2535 Deo
710 2506 820 2535 meo.
862 2493 1087 2534 Dilatatum
1122 2498 1184 2535 est
1225 2507 1271 2536 os

245 2577 390 2606 meum
428 2577 554 2618 super
588 2565 783 2606 inimicos
814 2577 958 2616 meos,
1003 2565 1102 2618 quia
1134 2566 1274 2606 laetata

246 2648 342 2677 sum
363 2635 407 2676 in
421 2635 595 2677 salutari
611 2639 698 2676 tuo.
717 2650 736 2674 ›>
762 2636 814 2676 Et
832 2639 944 2686 nota,
966 2637 1078 2690 quod
1093 2638 1274 2689 spiritus

246 2707 450 2761 accipitur
476 2720 554 2760 pro
585 2709 820 2749 substantia
850 2709 1005 2749 animae
1024 2709 1064 2748 9;
1094 2723 1113 2747 (1
1131 2708 1275 2749 Custo-

247 2778 332 2819 dite
350 2778 546 2832 spiritum
567 2782 774 2830 vestrum,
796 2782 836 2820 et
856 2779 984 2820 nolite
1004 2779 1232 2832 despicere.
1250 2793 1269 2817 ›>

249 2846 300 2888 Et
319 2852 348 2874 ¹⁰
370 2863 379 2890 z
407 2863 427 2887 c<
445 2849 626 2902 Spiritus
646 2850 828 2902 postulat
849 2862 925 2902 pro
954 2849 1075 2890 nobis
1109 2849 1275 2901 gemiti-

249 2917 330 2960 bus
355 2919 721 2961 inenarrabilibus.
740 2934 759 2958 »
779 2920 977 2973 Alibique
992 2918 1018 2941 ¹¹
1039 2934 1047 2960 2
1078 2934 1097 2957 (ι
1115 2918 1222 2960 Nam
1241 2920 1276 2959 si

252 3000 368 3030 orem
387 2991 560 3043 lingua,
581 2992 754 3045 spiritus
781 3004 904 3033 meus
923 2993 1028 3042 orat,
1050 3005 1069 3028 n
1100 2994 1178 3032 etc.
1201 2990 1277 3031 Hic

254 3062 395 3101 autem
413 3062 616 3115 accipitur
634 3075 711 3116 pro
730 3063 874 3103 anima
895 3062 1130 3103 secundum
1148 3074 1277 3103 suum

255 3141 518 3185 supremum,
540 3136 580 3174 et
599 3134 742 3174 anima
773 3133 975 3186 accipitur
994 3133 1039 3173 in
1060 3145 1278 3186 compara-2

301 3236 310 3256 ¹
336 3237 442 3274 Prov.,
465 3244 548 3278 vm,
572 3240 602 3271 6.
619 3256 659 3262 -
680 3240 694 3261 ²
716 3240 806 3278 Luc„
829 3247 858 3280 1,
880 3241 929 3271 49.
949 3257 989 3263 ·-—
1008 3240 1021 3261 3
1036 3240 1127 3272 Psal.
1149 3247 1203 3280 cx,
1227 3241 1276 3271 10.

255 3299 297 3306 -
314 3282 329 3304 ⁸
347 3283 436 3316 Psal.
453 3292 569 3326 xxxw,
589 3287 618 3319 9.
635 3303 675 3316 ‚—
700 3287 712 3309 ⁵
728 3287 816 3320 Psal.
843 3295 977 3319 Lxxxm
990 3312 999 3326 ,
1021 3289 1050 3319 3.
1075 3303 1114 3312 -—
1135 3288 1147 3306 ⁶
1166 3287 1278 3327 Cant„

257 3337 282 3369 1,
313 3330 342 3361 3.
363 3347 404 3353 —
432 3331 445 3352 7
478 3331 568 3364 Psac.
600 3343 724 3374 xxxix,
755 3336 803 3367 17.
825 3352 865 3358 —-
898 3336 908 3353 ³
940 3336 950 3365 1
982 3335 1074 3376 Req„
1108 3343 1150 3374 11,
1184 3338 1211 3366 1.
1238 3351 1279 3357 -

256 3376 268 3394 ³
289 3376 444 3413 Malaca..
473 3386 515 3418 11,
545 3382 596 3411 15.
621 3398 663 3405 --
691 3382 715 3402 1⁰
740 3382 840 3421 Rom„
867 3390 949 3422 vm,
972 3384 1020 3414 16.
1041 3400 1083 3405 —
1107 3383 1129 3403 ¹¹
1155 3383 1162 3412 Ι
1187 3382 1278 3421 Corn,

256 3431 331 3464 xlv,
354 3426 404 3456 14.
425 3442 461 3448 --
484 3426 510 3447 ¹2
530 3428 539 3457 Ι
564 3426 684 3467 Thess„
704 3437 736 3468 v,
755 3431 806 3462 23.
823 3446 863 3454 —-
885 3430 910 3451 ¹⁸
929 3430 1022 3468 Gen„
1042 3437 1145 3469 xxix,
1167 3431 1218 3460 32.
1238 3444 1279 3451 -

1327 225 1442 266 tione
1460 224 1511 265 ad
1530 234 1697 275 corpus,
1718 221 1825 262 sicut
1848 222 1877 247 ¹²
1899 235 1908 260 ε
1936 235 1954 258 (ι
1978 219 2069 272 Ipse
2089 222 2231 260 autem
2249 221 2356 260 Deus

1328 295 1440 347 pacis
1459 294 1686 335 sanctificet
1727 304 1804 333 vos
1832 303 1908 345 per
1927 291 2094 341 omnia,
2117 292 2165 330 ut
2189 289 2357 341 integer

1328 365 1500 417 spiritus
1518 366 1672 416 vester,
1695 365 1736 404 et
1754 363 1911 413 anima,
1931 364 1972 402 et
1988 372 2138 414 corpus
2155 359 2245 401 sine
2259 371 2359 412 que-

1328 436 1416 476 rela
1435 436 1479 475 in
1499 436 1683 477 adventu
1708 434 1877 476 Domini
1904 432 2038 474 nostri
2071 431 2171 472 Jesu
2203 429 2358 472 Christi

1330 508 1654 546 conservetur.»
1687 505 1792 554 Quia
1824 504 1938 546 enim
1977 502 2151 556 spiritus
2179 499 2360 541 interius

1330 576 1605 626 exultaverat,
1628 576 1720 617 ideo
1742 576 1885 616 anima
1904 575 1947 615 in
1976 586 2080 616 voce
2111 571 2361 624 magnifica-

1329 647 1425 697 bat3
1448 650 1488 687 et
1507 647 1600 687 ideo
1635 647 1936 687 exultationem
1973 645 2023 686 de
2054 642 2269 698 praeterito
2287 673 2298 693 ,
2322 643 2361 681 et

1330 717 1716 770 magnificationem
1754 717 1804 757 de
1843 716 2040 769 praesenti
2078 714 2195 768 ponit
2215 745 2225 765 ,
2262 711 2363 765 quia

1332 788 1533 830 exultatio
1556 791 1618 828 est
1641 790 1794 828 natura
1813 788 1944 840 prior.

1385 863 1450 901 48.
1476 861 1583 907 Quia
1602 860 1793 912 res-pmii
1812 858 2116 906 humilitatem,
2139 857 2217 895 etc.
2241 853 2359 894 Post-

1332 944 1462 986 quam
1491 931 1696 983 descripta
1718 932 1780 971 est
1807 928 2019 970 laudantis
2051 925 2241 975 affectio,
2275 924 2364 963 sive

1333 1003 1522 1054 devotio,
1556 1002 1750 1042 subditur
1785 999 1985 1041 laudandi
2019 998 2126 1038 ratio
2143 1028 2157 1048 ,
2180 1006 2276 1048 quae
2297 1006 2365 1035 su-

1335 1076 1465 1116 mitur
1484 1087 1537 1115 ex
1566 1074 1720 1126 duplici
1759 1085 1885 1113 causa
1909 1087 1916 1112 z
1940 1071 2076 1124 prima
2109 1071 2171 1110 est
2204 1067 2366 1108 benefi-

1335 1147 1447 1187 cium
1485 1146 1636 1198 gratiae
1653 1178 1662 1196 ,
1707 1156 1803 1198 quae
1836 1143 1931 1184 fecit
1960 1143 2096 1195 ipsam
2135 1138 2359 1180 amabilem

1335 1214 1438 1265 Deo;
1461 1214 1643 1255 secunda
1663 1216 1740 1263 est,
1762 1212 1873 1265 quod
1907 1210 2005 1250 fecit
2024 1210 2158 1261 ipsam
2179 1205 2366 1247 laudabi-

1334 1285 1419 1326 lem
1438 1284 1682 1325 hominibus
1697 1316 1706 1334 ,
1748 1283 1849 1335 quia
1892 1280 2116 1321 amabilem
2139 1278 2236 1318 Deo.
2261 1276 2364 1317 Dicit

1335 1367 1439 1407 ergo
1471 1369 1480 1395 ι
1517 1355 1625 1401 Quia
1656 1354 1849 1405 respeoeit
1883 1351 2170 1393 humilitatem
2199 1348 2369 1391 ancilloe

1335 1436 1440 1468 suoe.
1461 1424 1678 1466 Praecessit
1697 1425 1829 1477 huJ'us
1864 1425 2006 1474 figura
2021 1423 2064 1462 in
2084 1421 2158 1462 Lia
2174 1453 2184 1472 ,
2208 1430 2304 1473 quae
2324 1419 2370 1458 in

1337 1499 1541 1548 conceptu
1580 1495 1707 1548 prolis
1745 1494 1851 1535 dixit
1885 1494 1913 1516 ¹³
1951 1508 1959 1531 ε
1994 1508 2013 1532 <‹
2036 1492 2149 1533 Vidit
2167 1491 2370 1533 Dominus

1337 1567 1619 1608 humilitatem
1653 1578 1791 1606 meam
1808 1597 1817 1615 ,
1858 1577 1971 1606 nunc
2005 1564 2162 1605 amabit
2203 1575 2269 1603 me
2304 1563 2371 1602 vir

1338 1651 1475 1679 meus.
1498 1653 1516 1675 n
1554 1638 1603 1677 Et
1634 1637 1849 1677 humilitas
1874 1636 1952 1676 fuit
1972 1635 2186 1688 dispositio
2208 1634 2261 1675 ad
2281 1646 2368 1674 res-

1338 1713 1505 1762 pectum
1526 1709 1675 1760 gratiae
1697 1708 1724 1729 ¹³
1743 1722 1782 1747 :a
1802 1707 1865 1747 Ad
1887 1719 2014 1759 quem
2032 1706 2270 1758 respiciam,
2288 1704 2371 1744 nisi

1338 1780 1390 1821 ad
1410 1779 1716 1833 pauperculum
1732 1810 1744 1828 ,
1785 1781 1825 1818 et
1862 1777 2093 1818 contritum
2132 1775 2309 1828 spiritu,
2332 1777 2372 1815 et

1337 1853 1587 1892 trementem
1626 1860 1842 1889 sermones
1885 1851 2026 1888 meos?
2049 1862 2068 1885 ))
2105 1847 2226 1897 Quia,
2267 1846 2373 1887 sicut

1339 1923 1490 1963 dicitur
1510 1922 1554 1961 in
1575 1921 1739 1962 Psalmo
1760 1919 1804 1969 ¹⁵,
1832 1919 2058 1959 «excelsus
2083 1917 2310 1967 Dominus,
2333 1919 2373 1957 et

1339 1992 1520 2034 humilia
1549 1991 1732 2044 respicit,
1755 1992 1796 2030 et
1816 1989 1899 2030 alta
1918 2002 1943 2030 a
1962 1989 2092 2041 longe
2112 1987 2366 2040 cognoscit.»

1341 2065 1457 2106 Unde
1480 2065 1529 2105 de
1548 2064 1641 2105 viro
1654 2064 1769 2115 justo
1792 2062 1821 2086 ¹⁶
1846 2072 1885 2101 z«
1905 2060 2063 2102 Oculus
2094 2059 2168 2100 Dei
2188 2058 2374 2112 respexit

1341 2137 1463 2178 illum
1483 2137 1528 2176 in
1551 2137 1676 2184 bono,
1698 2136 1738 2174 et
1758 2133 1892 2174 erexit
1921 2145 2021 2173 eum
2049 2131 2101 2172 ab
2135 2131 2374 2171 humilitate

1342 2208 1487 2261 ipsius.
1501 2222 1520 2245 ›>
1540 2206 1590 2247 Et
1603 2206 1697 2247 ideo
1711 2205 1857 2246 orabat
1870 2203 2079 2256 Propheta
2092 2202 2135 2242 in
2153 2202 2319 2245 Psalmo
2329 2203 2371 2242 ¹⁷:

1349 2293 1368 2318 ει
1387 2279 1557 2331 Respice
1576 2278 1621 2317 in
1643 2289 1724 2326 me,
1746 2278 1786 2317 et
1809 2276 2008 2316 miserere
2028 2275 2126 2326 mei,
2161 2274 2261 2326 quia
2281 2273 2374 2314 uni-

1343 2362 1416 2390 cus
1437 2351 1477 2388 et
1496 2359 1655 2400 pauper
1686 2359 1782 2387 sum
1803 2359 1899 2398 ego.
1920 2360 1940 2384 ›>

1396 2419 1513 2459 Fecit
1534 2421 1574 2458 et
1593 2417 1846 2458 laudabilem
1872 2416 2123 2457 hominibus
2143 2415 2248 2456 illud
2269 2427 2374 2467 gra-

1345 2492 1414 2530 tiae
1443 2489 1697 2530 beneficium
1722 2503 1732 2539 3
1766 2491 1805 2529 et
1834 2490 2053 2541 propterea
2080 2486 2194 2527 addit
2227 2501 2236 2528 z
2270 2486 2374 2528 Ecce

1349 2563 1461 2603 enim
1482 2572 1536 2602 ex
1557 2561 1630 2602 hoc
1652 2560 1807 2602 beatam
1839 2570 1901 2601 me
1921 2558 2066 2600 dicent
2087 2569 2229 2600 omnes
2253 2569 2375 2611 qene-

1350 2634 1553 2684 rationes,
1575 2635 1660 2672 tam
1682 2631 1779 2682 viri,
1802 2643 1930 2684 quam
1952 2630 2192 2670 mulieres¹⁸
2215 2642 2224 2670 ε
2242 2644 2261 2668 «
2282 2629 2379 2670 Sur-

1350 2706 1555 2745 rexerunt
1574 2703 1651 2742 filii
1671 2704 1762 2755 ejus
1776 2735 1786 2753 ,
1809 2704 1850 2742 et
1869 2701 2156 2742 beatissimam
2178 2700 2378 2754 praedica-

1351 2778 1526 2825 vcrunt3
1548 2774 1613 2816 vir
1628 2775 1735 2826 eJus,
1756 2775 1797 2813 et
1813 2772 2003 2813 laudavit
2022 2783 2131 2813 eam.
2154 2787 2174 2810 »
2194 2771 2291 2813 Fuit
2310 2784 2379 2813 au-

1351 2850 1436 2888 tem
1475 2846 1600 2898 virgo
1640 2844 1771 2884 Maria
1807 2844 1930 2884 beata
1966 2846 2139 2896 propter
2177 2843 2379 2883 meritum

1352 2916 1550 2958 castitatis
1563 2916 1591 2938 ¹⁹
1609 2930 1648 2956 2«
1661 2915 1776 2956 Beati
1796 2914 2056 2955 immaculati
2068 2914 2113 2954 in
2125 2914 2209 2956 via.
2226 2928 2246 2952 1)
2258 2913 2307 2954 Et
2320 2915 2350 2939 ²⁰
2367 2927 2374 2952 :

1359 2987 1546 3027 «Beatus
1566 2987 1639 3040 qui
1656 2986 1823 3038 vigilat,
1846 2988 1886 3026 et
1917 2984 2098 3026 custodit
2127 2985 2380 3026 vestimenta

1353 3070 1443 3108 sua,
1465 3070 1519 3098 ne
1537 3057 1679 3098 nudus
1697 3055 1899 3106 ambulet,
1920 3058 1961 3097 et
1987 3055 2159 3097 videant
2190 3056 2380 3108 turpitu-

1354 3130 1496 3171 dinem
1516 3131 1624 3182 eJus.
1646 3143 1665 3166 ))
1692 3129 1742 3169 Et
1760 3126 1787 3149 ²¹
1808 3139 1819 3169 t
1846 3127 1965 3169 Felix
1994 3130 2057 3168 est
2075 3127 2226 3168 sterilis
2252 3131 2291 3168 et
2313 3127 2378 3167 in-

1354 3202 1651 3255 coinquinata,
1688 3211 1786 3253 quae
1820 3199 1998 3240 nescivit
2032 3198 2206 3240 thorum
2242 3198 2287 3239 in
2306 3198 2380 3239 de-

1357 3285 1378 3304 ¹⁴
1404 3285 1483 3326 Isa„
1511 3291 1612 3325 LXVI,
1641 3285 1672 3314 2.
1700 3299 1740 3306 ——
1774 3282 1798 3304 ’ὅ
1824 3281 1913 3314 Psal.
1934 3289 2088 3317 cxxxvn.
2111 3283 2141 3313 6.
2158 3297 2198 3304 -
2221 3281 2243 3299 ¹⁶³
2262 3280 2378 3322 Eccli„

1352 3340 1401 3373 xi,
1426 3333 1476 3364 13.
1498 3348 1538 3354 -
1560 3331 1583 3353 ¹⁷
1600 3329 1692 3362 Psal.
1712 3337 1809 3368 XXIV,
1831 3331 1880 3362 16.
1903 3347 1939 3353 —-
1965 3330 1990 3351 ¹⁸
2007 3330 2116 3368 Proa,
2140 3335 2241 3369 XXXI,
2262 3330 2314 3361 28.
2339 3344 2380 3352 -—

1357 3381 1378 3398 ¹⁹
1408 3379 1498 3411 Psal.
1529 3385 1658 3417 cxvln,
1689 3380 1716 3408 1.
1735 3394 1776 3400 —
1798 3377 1825 3398 Ξ·
1848 3377 1961 3417 Aper„
1988 3383 2063 3415 xv1‚
2093 3376 2142 3407 15.
2170 3392 2210 3398 -
2235 3376 2258 3396 ²¹
2287 3375 2379 3416 Sap„

1355 3434 1413 3466 111,
1439 3428 1468 3458 3.
