2587 3845
1097 203 1265 245 CAPUT
1295 204 1325 243 1.

155 296 376 339 ternarius.
401 295 518 345 Quod
539 307 615 348 pro
643 295 723 335 hoc
750 295 927 344 dicitur,
966 293 1065 345 qnia
1093 305 1178 332 ma-

154 366 315 408 terialia
342 365 528 406 hominis
556 366 751 417 designat
779 364 999 417 principia,
1025 363 1178 402 scilicet

153 439 335 489 quatuor
353 435 572 476 elementa.
590 435 726 476 Etiam
741 435 850 474 infra
871 433 1041 474 dicitur:
1065 448 1084 470 <1
1102 432 1178 472 Hic

153 518 360 547 numerus
382 507 502 559 quasi
524 507 753 558 quadratus
774 509 814 545 et
837 504 1016 554 solidus,
1047 519 1065 541 n
1097 506 1175 544 etc.

155 577 390 626 Quadratus
419 589 533 627 vere,
554 580 594 617 et
613 588 699 617 non
722 576 881 616 solidus
903 575 1086 627 proprie,
1112 587 1175 615 se-

153 649 343 690 cundum
370 648 710 689 mathematicam
741 647 1068 700 quadraturam3
1108 646 1179 686 scd

153 719 310 761 solidus
337 719 516 770 dicitur,
539 719 640 771 quia
668 730 816 758 eorum
850 717 1056 770 quadrata
1081 716 1177 756 soli-

154 790 252 830 dam
298 789 564 830 stabilitatem
609 789 781 829 habent.
834 788 947 829 Infra
989 802 997 827 ε
1042 803 1061 825 (1
1099 785 1180 827 Sed

155 860 281 900 etiam
318 860 522 911 coelestia3
544 874 562 897 1)
602 860 643 900 id
664 862 739 910 est,
762 858 1010 912 spiritualia.
1032 857 1147 897 Infra
1169 872 1177 896 :

161 946 180 969 (1
198 930 382 972 Virtutes
404 931 643 983 egregiae,
683 944 701 967 ›)
739 929 894 970 scilicet
932 927 1178 969 cardinales.

156 987 270 1042 Infra
290 1016 300 1042 ε
329 1018 348 1041 (1
368 1001 562 1051 Interius,
587 1017 606 1039 ›)
634 1005 731 1052 etc„
749 1002 790 1042 id
809 1004 883 1052 est,
907 1013 980 1053 per
1000 1003 1182 1053 quatuor

156 1072 387 1125 originales
415 1073 618 1124 defectus,
656 1075 696 1113 et
737 1073 967 1113 contrarios
1003 1074 1183 1123 quatuor

157 1144 388 1187 virtutibus
406 1144 690 1185 cardinalibus
714 1157 723 1184 :
747 1144 846 1196 quia
864 1143 1107 1194 ignorantia
1123 1144 1185 1182 est

160 1214 372 1255 contraria
401 1214 659 1268 prudentiae,
693 1214 852 1254 malitia
867 1213 1058 1265 Justitiae,
1082 1225 1182 1253 con-

160 1285 414 1338 cupiscentia
431 1285 722 1338 temperantiae
737 1316 749 1335 ,
770 1284 995 1324 infirmitas
1016 1284 1186 1324 fortitu-

158 1354 260 1394 dini.

212 1424 316 1465 Item
336 1424 381 1465 in
398 1425 469 1465 illa
491 1425 633 1466 Glossa
658 1440 666 1466 :
695 1441 714 1464 <‹
741 1425 1002 1466 Lamentatio
1032 1428 1105 1465 aut
1134 1437 1187 1465 ex

159 1507 353 1546 moerore,
377 1510 396 1534 ))
425 1498 503 1536 etc.
519 1528 529 1547 ,
552 1496 704 1537 dicitur
727 1511 735 1538 ;
762 1512 781 1534 «
805 1496 920 1536 Sicut
953 1508 1091 1547 genus
1111 1508 1185 1536 ex-

158 1566 344 1608 tenditur
361 1567 412 1608 ad
432 1568 627 1621 speciem,
650 1583 668 1606 ›>
694 1571 772 1608 etc.
805 1568 924 1617 Quod
945 1568 1186 1620 intelligen-

161 1638 263 1680 dum
274 1641 336 1679 est
344 1640 471 1691 Juxta
489 1639 718 1692 quamdam
737 1639 936 1691 regulam
950 1639 1187 1688 rhetorum,

162 1710 330 1762 quando
361 1710 412 1751 ad
437 1711 617 1763 speciem
644 1710 848 1750 transitur
869 1722 893 1750 a
916 1722 1087 1761 genere,
1110 1712 1149 1749 et
1169 1721 1191 1749 0

162 1792 367 1822 converso
399 1795 407 1822 :
441 1781 511 1822 ubi
541 1793 617 1834 per
653 1793 791 1833 genus
819 1783 859 1821 et
891 1781 1097 1833 speciem,
1127 1783 1191 1820 to-

162 1854 255 1892 tum
277 1855 318 1893 et
345 1864 442 1904 pars
461 1852 778 1903 intelliguntur.

218 1926 258 1963 2.
278 1923 381 1965 Beth
401 1924 701 1976 interpretatur
715 1924 888 1965 Domus.
905 1922 956 1963 Et
976 1926 1087 1963 recte
1102 1923 1194 1963 haec

164 1993 304 2035 littera
336 1998 626 2048 praenotatur,
669 1996 767 2048 quia
798 1997 892 2047 post
923 2006 1194 2035 communem

166 2066 346 2108 civitatis
367 2067 665 2108 desolationem
681 2099 693 2118 ,
716 2067 785 2107 1110
805 2067 857 2107 ad
890 2066 1112 2119 specialem
1131 2066 1197 2106 de-

165 2136 412 2178 solationem
449 2141 801 2190 consequentem,
851 2137 1005 2178 scilicet
1044 2138 1196 2178 domus

171 2207 436 2248 sacerdotalis
455 2211 495 2248 et
511 2208 661 2260 regiae,
683 2219 822 2248 sermo
837 2209 1112 2249 convertitur.

221 2278 395 2320 Plorans
418 2293 426 2319 :
451 2279 519 2319 hic
535 2278 747 2329 describit,
766 2282 814 2318 ut
831 2279 989 2319 dictum
1006 2282 1082 2329 est,
1105 2280 1197 2332 ejus

168 2349 467 2390 desolationem
497 2364 506 2390 :
543 2350 683 2402 primo
708 2352 888 2401 tangens
922 2350 1110 2402 ploratus
1131 2363 1198 2391 ve-

168 2420 426 2461 hementiam
442 2435 452 2470 ;
475 2421 680 2470 secundo,
712 2422 850 2460 omnis
882 2421 1019 2461 solatii
1044 2433 1194 2462 caren-

168 2490 272 2530 tiam
289 2505 298 2531 1
313 2491 407 2533 Non
426 2492 592 2544 estqui,
612 2494 690 2531 etc.
709 2491 756 2530 In
779 2491 916 2543 prima
930 2494 1047 2543 parte
1060 2492 1199 2542 tangit

172 2559 438 2602 desolationis
461 2561 771 2602 vehementiam
794 2564 1003 2613 quantum
1030 2562 1081 2602 ad
1111 2574 1200 2602 om·

172 2643 270 2682 nes3
293 2631 489 2682 secundo,
511 2635 717 2684 quantum
738 2631 789 2672 ad
812 2633 1008 2684 maiores,
1030 2632 1086 2672 ibi
1107 2645 1116 2673 :
1140 2635 1180 2673 E
1183 2638 1200 2675 t

174 2702 394 2755 lacrymae,
429 2705 506 2743 etc.
546 2701 650 2742 Dicit
682 2714 786 2754 ergo
821 2717 830 2742 :
864 2701 1061 2752 Ρῖοταηε,
1091 2703 1200 2744 dicta

173 2774 331 2816 civitas
351 2772 648 2826 metaphorice,
667 2776 713 2813 ut
743 2773 1006 2826 intelligatur
1027 2778 1199 2815 conten—

175 2848 267 2886 tum
286 2856 361 2897 per
387 2844 626 2893 continens;
656 2843 860 2896 ploravit,
879 2845 922 2885 id
953 2848 1027 2896 est,
1060 2845 1198 2898 plora-

174 2922 266 2960 tum
284 2919 566 2968 continuavit3
590 2919 638 2960 in
652 2922 783 2968 nocte,
808 2919 862 2959 ad
879 2919 1079 2969 litteram,
1102 2920 1201 2971 quia

177 2989 228 3030 de
247 2989 313 3030 die
332 2990 519 3043 ploratus
551 2989 676 3041 signa
709 2989 927 3030 ostendere
955 3001 1041 3030 non
1077 2989 1201 3030 aude-

176 3061 261 3102 bat.
283 3061 416 3102 Tarde
446 3065 588 3102 tamen
612 3061 829 3113 poenituit,
860 3073 958 3101 cum
978 3060 1132 3101 scilicet
1157 3072 1200 3100 se

179 3131 300 3171 malis
325 3132 513 3185 undique
544 3131 722 3184 deprimi
754 3130 993 3183 conspexit3
1030 3132 1071 3170 et
1108 3130 1200 3170 ideo

180 3200 366 3253 ploratus
399 3203 438 3243 ei
466 3203 639 3242 minime
667 3202 842 3255 profuit,
867 3201 965 3254 quia
986 3213 1039 3242 ex
1059 3213 1202 3242 amore

167 3283 267 3312 ‘non
284 3274 496 3325 processit.
518 3274 593 3315 Vel
611 3274 655 3313 in
686 3276 806 3314 nocte
825 3273 1020 3326 ploravit,
1044 3272 1088 3313 id
1123 3274 1199 3322 est,

181 3341 226 3382 in
245 3345 400 3384 secreto
421 3358 431 3384 t
453 3344 564 3397 quod
593 3348 654 3385 est
674 3345 858 3384 amicum
888 3344 1107 3393 flentibus,
1130 3342 1204 3395 qui

183 3414 389 3455 consolari
412 3415 574 3465 nolunt,
595 3415 667 3456 sed
684 3416 884 3468 lacrymis
916 3416 1002 3456 suis
1022 3427 1203 3468 pascun-

227 3499 236 3519 ¹
258 3497 367 3536 Cant„
387 3504 463 3536 vm,
488 3498 535 3528 13.
554 3514 594 3520 —
614 3499 627 3518 '2
642 3498 772 3538 Ezeclz„
794 3506 895 3538 xxiii,
912 3499 964 3529 22.

343 3567 442 3597 Tou.
471 3567 516 3596 x.

2202 208 2278 247 145

1253 296 1336 333 tur.
1375 293 1424 334 Ec
1448 292 1646 343 lacrymae
1667 291 1755 343 effus
1778 293 1827 333 in
1857 291 2052 334 maxillis
2088 292 2203 344 effus,
2238 294 2280 334 id

1254 367 1335 412 cst,
1357 363 1400 402 in
1421 363 1654 414 majoribus
1686 362 1760 414 qui
1791 362 1978 402 eminent
2011 363 2056 403 in
2091 375 2279 415 corpore,

1255 434 1363 474 sicut
1386 434 1571 474 maxillae
1591 434 1634 473 in
1663 433 1810 486 capite.
1840 433 2056 486 Amplius,
2083 434 2190 474 sicut
2208 446 2282 486 per

1255 505 1447 545 maxillas
1479 506 1596 546 cibus
1631 505 1877 545 masticatur
1906 505 2085 558 corpori,
2110 505 2168 545 510
2201 505 2281 545 1111-

1255 576 1430 616 norihus
1466 588 1542 628 per
1578 578 1761 628 majores
1790 577 1912 617 debet
1943 576 2148 629 sapientia
2174 589 2284 617 com-

1256 646 1480 686 municari.
1502 645 1577 686 Vel
1598 648 1645 687 in
1665 646 1874 697 maxillis,
1898 647 1951 687 ad
1970 647 2169 697 litteram,
2184 647 2283 700 quia

1255 727 1342 756 non
1363 720 1482 757 erant
1507 716 1707 769 lacrymae
1734 718 1962 767 simulatae,
1987 719 2057 758 sed
2089 719 2279 760 undosae.

1259 786 1307 827 Et.
1326 790 1387 827 est
1407 787 1476 827 hic
1510 791 1688 841 quartus
1715 788 1831 829 locus
1851 790 2187 842 conquestioniS,
2210 802 2285 843 per

1258 871 1385 911 quem
1404 871 1471 900 res
1490 862 1634 912 turpes
1655 863 1695 900 et
1714 860 1898 901 humiles
1926 861 2102 913 indigne
2122 863 2284 915 patien-

1257 930 1370 971 tibus
1406 931 1692 983 proferuntur.
1733 930 1812 971 Sed
1846 944 1922 984 pro
1954 932 2118 973 defectu
2151 933 2288 973 omnis

1259 1001 1552 1042 consolationis
1563 1001 1751 1054 sequitur
1772 1016 1780 1042 :
1800 1002 1894 1044 Non
1908 1006 1966 1044 est
1985 1005 2074 1056 qui,
2094 1006 2170 1044 etc.
2189 1003 2290 1045 Con-

1259 1072 1404 1113 solatio
1424 1076 1565 1112 autem
1587 1072 1808 1124 dupliciter
1827 1074 1865 1114 ei
1885 1074 2097 1114 subtracta
2116 1075 2194 1115 fuit
2217 1090 2226 1115 ε
2249 1078 2289 1116 et

1260 1155 1314 1182 ex
1334 1145 1469 1183 morte
1485 1155 1532 1183 ac
1551 1143 1780 1196 dejectione
1795 1144 2036 1196 charorum,
2054 1149 2094 1186 et
2108 1147 2290 1188 secundo

1261 1225 1314 1253 ex
1331 1213 1633 1265 ingratitudine
1656 1214 1837 1255 aliorum
1858 1215 1909 1255 ad
1929 1216 2170 1257 inimicitias
2190 1229 2290 1258 con-

1261 1296 1508 1335 versorum,
1549 1286 1607 1325 ibi
1642 1299 1651 1326 :
1686 1288 1834 1328 Omnes
1863 1288 2007 1329 amici.
2044 1288 2125 1329 Pro
2156 1289 2293 1341 primo

1262 1355 1359 1395 dicit
1394 1368 1403 1395 :
1438 1356 1533 1397 Non
1562 1361 1624 1398 esc
1655 1358 1730 1408 qui
1752 1359 1988 1400 consoletur
2013 1370 2106 1400 eam
2129 1371 2181 1402 ex
2207 1371 2293 1402 om-

1262 1427 1389 1468 nibus
1418 1427 1558 1469 charis
1585 1428 1691 1479 ejus,
1715 1428 1755 1469 id
1773 1432 1854 1480 est,
1878 1430 2108 1483 prophetis,
2131 1431 2204 1484 qui
2225 1443 2295 1472 so-

1263 1497 1405 1537 lebant
1418 1497 1489 1538 Dei
1501 1499 1833 1540 misericordiam
1845 1501 2072 1553 praedicere
2085 1502 2293 1553 futuram3

1265 1572 1305 1609 et
1325 1569 1600 1621 principibus,
1624 1570 1697 1623 qui
1726 1571 1915 1612 solebant
1935 1577 2058 1614 antea
2078 1573 2298 1615 defendere

1266 1639 1461 1691 patriam.
1490 1639 1539 1679 Et
1570 1643 1631 1680 est
1664 1641 1732 1681 hic
1764 1642 1881 1683 locus
1908 1644 2082 1696 quintus
2101 1645 2299 1698 indigna-

1265 1709 1415 1760 tionis,
1440 1722 1514 1763 per
1543 1723 1670 1763 quem
1691 1714 1783 1753 tum
1804 1726 1901 1754 cum
1929 1715 2221 1767 indignatione
2246 1717 2299 1769 (a)

1268 1782 1592 1834 conquerimur,
1626 1795 1724 1823 cum
1744 1785 1867 1825 abiis
1887 1798 1912 1825 a
1939 1786 2095 1838 quibus
2126 1788 2300 1828 minime

1268 1850 1506 1903 conveniat,
1522 1853 1631 1894 male
1645 1857 1890 1896 tractamur.
1905 1856 2105 1910 Sequitur
2121 1873 2130 1899 t
2151 1860 2301 1903 Omnes

1270 1925 1401 1965 amici
1424 1924 1530 1975 ejus,
1557 1925 1631 1977 qui
1652 1937 1742 1966 esse
1762 1926 1953 1968 solebant
1972 1930 2063 1981 eJus
2084 1930 2232 1981 amici,
2256 1933 2303 1972 ut

1268 1994 1461 2035 finitimae
1481 1995 1690 2046 nationes3
1707 2002 1954 2048 spreverunt
1965 2010 2070 2051 eam,
2093 2001 2303 2042 auxilium

1269 2077 1356 2105 non
1393 2065 1588 2115 ferend03
1635 2067 1743 2117 facti
1781 2073 1885 2111 sunt
1923 2071 2096 2113 z’nz'mz'cz'
2109 2104 2118 2122 ,
2161 2084 2304 2125 perse·

1270 2136 1439 2188 quendo
1463 2136 1525 2188 (b).
1552 2135 1728 2190 Propter
1747 2140 1860 2191 quod
1877 2140 2082 2182 Dominus
2102 2142 2140 2182 ei
2160 2143 2303 2184 multi-

1270 2207 1433 2259 pliciter
1461 2209 1759 2261 comminatur,
1782 2211 1890 2252 sicut
1909 2215 2021 2265 patet
2041 2214 2085 2254 in
2105 2216 2305 2257 oneribus

1271 2276 1406 2318 Isaiae.
1427 2278 1502 2319 Vel
1517 2281 1649 2321 <tonici
1668 2281 1822 2332 angeli,
1838 2283 1889 2323 de
1909 2284 2068 2336 quibus
2087 2286 2096 2307 ¹
2122 2300 2130 2326 ε
2160 2301 2179 2324 (1
2203 2286 2305 2336 Quae

1271 2350 1436 2390 habitas
1474 2351 1518 2390 in
1555 2351 1714 2402 hortis,
1755 2354 1878 2394 amici
1911 2356 2162 2398 auscultant.
2196 2373 2214 2396 n
2254 2358 2307 2399 Hi

1270 2427 1519 2472 spreverunt
1541 2433 1648 2472 eam,
1670 2424 1707 2463 ei
1731 2424 1776 2476 (c)
1797 2426 2098 2476 protectionem
2119 2429 2307 2469 auferen-

1272 2495 1347 2532 tes.
1366 2490 1484 2532 Unde
1502 2497 1593 2545 post
1611 2495 1852 2546 passionem
1876 2497 2027 2538 Christi
2045 2500 2187 2541 audita
2206 2514 2306 2554 per—

1272 2562 1447 2602 hibetur
1465 2575 1549 2604 vox
1570 2563 1615 2604 in
1635 2577 1731 2606 aere
1747 2565 1828 2607 alte
1842 2567 2072 2610 dicentium
2091 2584 2099 2610 :
2123 2586 2142 2609 «
2156 2570 2307 2613 Trans-

1273 2646 1419 2674 eamus
1452 2635 1504 2674 ab
1530 2635 1580 2675 iis
1610 2636 1792 2677 sedibus.
1817 2653 1836 2675 ))
1863 2638 1943 2688 Qui
1960 2643 2000 2681 et
2017 2641 2179 2683 inimici
2210 2643 2307 2686 facti

1273 2707 1395 2755 sunt,
1433 2705 1657 2748 Dominicae
1693 2709 1928 2750 severitatis
1963 2715 2221 2755 executores.
2256 2714 2308 2756 Et

1268 2777 1384 2828 justo
1405 2776 1475 2817 Dei
1497 2778 1650 2829 judicio
1673 2793 1681 2819 z
1707 2780 1780 2832 qui
1805 2781 1919 2822 enim
1949 2786 2122 2836 propter
2147 2786 2306 2827 vicinos

1274 2859 1299 2886 a
1329 2847 1424 2899 lege
1455 2848 1529 2889 Dei
1562 2849 1881 2892 declinaverunt
1912 2853 1965 2893 ad
1999 2854 2303 2908 idololatriam,

1273 2917 1436 2959 inimici
1457 2919 1565 2959 effici
1596 2920 1928 2973 permittuntur,
1951 2923 2058 2965 sicut
2088 2925 2241 2967 dicitur
2258 2929 2271 2950 ²
2294 2942 2303 2969 ε

1281 3005 1299 3028 (1
1319 2989 1422 3030 Εο00
1442 3002 1525 3042 ego
1547 2991 1755 3032 suscitabo
1776 3005 1920 3034 omnes
1939 2998 2148 3038 amatores
2163 3002 2308 3039 contra

1274 3064 1337 3112 te,
1370 3062 1524 3114 quibus
1556 3063 1703 3104 satiata
1731 3067 1793 3104 est
1820 3065 1960 3107 anima
1982 3069 2070 3109 tua.
2106 3083 2126 3106 »
2162 3068 2213 3110 Et
2246 3073 2307 3111 est

1276 3135 1420 3173 sextus
1439 3133 1556 3174 locus
1576 3135 1901 3186 conquestionis.

1328 3203 1588 3256 Allegorice,
1628 3217 1715 3247 vox
1745 3208 1807 3246 est
1842 3206 2039 3249 Ecclesiae
2066 3209 2306 3262 plangentis

1276 3277 1531 3326 peccatores;
1555 3275 1741 3316 maxillae
1760 3288 1875 3328 vero,
1897 3279 2206 3331 praedicatores,
2231 3280 2305 3333 qui

1276 3345 1457 3386 verbum
1483 3345 1604 3398 quasi
1636 3346 1780 3387 cibum
1806 3348 2127 3399 comminuunt,
2163 3352 2203 3390 et
2231 3352 2303 3391 toti

1322 3451 1363 3491 ((1)
1385 3451 1464 3483 Coec'.
1489 3451 1566 3483 edit.
1588 3454 1661 3483 tum
1683 3452 2050 3494 condignationen1.—
2069 3454 2110 3495 (h)
2130 3455 2211 3486 Item
2230 3465 2306 3496 pro-

1280 3499 1465 3538 sequendo.
1489 3516 1523 3521 —-
1548 3500 1585 3539 (c)
1606 3501 1688 3531 Item
1709 3500 1768 3530 eis.

2082 3563 2150 3615 ,10
