2587 3845
183 159 231 195 10
778 153 1051 196 EXPOSlTlO
1083 153 1134 195 ΙΝ
1163 153 1362 196 LlBRUM
1386 154 1706 198 SAPIENTIAE.

181 242 301 284 illius
321 242 513 294 auditio,
534 243 577 284 id
596 245 677 293 est,
700 243 958 284 examinatio
979 243 1032 284 ad
1052 245 1204 293 Deum,

180 314 382 366 tanquam
406 314 458 355 ad
484 314 839 363 examinatorem,
865 316 905 354 et
924 314 1111 366 ,iudicem
1137 325 1208 355 ve-

180 384 289 424 niet:
306 385 361 427 Et
377 385 434 427 acl
448 386 761 437 correptionem,
776 384 818 425 id
832 387 907 435 est,
925 385 1204 437 punitionem,

183 455 439 507 Iniquz‘tates
459 456 592 507 illius,
614 468 718 508 quas
738 454 963 505 commisit,
985 455 1131 508 iniqua
1150 455 1209 496 lo-

181 526 347 578 quendo
368 527 377 548 ¹
400 541 408 566 :
438 541 455 563 α
476 526 640 567 Clamor
664 526 945 567 Sodomorum
969 528 1011 566 et
1031 526 1205 566 Gomor-

182 596 398 638 rhaeorum
430 597 731 649 multiplicatus
757 599 838 647 est,
866 611 885 634 n
909 598 987 637 etc.
1021 595 1072 637 Et
1102 596 1208 638 bene

181 667 290 717 dixi,
312 667 423 720 quod
444 668 594 717 veniet,
616 669 693 707 etc.

234 742 298 780 10.
326 739 538 790 Quoniam
552 739 673 781 auris
690 738 788 787 zeli,
805 738 895 789 zeli,
912 738 1102 791 inquam,
1119 737 1206 788 Dei,

180 810 342 850 animas
361 813 565 862 tanquam
580 821 754 862 sponsas
772 808 943 849 zelantis
961 809 1011 862 (a)
1038 823 1046 849 :
1071 808 1210 852 Audit

181 882 344 931 omnia,
367 880 408 920 id
429 883 504 931 est,
527 881 658 929 novit,
681 880 786 920 sicut
807 879 877 920 iile
896 880 970 933 qui
991 880 1109 921 audit
1123 891 1210 921 om-

180 951 270 1001 nia,
301 951 458 992 scilicet
482 953 570 991 tam
600 951 731 1001 mala,
761 963 890 1003 quam
917 951 1048 1002 bona,
1080 963 1209 1004 quam

180 1023 472 1074 indifferentia,
494 1023 601 1063 sicut
619 1023 836 1076 zelotypus
849 1023 1079 1074 diligenter
1098 1024 1210 1065 audit

180 1096 220 1134 et
239 1097 356 1134 notat
383 1094 512 1134 verba
539 1106 727 1147 sponsae‚
757 1097 797 1134 et
823 1094 1090 1148 loquentium
1110 1107 1208 1135 cum

179 1177 227 1205 ea
250 1166 288 1204 ²:
317 1180 336 1203 «
363 1165 456 1217 Ego
481 1177 577 1205 sum
599 1165 708 1205 Deus
728 1165 865 1214 fortis,
893 1165 1058 1216 zelotes,
1084 1179 1103 1202 n
1128 1168 1206 1206 etc.

180 1234 232 1276 Et
251 1235 456 1277 tumultus
475 1238 875 1286 murmurationum,
898 1235 1052 1289 quibus
1072 1235 1210 1277 homi-

178 1318 252 1347 nes
271 1309 541 1364 murmurant
559 1311 705 1347 contra
724 1306 858 1347 Deum
878 1309 913 1348 ³:
933 1322 952 1345 «
972 1306 1209 1349 Praecordia

178 1376 282 1417 fatui
302 1377 424 1430 quasi
443 1380 535 1418 rota
553 1377 746 1430 plaustri.
771 1392 790 1416 ι)
807 1377 858 1418 Et
877 1377 1030 1418 dicitur
1049 1379 1207 1421 tumul-

181 1452 274 1500 tus,
314 1449 415 1502 quia
450 1449 580 1490 homo
612 1461 909 1501 murmurans,
947 1449 1069 1503 quasi
1098 1450 1211 1491 intra

180 1520 324 1561 dentes
345 1533 443 1561 snos
468 1520 722 1572 tumultuet,
755 1533 841 1562 non
867 1521 977 1562 clare
1001 1522 1206 1563 enuntiat,

180 1592 274 1634 Non
305 1591 596 1643 abscondetur,
627 1593 698 1633 sed
727 1593 800 1634 toti
829 1593 990 1634 mundo
1016 1594 1208 1647 propala-

179 1663 295 1704 bitur
314 1664 349 1705 *ς
378 1680 397 1703 c<
417 1664 531 1706 Nihil
550 1667 768 1717 opertum,
791 1664 904 1717 quod
931 1676 1019 1705 non
1044 1666 1209 1707 revele-

178 1738 273 1785 tur;
307 1747 445 1789 neque
476 1735 798 1786 absconditum,
833 1736 947 1789 quod
977 1748 1063 1777 non
1100 1736 1206 1777 scia-

179 1808 262 1847 tur.
293 1821 313 1844 »
338 1807 351 1828 ⁵
380 1821 399 1845 «
429 1806 586 1848 Audivi
624 1807 986 1848 murmurationes
1020 1807 1209 1848 filiorum

179 1877 320 1919 Israel.
342 1891 362 1915 n

233 1952 297 1989 11.
332 1948 567 2000 Custodite,
598 1950 677 1990 etc.
707 1948 784 1990 Hic
810 1950 955 1990 monet
983 1949 1036 1990 ad
1064 1961 1209 2003 pravae

178 2020 401 2062 locutionis
427 2020 660 2061 cautelam:
694 2023 736 2061 et
769 2020 907 2073 primo
936 2020 1055 2073 ponit
1086 2032 1208 2061 suam

179 2091 537 2142 exhortationem3
566 2091 775 2142 secundo,
801 2091 1106 2133 exhortationis
1132 2103 1208 2133 ne-

180 2163 430 2204 cessitatem.
455 2163 663 2213 Quoniam
682 2173 832 2214 sermo,
854 2165 932 2204 etc.
957 2163 1211 2204 Construen-

179 2234 282 2276 dum
302 2238 459 2286 autem,
476 2235 564 2276 sive
582 2234 918 2276 continuandum
934 2234 1015 2275 sic:
1033 2235 1075 2276 E
1076 2245 1110 2276 a·
1128 2245 1209 2288 quo

179 2318 264 2350 non
295 2307 572 2350 abscondetur
607 2307 837 2358 tumultus,
871 2309 968 2357 etc„
999 2306 1210 2349 custodite

179 2389 273 2432 erqo
306 2389 378 2422 vos
415 2390 442 2421 a
476 2380 838 2430 murmuratione,
872 2378 1029 2419 scilicet
1066 2380 1211 2419 contra

179 2449 327 2491 Deum.
372 2450 469 2497 Quoe
505 2450 619 2492 nihil
659 2450 853 2503 prodest,
901 2450 987 2490 imo
1024 2450 1210 2490 multum

178 2521 317 2572 obest3
351 2522 463 2562 unde
495 2527 540 2562 ⁶:
569 2521 791 2572 «Quidam
823 2532 974 2562 eorum
1011 2532 1211 2561 murmu-

178 2595 397 2643 raverunt,
427 2595 468 2633 et
495 2593 713 2645 perierunt
740 2592 792 2631 ab
820 2591 1163 2632 exterminatore.
1186 2606 1205 2629 i)

179 2663 233 2705 Et
267 2675 293 2704 a
329 2663 590 2706 detractione
612 2695 624 2713 ,
673 2662 825 2703 scilicet
870 2664 1017 2702 contra
1060 2661 1209 2714 proxi-

180 2746 301 2774 mum
338 2735 351 2756 ⁷
384 2748 393 2774 z
431 2748 450 2771 «
480 2733 618 2782 Quare
661 2731 899 2773 detraxistis
942 2732 1211 2772 sermonibus

180 2804 334 2845 sanctis
353 2805 566 2845 veritatis?
586 2819 605 2842 n
635 2804 800 2846 Parcite
823 2804 983 2856 linqua>
1005 2815 1019 2844 :
1040 2814 1125 2844 non
1146 2803 1210 2843 di-

179 2876 286 2916 citur
309 2890 317 2916 :
340 2875 499 2916 Parcite
519 2875 735 2928 proximo,
758 2874 830 2915 sed
851 2874 1031 2927 linquae,
1053 2873 1210 2914 scilicet

180 2950 356 2997 vestrae3
391 2948 490 3000 quia
517 2947 741 2988 detrahens
770 2945 910 2995 alteri,
939 2945 1077 2998 primo
1097 2944 1209 2997 seip-

179 3031 274 3060 sum
295 3018 424 3059 laedit.
449 3017 567 3058 Unde
592 3019 711 3070 pej0r
729 3018 792 3058 est
811 3015 1010 3057 detractio
1029 3027 1202 3068 serpen-

179 3091 268 3131 tino
285 3101 463 3131 veneno.
483 3089 659 3131 Seneca:
681 3104 701 3127 «
723 3088 830 3130 illud
846 3099 1076 3139 venenum,
1093 3087 1208 3140 quod

180 3163 392 3215 serpentes
410 3161 456 3201 in
474 3161 656 3202 aliorum
680 3160 909 3214 perniciem
928 3159 1089 3209 ferunt,
1117 3159 1208 3200 sine

179 3245 258 3275 sua
274 3233 490 3274 continent
509 3233 688 3283 malitia;
710 3232 803 3285 ipsa
822 3231 1024 3273 detractio
1042 3233 1207 3284 partem

180 3305 247 3346 sui
266 3305 420 3347 veneni
438 3304 556 3346 bibit.
579 3318 599 3342 n
614 3304 775 3345 Glossa:
796 3318 816 3342 c(
836 3302 1090 3346 Perniciosae
1108 3304 1208 3343 sunt

225 3413 230 3429 ¹
249 3412 342 3450 Gen„
355 3419 452 3453 xv111,
470 3414 522 3445 20.
540 3430 573 3435 -—
590 3413 604 3434 ²
617 3411 738 3452 Exod„
752 3419 810 3452 xx,
825 3413 900 3444 5.—
915 3411 926 3430 ³
943 3409 1064 3448 Ecclz'„
1078 3416 1203 3449 xxxin,

184 3462 210 3491 5.
228 3477 269 3484 -
289 3460 403 3501 ⁴Luc.,
422 3468 486 3502 ΧΠ,
506 3462 538 3495 2.
558 3477 597 3484 -
617 3461 630 3483 ⁸
649 3460 770 3499 Emori„
790 3466 860 3499 xvi,
883 3461 913 3491 8.
928 3476 968 3482 —
989 3459 1000 3477 ⁸
1025 3459 1035 3489 1
1057 3457 1147 3497 Cor„
1168 3464 1204 3497 x,

1284 246 1646 286 murmurationes
1671 249 1713 286 et
1732 245 2009 289 detractiones
2028 254 2042 275 ⁸
2062 264 2070 290 ε
2101 265 2121 288 (ι
2138 250 2311 292 Detrac-

1282 316 1416 365 tores,
1439 315 1521 357 Deo
1553 316 1742 358 odibiles,
1768 331 1787 355 n
1809 317 2069 363 Detractores
2091 321 2189 362 dicit
2216 322 2312 374 plu·
2346 324 2470 374 'Detrac-

1282 386 1449 438 raliter,
1480 387 1582 440 quia
1615 388 1814 429 detractio
1847 390 1894 429 fit
1929 390 2121 443 pluribus
2153 393 2309 444 modis,
2332 367 2472 444 8310?OE-

1284 457 1461 498 scilicet:
1485 459 1553 500 vel
1574 472 1672 500 cum
1693 460 1905 501 occultum
1924 461 2086 503 bonum
2105 466 2310 516 negatum

1283 527 1351 568 vel
1377 540 1474 570 cum
1502 533 1697 583 apertum
1727 531 2004 582 diminuitur3
2029 533 2098 574 vel
2124 545 2223 574 cum
2242 545 2312 574 oc-

1283 598 1445 639 cultum
1460 600 1621 641 malum
1639 601 1907 653 propalatur3
1928 602 1995 643 vel
2013 604 2182 656 quando
2197 615 2316 656 aper-

1284 671 1377 708 tum
1394 670 1577 723 amplius
1597 671 1862 723 divulgatur.
1886 671 1936 713 Et
1956 673 2064 714 bene
2083 673 2171 714 dixi
2188 688 2197 714 :
2215 674 2316 716 Par-

1283 741 1392 785 cite:
1434 743 1636 793 quoniam
1683 754 1816 785 sermo
1861 743 2059 786 obscurus
2080 755 2094 784 :
2136 743 2281 785 Glossa
2302 758 2313 785 t

1290 826 1309 850 (ι
1328 811 1514 863 Otiosus,
1541 816 1589 854 ut
1616 817 1678 854 est
1705 814 1888 855 verbum
1921 814 2180 856 murmuris:
2210 829 2230 852 »
2262 815 2317 857 In

1283 893 1464 926 vacuum
1483 895 1569 927 non
1589 885 1688 935 ibit,
1709 886 1752 926 id
1771 889 1854 937 est,
1878 887 1968 927 sine
1994 898 2119 939 poena
2138 898 2225 926 non
2245 898 2317 928 re-

1285 955 1489 1005 manebit;
1509 956 1609 1008 quia
1627 968 1704 996 nec
1718 968 1857 997 sermo
1872 957 2047 1007 otiosus,
2065 957 2313 998 Matthaeus:

1283 1027 1297 1050 ⁹
1323 1040 1342 1063 a
1360 1024 1416 1065 De
1436 1026 1552 1066 omni
1573 1027 1703 1067 verbo
1724 1027 1875 1076 otioso,
1899 1042 1918 1064 n
1944 1029 2022 1067 ete.
2045 1026 2162 1079 Ergo
2183 1028 2317 1069 multo

1284 1096 1425 1147 magis
1443 1095 1494 1136 de
1516 1096 1647 1136 verbo
1667 1096 2095 1138 malitiosoNerbum
2114 1098 2314 1149 otiosum,

1284 1169 1331 1207 ut
1350 1166 1449 1206 dicit
1468 1166 1526 1206 ibi
1544 1165 1706 1218 Glossa,
1731 1169 1793 1207 est
1812 1167 1927 1220 quod
1946 1167 2099 1208 dicitur
2120 1167 2211 1209 sine
2229 1169 2317 1210 uti-

1282 1237 1396 1278 litate
1409 1236 1475 1290 loq
1483 1236 1710 1288 uentis,vel
1727 1238 1950 1279 audientis.
1967 1237 2255 1292 Hieronymus
2266 1240 2316 1281 ¹⁰:

1289 1324 1308 1347 α
1328 1309 1461 1350 Omne
1480 1309 1593 1361 quod
1614 1321 1701 1350 non
1724 1309 1904 1351 aedificat
1925 1310 2162 1363 loquentes,
2184 1311 2231 1352 in
2249 1324 2318 1364 pe-

1284 1379 1468 1420 riculum
1501 1379 1681 1421 vertitur
1712 1379 1994 1432 loquentium.
2033 1396 2052 1419 »
2089 1382 2143 1424 Os
2175 1385 2315 1424 aulem

1283 1451 1395 1504 quod
1418 1451 1636 1501 mentitur,
1665 1450 1821 1491 scilicet
1845 1452 2128 1502 detrahendo,
2160 1453 2318 1496 occidit

1285 1524 1498 1565 animam:
1517 1521 1659 1563 Glossa
1675 1537 1683 1563 ε
1700 1535 1938 1564 «mucrone
1957 1525 2115 1576 peccati
2128 1526 2316 1565 animam

1284 1594 1538 1636 mentientis.
1573 1609 1592 1632 »
1613 1594 1805 1635 Psalmus
1835 1595 1862 1619 ¹²
1890 1609 1898 1634 :
1927 1595 2119 1636 «Perdes
2150 1609 2314 1648 omnes,

1284 1668 1358 1721 qui
1377 1668 1614 1720 loquuntur
1635 1667 1917 1708 mendacium.
1939 1682 1958 1706 »
1979 1668 2030 1708 Et
2052 1669 2313 1719 notandum,

1284 1738 1398 1791 quod
1418 1738 1611 1790 loquitur
1628 1738 1679 1778 de
1694 1737 1913 1778 mendacio
1929 1738 2181 1791 pernicioso,
2203 1739 2317 1792 quod

1283 1811 1346 1849 est
1377 1809 1573 1858 mortale;
1607 1820 1694 1849 non
1729 1808 1780 1849 de
1809 1810 1978 1861 Jocoso,
2013 1809 2081 1850 vel
2110 1810 2315 1853 officioso.

1284 1879 1402 1921 Unde
1423 1880 1589 1921 Glossa:
1617 1894 1637 1919 (ι
1656 1879 1729 1920 Est
1749 1880 2018 1921 mendacium
2032 1880 2205 1922 levioris
2228 1881 2317 1923 001-

1282 1964 1364 2005 pae,
1389 1963 1489 1992 cum
1509 1950 1605 2003 quis
1626 1950 1864 2003 praestando
1893 1951 2173 2003 beneficium,
2196 1964 2316 1993 men-

1282 2022 1400 2063 titur.
1432 2035 1451 2059 ))
1478 2021 1560 2062 Sed
1589 2020 1768 2072 videtur,
1797 2021 1909 2074 quod
1941 2021 2110 2074 aliquod
2143 2023 2320 2064 menda·
2359 2039 2479 2067 Dubita-

1283 2093 1399 2134 cium
1420 2092 1472 2133 sit
1494 2093 1655 2133 bonum
1675 2095 1716 2133 et
1735 2092 2028 2142 meritorium,
2051 2092 2151 2146 quia
2175 2093 2317 2135 obste-
2338 2080 2389 2108 ¹1⁰·

1283 2164 1405 2204 trices
1438 2163 1469 2189 ¹²
1506 2163 1757 2203 mentientes
1797 2164 2049 2203 meruerunt
2091 2164 2320 2216 praemium

1283 2235 1396 2287 apud
1419 2236 1588 2287 ⁸iustum
1619 2233 1833 2287 Judicem,
1867 2233 2024 2274 scilicet
2049 2233 2209 2285 Deum,
2244 2234 2321 2288 qui

1282 2305 1370 2345 falli
1389 2317 1475 2346 non
1493 2306 1652 2358 potest,
1679 2307 1729 2346 ut
1758 2306 1885 2357 patet.
1908 2304 2142 2346 Dicendum
2168 2316 2319 2346 secun-

1284 2375 1386 2416 dum
1425 2374 1612 2416 Glossam
1627 2407 1638 2426 ,
1676 2375 1791 2428 quod
1830 2387 1916 2415 non
1956 2377 2018 2416 est
2050 2377 2320 2417 remunerata

1284 2445 1516 2497 mendacii,
1550 2446 1622 2486 sed
1641 2445 1806 2498 pietatis
1833 2458 1981 2486 earum
2008 2445 2316 2487 benevolentia.

1283 2517 1366 2558 Sed
1382 2517 1593 2570 numquid
1609 2529 1746 2558 unum
1764 2519 1806 2557 et
1825 2516 1937 2557 idem
1956 2517 2112 2557 factum
2127 2517 2205 2557 fuit
2224 2529 2316 2570 pec-

1283 2590 1447 2635 catum,
1470 2591 1511 2628 et
1530 2590 1673 2627 tamen
1693 2587 1844 2627 habuit
1862 2587 2167 2629 benevolentiae
2186 2588 2316 2629 meri-

1282 2660 1405 2700 tum?
1419 2658 1470 2699 Et
1484 2658 1664 2709 videtur,
1682 2659 1795 2711 quod
1808 2658 1888 2699 sic:
1910 2658 2010 2699 dicit
2024 2660 2137 2699 enim
2152 2659 2314 2701 Glossa:

1290 2745 1309 2769 (ι
1330 2729 1440 2771 Deus
1459 2741 1597 2770 unum
1617 2729 1813 2781 idemque
1841 2728 2000 2769 factum
2015 2760 2027 2778 ,
2050 2732 2221 2782 propter
2239 2730 2316 2771 bo-

1282 2814 1409 2852 num,
1430 2800 1590 2841 maium
1610 2799 1843 2850 condonat,
1867 2802 1908 2840 et
1933 2800 2094 2840 bonum
2114 2811 2314 2842 remune-

1281 2876 1361 2914 rat.
1384 2872 1630 2923 Dicendum,
1647 2871 1761 2924 quod
1776 2882 1912 2911 unum
1934 2871 2011 2911 fuit
2036 2872 2313 2924 connexione,

1280 2956 1368 2985 non
1391 2943 1668 2993 indivisibile;
1701 2942 1802 2995 quia
1820 2942 1936 2983 aliud
1963 2942 2043 2983 fuit
2062 2942 2240 2983 intentio
2260 2943 2314 2984 li-

1281 3015 1470 3066 berandi,
1491 3014 1606 3056 aliud
1629 3014 1828 3055 voluntas
1848 3013 2103 3065 mentiendi,
2125 3013 2222 3055 licet
2238 3025 2313 3055 co-

1281 3087 1492 3128 ordinata.

1334 3161 1401 3199 12.
1421 3156 1558 3200 Nolite
1576 3155 1732 3206 zelare,
1750 3155 1828 3196 etc.
1851 3153 1928 3195 Hic
1947 3154 2142 3196 hortatur
2157 3155 2209 3196 ad
2224 3156 2313 3208 jus-

1280 3229 1414 3270 titiam
1428 3228 1586 3282 operis:
1608 3229 1649 3268 et
1667 3227 1806 3280 primo
1825 3237 1901 3279 per
1913 3226 2097 3268 rationes
2115 3228 2307 3280 sumptas

2357 2388 2478 2417 Solutio.

2360 2529 2479 2559 Dubita-

2338 2572 2388 2599 tio.

2355 2883 2475 2911 solutio.

1281 3364 1330 3394 10.
1347 3378 1388 3385 -
1407 3361 1417 3380 ⁷
1436 3359 1506 3401 Job,
1530 3367 1577 3400 V1,
1597 3360 1649 3392 25.
1675 3375 1715 3382 —
1730 3358 1743 3380 8
1760 3359 1864 3397 Rom„
1884 3364 1919 3397 1,
1935 3358 1987 3389 3ο.
2001 3373 2043 3381 -
2058 3357 2070 3379 ⁰
2091 3357 2225 3399 Mattlz„
2245 3366 2310 3399 111,

1279 3410 1385 3441 36.-
1406 3409 1430 3432 ¹⁰
1448 3407 1604 3449 Hieron„
1623 3406 1659 3439 in
1677 3405 1811 3446 Matth„
1831 3414 1861 3437 0.
1882 3411 1989 3436 xi1.--
2009 3404 2031 3424 ¹¹
2052 3405 2145 3438 Psal.
2168 3413 2200 3445 v,
2217 3407 2250 3439 7.
2270 3424 2311 3430 --

1284 3456 1310 3478 ¹²
1329 3456 1448 3495 Exod„
1470 3464 1495 3497 1,
1516 3456 1610 3488 17.-—
1630 3454 1674 3497 (a)
1697 3454 1779 3487 Goet.
1797 3452 1879 3486 edit.
1901 3452 2063 3484 zelantes.
