2634 3853
85 570 222 603 Regnum

83 611 149 638 Dei.

119 2196 188 2223 Tria

86 2240 154 2263 sunt
183 2238 223 2264 si-

85 2287 143 2312 gna
158 2280 224 2313 qui-

86 2319 140 2346 bus
155 2329 224 2354 pro-

107 2360 202 2395 batur,

121 2411 192 2428 num

84 2444 225 2478 praedica-

84 2486 130 2510 tor
140 2493 156 2511 a
166 2486 225 2512 Deo

87 2525 123 2551 sit
154 2527 225 2552 mis-

86 2573 146 2593 sus.

244 261 322 300 450

244 348 346 388 dum
367 345 496 397 missi,
518 356 604 386 non
622 355 712 385 rem
738 352 929 396 parvam,
952 339 1023 379 sed
1043 349 1264 389 maguam,

243 416 398 458 scilicet
420 427 607 467 regnum
634 414 719 455 Dei.
743 412 820 452 Per
841 409 952 463 quod
981 411 1115 460 potest
1143 406 1266 447 intel-

243 487 321 539 ligi
347 487 535 528 doctrina
562 483 768 531 veritatis,
788 483 912 533 juxta
938 479 1041 519 illud
1064 479 1071 499 ¹
1097 492 1106 517 z
1139 493 1157 516 «
1177 477 1265 517 Au·

243 559 398 598 feretur
419 571 442 596 a
460 556 577 596 vobis
597 564 780 604 regnum
798 550 883 597 Dei,
903 552 941 589 et
959 549 1126 589 dabitur
1149 547 1266 598 genti

242 629 408 670 facienti
448 628 607 666 fructus
642 625 746 675 ejus.
785 636 804 659 >³
846 620 985 660 Potest
1021 619 1149 659 etiam
1188 617 1269 657 dici

243 701 379 753 gratia
411 698 591 749 Spiritus
620 694 772 738 sancti,
807 692 1039 734 secundum
1071 690 1176 730 illud
1209 694 1222 714 ‘²
1257 703 1265 729 ε

245 788 262 809 «
284 772 376 811 Non
396 773 455 809 cst
478 768 590 807 enim
621 777 807 817 regnum
837 764 909 805 Dci
939 775 1031 803 esca
1057 766 1097 803 et
1127 763 1267 814 potus,

242 843 312 882 sed
333 840 516 892 justitia,
542 841 581 877 ct
606 849 710 889 pax,
736 840 776 876 ct
801 835 1006 887 gaudium
1036 834 1075 873 in
1109 832 1268 884 Spiritu

240 916 397 953 sancto.
420 926 437 948 »
463 911 575 950 lnsra
595 913 608 934 ³
634 922 643 948 ε
673 923 691 945 α
711 907 815 947 Ecce
844 906 957 946 enim
985 915 1167 955 regnum
1195 902 1269 942 Dei

239 984 350 1023 intra
382 994 458 1023 vos
497 985 573 1021 cst.
613 994 632 1017 n
675 978 813 1019 Potest
851 977 978 1017 etiam
1014 975 1093 1015 dici
1132 973 1269 1025 gloria

240 1058 418 1102 aetcrna,
446 1054 571 1104 juxta
598 1050 703 1091 illud
723 1050 736 1070 ⁸
762 1063 770 1089 :
800 1048 994 1096 «Amen,
1024 1051 1149 1085 amen
1177 1044 1268 1084 dico

239 1125 379 1174 vobis,
410 1123 491 1163 nisi
518 1121 612 1174 quis
643 1124 814 1160 renatus
850 1117 976 1158 fuerit
1003 1129 1055 1156 ex
1085 1127 1197 1167 aqua
1228 1118 1269 1155 et

239 1195 396 1248 Spiritu
429 1197 592 1242 sancto,
620 1204 705 1232 non
732 1192 867 1243 potest
890 1188 1066 1228 introire
1092 1187 1137 1226 in
1166 1198 1269 1238 reg-

239 1277 346 1305 num
379 1264 466 1304 Dei.
504 1278 523 1300 »
563 1261 768 1302 Omnibus
801 1259 867 1299 his
907 1258 1042 1298 modis
1081 1255 1269 1309 Apostoli

240 1338 339 1377 sunt
367 1334 482 1375 missi
513 1333 743 1386 praedicare
773 1341 961 1382 regnum
994 1328 1085 1377 Dei,
1116 1327 1271 1367 scilicet

239 1418 383 1447 veram
403 1405 652 1453 doctrinam,
672 1402 863 1443 divinam
879 1400 1078 1452 gratiam,
1096 1400 1135 1439 et
1151 1400 1271 1438 aeter-

240 1490 339 1518 nam
361 1477 556 1529 gloriam.
580 1476 631 1516 Et
656 1474 758 1527 quia
785 1475 955 1525 propter
975 1470 1270 1511 auctoritatem

240 1548 550 1601 praedicationis
579 1547 839 1587 concesserat
865 1545 1111 1595 potestatem
1143 1552 1270 1580 cura-

240 1619 381 1669 tionis,
404 1619 496 1659 ideo
518 1617 659 1658 subdit
681 1630 689 1655 ε
712 1616 765 1657 Ec
787 1624 939 1656 sanare
958 1612 1168 1662 insti-mos,
1192 1610 1271 1650 sci-

240 1690 336 1730 licet
356 1689 471 1729 misit
492 1689 543 1728 ad
565 1684 929 1727 confirmationem
950 1682 1139 1723 veritatis
1159 1692 1268 1732 prae-

241 1761 379 1800 dicare
393 1758 627 1799 secundum
643 1756 748 1796 illud
762 1755 774 1776 ⁵
792 1766 801 1794 :
821 1769 838 1791 α
854 1753 917 1793 llli
935 1755 1077 1792 autern
1096 1750 1272 1803 profecti

241 1832 582 1884 praedicaverunt
600 1828 777 1879 ubique,
804 1824 982 1865 Domino
1001 1826 1268 1874 cooperante,

241 1906 282 1944 et
319 1913 558 1943 sermonem
591 1899 868 1940 confirmante
902 1893 1179 1947 sequentibus
1215 1893 1270 1932 si-

244 1976 355 2029 gnis.
392 1989 410 2012 n
452 1972 565 2013 Unde
588 1972 770 2023 signum
804 1967 1013 2008 missionis
1041 1964 1272 2018 spiritualis

239 2044 551 2099 prcedicationis
575 2042 627 2082 ad
651 2038 993 2094 praedicaudum,
1019 2038 1082 2077 est
1110 2035 1271 2076 sanatio

241 2118 509 2159 audientium
530 2128 555 2155 a
574 2113 735 2155 morbis
755 2112 974 2153 vitiorum.

295 2189 392 2229 Tria
423 2191 566 2229 autem
595 2188 694 2226 sunt
722 2185 845 2236 signa
876 2180 1090 2223 evidentia
1118 2178 1274 2232 quibus

244 2261 447 2314 probatur
487 2261 634 2299 utrum
674 2254 922 2308 praedicator
953 2265 977 2292 a
1012 2250 1189 2292 Domino
1222 2249 1274 2289 sit

245 2333 399 2373 missus
425 2330 476 2371 ad
506 2327 794 2379 Evangelium
825 2322 1157 2378 praedicandum.
1190 2320 1275 2360 Pri-

245 2415 366 2443 mum
386 2404 448 2442 est
467 2399 692 2441 auctoritas
713 2394 930 2444 mittentis,
955 2391 1193 2445 qu‘usmodi
1213 2392 1275 2430 est

246 2473 460 2515 Pontificis
487 2475 527 2513 et
546 2469 733 2512 maxime
759 2465 972 2508 Pontificis
998 2463 1179 2511 summi,
1202 2462 1275 2515 qui

246 2548 308 2586 est
335 2545 426 2586 loco
455 2542 587 2591 Petri,
614 2541 701 2581 imo
731 2539 830 2580 Jesu
855 2535 1026 2585 Christi3
1054 2534 1167 2575 unde
1200 2532 1274 2586 qui

246 2617 298 2658 ab
327 2628 376 2656 eo
409 2613 606 2662 mittitur,
634 2623 658 2651 a
690 2609 854 2650 Christo
884 2607 1081 2647 mittitur.
1112 2605 1274 2645 Secun-

246 2687 350 2726 dum
382 2687 444 2726 est
476 2683 590 2724 zelus
619 2681 861 2722 animarum
894 2678 940 2718 in
965 2688 1147 2730 persona
1176 2686 1274 2727 quae

247 2757 444 2806 mittitur,
460 2754 628 2807 quando
647 2752 801 2792 scilicet
820 2748 1104 2803 principaliter
1120 2746 1276 2799 quaerit

248 2826 317 2866 Dei
337 2826 546 2866 honorem
567 2825 607 2863 et
621 2822 861 2862 animarum
876 2819 1069 2860 salutem.
1087 2817 1275 2858 Tertium

246 2899 308 2936 est
328 2894 606 2942 fructificatio,
628 2895 668 2933 et
687 2890 905 2932 conversio
920 2889 1178 2930 auditorum.
1197 2888 1277 2928 Per

246 2967 432 3018 primum
456 2967 553 3005 sunt
574 2963 714 3004 nuntii
738 2961 897 3011 Patris,
921 2972 996 3013 per
1015 2959 1248 3000 secundum
1260 2989 1273 3009 ,

248 3036 364 3086 Filii3
388 3047 462 3087 per
491 3035 685 3082 tertium,
716 3033 900 3085 Spiritus
925 3031 1071 3071 sancti.
1100 3030 1157 3069 De
1188 3028 1274 3082 pri-

248 3118 318 3146 mo
344 3106 357 3126 ⁶
391 3120 400 3145 2
440 3120 459 3142 «
489 3104 568 3144 Pro
600 3104 790 3156 patribus
822 3102 907 3142 tuis
941 3101 1031 3141 nati
1063 3102 1163 3140 sunt
1202 3099 1276 3139 tibi

246 3176 343 3226 filii,
365 3189 384 3214 ι)
428 3178 504 3216 etc.
529 3176 664 3215 Lucas
682 3173 694 3194 '⁴
718 3185 728 3213 ε
771 3188 789 3211 «
818 3172 897 3221 Qui
929 3183 1004 3213 vos
1035 3171 1175 3221 audit,
1208 3181 1277 3210 me

247 3246 385 3295 audit;
417 3248 473 3300 *et
515 3244 589 3297 qui
622 3255 699 3284 vos
736 3243 917 3295 spernit,
964 3253 1031 3281 me
1076 3240 1274 3293 spernit:

246 3317 319 3368 qui
358 3318 502 3356 autem
538 3326 607 3355 me
652 3313 834 3365 spernit,
869 3312 1028 3365 spernit
1065 3323 1164 3351 eum
1201 3310 1278 3363 qui

292 3449 297 3465 ¹
319 3446 453 3486 Mutila,
476 3453 550 3484 xxi,
573 3445 674 3476 43.-
699 3443 709 3461 ²
727 3443 830 3479 Rom„
851 3450 924 3480 x1v‚
948 3442 1041 3473 17.-
1061 3441 1072 3459 ³
1095 3440 1171 3480 lus„
1192 3447 1275 3478 xvn,

248 3495 300 3524 21.
318 3510 357 3516 -
385 3494 395 3511 ⁴
421 3494 528 3532 doum,
552 3499 605 3531 111,
635 3492 667 3521 3.
689 3507 724 3512 ——
746 3490 759 3510 ⁶
776 3490 894 3528 Marcu,
918 3496 990 3529 XVI,
1014 3490 1066 3519 20.
1086 3504 1126 3510 —
1152 3488 1164 3504 ⁰
1186 3486 1278 3518 Psal.

247 3547 339 3579 λων,
362 3541 412 3571 17.
433 3556 474 3563 —-
494 3540 502 3557 ⁷
523 3538 599 3578 lnf.‚
620 3544 654 3576 x,
677 3538 727 3568 16.
749 3552 789 3559 —
807 3536 817 3553 ⁸
837 3537 925 3575 Act„
947 3543 978 3574 V,
1001 3537 1033 3566 4.
1051 3552 1090 3556 —
1109 3536 1120 3551 ²*
1140 3534 1164 3564 ΙΙ
1188 3534 1278 3571 corn,

968 248 1249 302 EVANGELu
1279 234 1462 290 SANCTI'
1491 247 1638 289 LUCAE

1343 337 1457 382 misit
1477 348 1558 377 me.
1579 350 1598 374 »
1625 334 1741 375 Unde
1762 333 1924 375 dicebat
1950 333 2098 376 Petrus
2127 333 2304 376 Ananiae
2323 335 2337 358 ⁸
2359 343 2370 374 ε

1341 406 1435 448 Non
1454 418 1498 447 es
1519 406 1721 446 mentitus
1740 404 1987 445 hominibus
1998 436 2011 456 ‚
2031 405 2103 446 sed
2125 405 2222 455 Deo,
2243 419 2261 442 n
2292 406 2370 445 etc.

1342 478 1398 517 De
1444 477 1627 518 secundo
1667 480 1680 501 ⁹
1715 491 1724 517 z
1762 492 1781 513 «
1813 475 1906 516 Non
1941 476 2054 516 enim
2093 476 2373 528 nosmetipsos

1344 548 1622 600 pra‘dicamus
1641 579 1651 596 ,
1695 562 1714 584 ›>
1763 549 1840 586 etc.
1891 545 1942 586 Et
1986 546 2085 587 item
2121 548 2148 572 ¹⁰
2184 562 2193 587 ι
2232 562 2250 584 «
2282 546 2374 587 Non

1344 620 1456 660 enim
1489 632 1631 672 quaero
1666 630 1762 672 quae
1798 621 1934 660 vestra
1967 620 2095 667 sunt,
2132 618 2204 659 sed
2238 630 2327 659 vos.
2350 632 2368 655 n

1344 691 1400 732 De
1420 691 1542 731 tertio
1567 692 1589 713 ¹¹
1617 706 1624 732 :
1655 690 1819 731 «Posui
1850 701 1925 730 vos
1952 691 2001 729 ut
2020 688 2124 729 eatis
2141 720 2151 738 ,
2184 691 2224 728 et
2254 689 2374 730 fruc-

1343 765 1436 802 tum
1465 762 1671 811 afferatis,
1704 764 1744 801 et
1781 761 1943 800 fruetus
1975 762 2114 799 vester
2145 762 2368 800 maneat.»

1344 832 1395 873 Et
1410 832 1481 884 qui
1493 832 1550 871 sic
1564 832 1759 882 mittitur,
1779 832 1914 883 potest
1928 830 2064 870 dicere
2078 829 2182 869 illud
2196 830 2223 851 ¹²
2238 841 2275 869 :a
2288 830 2376 882 Spi-

1343 903 1452 943 ritus
1491 902 1658 943 Domini
1694 913 1820 955 super
1859 913 1926 942 mc
1939 932 1951 952 ,
1995 912 2044 941 eo
2083 911 2167 952 quo
2206 899 2377 941 unxerit

1344 986 1427 1022 me,
1449 988 1467 1010 ›)
1494 976 1570 1014 etc.

1398 1049 1436 1085 3.
1459 1045 1513 1087 Ec
1540 1045 1604 1086 ait
1628 1043 1687 1085 ad
1705 1044 1798 1086 illos
1819 1043 1976 1086 :Nihil
2004 1043 2189 1086 tuleritis
2211 1043 2259 1084 in
2285 1043 2372 1084 via.

1345 1115 1444 1156 Post
1471 1115 1793 1167 explicationem
1823 1115 2082 1155 auctoritatis
2115 1114 2374 1162 commissae,

1344 1186 1540 1226 subditur
1555 1186 1778 1238 descriptio
1792 1186 2025 1226 honestatis
2039 1186 2259 1238 injUnctae.
2277 1184 2377 1225 Haec

1344 1259 1488 1298 autem
1508 1256 1694 1298 consistit
1713 1257 1758 1296 in
1780 1256 1930 1307 tribus,
1956 1256 2111 1297 scilicet
2129 1256 2173 1296 in
2192 1267 2376 1308 pauper-

1344 1331 1427 1368 tate
1447 1328 1602 1378 victuS,
1625 1328 1829 1368 tenuitate
1858 1328 2058 1378 vestitus,
2080 1330 2120 1367 et
2137 1326 2378 1367 humilitate

1345 1399 1577 1439 convictus.
1602 1397 1744 1439 Primo
1765 1411 1884 1450 ergo,
1902 1400 2111 1450 quantum
2126 1398 2175 1438 ad
2198 1409 2377 1449 pauper-

1344 1472 1430 1509 tem
1450 1469 1493 1509 in
1513 1469 1643 1519 victu,
1665 1469 1816 1509 dicitur
1833 1483 1842 1509 t
1865 1470 1919 1511 Ec
1938 1470 2002 1511 az't
2023 1468 2144 1511 illos:
2164 1467 2286 1509 Nl'llz'l
2308 1471 2378 1509 tu-

1345 1540 1482 1583 lei-itis
1504 1542 1552 1583 in
1579 1542 1677 1591 via,
1699 1541 1916 1581 occasione
1946 1541 2101 1581 scilicet
2135 1539 2378 1591 temporalis

1345 1612 1674 1663 sustentationis,
1686 1614 1734 1651 ut
1747 1612 1941 1664 exemplo
1956 1610 2188 1664 praedicetis
2206 1609 2310 1650 illud
2322 1610 2351 1631 ¹³
2367 1624 2375 1650 :

1351 1699 1370 1721 «
1398 1683 1512 1723 Nihil
1543 1683 1765 1723 intulimus
1791 1683 1836 1723 in
1864 1683 1982 1722 hunc
2002 1681 2240 1730 mundum,
2262 1679 2378 1720 haud

1346 1754 1524 1794 dubium
1544 1754 1655 1806 quod
1679 1765 1756 1794 nec
1776 1754 1942 1793 auferre
1964 1753 2063 1804 quid
2093 1763 2330 1805 possumus.
2355 1764 2374 1788 >³

1344 1826 1395 1867 Et
1408 1828 1456 1866 ut
1469 1826 1864 1878 magisinnotescat,
1881 1825 2093 1866 descendit
2107 1825 2159 1865 ad
2178 1823 2375 1877 speciale,

1345 1910 1444 1938 cum
1466 1897 1607 1938 subdit
1626 1912 1634 1938 ε
1657 1897 1798 1950 Neque
1818 1898 2010 1949 virgam,
2033 1895 2190 1936 scilicet
2212 1895 2265 1936 ad
2285 1907 2379 1935 sus-

1344 1969 1612 2020 tentandum;
1641 1979 1774 2021 neque
1796 1979 1966 2021 peram,
1989 1967 2041 2008 ad
2062 1966 2374 2019 reponendum;

1345 2051 1474 2092 neque
1492 2050 1662 2092 panem,
1686 2040 1738 2080 ad
1761 2039 2125 2087 manducandum3
2152 2049 2285 2090 neque
2305 2048 2377 2092 pe—

1345 2111 1531 2161 cuniam,
1556 2111 1607 2151 ad
1628 2111 1872 2152 emendum.
1896 2111 1944 2151 In
1965 2123 2050 2163 quo
2069 2113 2130 2151 est
2150 2109 2378 2163 prohibitio

1345 2182 1484 2221 omnis
1516 2181 1702 2233 praesidii
1740 2181 2002 2233 temporalis,
2045 2184 2092 2221 ut
2132 2180 2378 2221 ostendatur

1346 2251 1458 2303 quod
1490 2251 1736 2303 praedicator
1765 2264 1819 2291 ex
1850 2251 2148 2303 magnitudine
2179 2251 2268 2303 spei
2299 2250 2377 2290 soli

1346 2321 1429 2362 Deo
1458 2322 1579 2362 debet
1604 2322 1747 2372 inniti,
1773 2322 2008 2362 secundum
2033 2321 2138 2362 illud
2153 2321 2180 2342 ¹⁸
2202 2334 2211 2361 ε
2236 2336 2254 2359 (ι
2274 2320 2373 2362 Om-

1345 2404 1445 2433 nem
1472 2393 1798 2433 sollicitudinem
1827 2395 2010 2434 vestram
2041 2392 2307 2444 projicientes
2329 2392 2374 2432 in

1346 2475 1460 2512 eum,
1483 2464 1683 2516 quoniam
1702 2463 1780 2516 ipsi
1793 2475 1895 2503 cura
1913 2466 1976 2504 est
1993 2463 2044 2504 de
2056 2463 2190 2504 vobis.
2214 2476 2233 2500 n
2256 2461 2373 2502 Unde

1346 2534 1473 2574 etiam
1504 2534 1651 2574 heatus
1687 2533 1955 2584 Franciscus,
1986 2533 2156 2586 quando
2183 2533 2376 2574 mittebat

1346 2604 1494 2644 fratres
1514 2604 1566 2644 ad
1585 2604 1915 2657 praedicandum,
1935 2604 2098 2645 dicebat
2117 2604 2176 2644 eis
2196 2603 2299 2644 illud
2318 2603 2344 2626 ¹⁵
2366 2618 2376 2644 ε

1353 2690 1372 2713 ε(
1392 2668 1508 2716 {lacta
1526 2675 1760 2726 cogitatum
1780 2677 1904 2716 tuum
1930 2676 1975 2715 in
2004 2674 2206 2725 Domino,
2230 2677 2271 2715 et
2289 2675 2377 2727 ipse

1346 2748 1387 2786 te
1407 2745 1602 2786 enutriet.
1626 2759 1645 2783 »
1684 2745 1731 2785 In
1761 2745 1844 2786 hoc
1873 2748 2016 2786 autem
2044 2757 2132 2786 non
2158 2745 2377 2798 prohibet,

1346 2818 1395 2856 ut
1420 2815 1519 2856 dicit
1555 2816 1839 2867 Augustinus,
1877 2816 2111 2856 studiosam
2152 2816 2381 2868 providen-

1347 2887 1465 2936 tiam,
1482 2886 1553 2927 sed
1567 2886 1777 2926 curiosam
1793 2885 2130 2936 sollicitudinem,
2143 2887 2378 2927 secundum

1347 2957 1451 2997 illud
1472 2958 1500 2982 ¹⁶
1520 2968 1529 2995 :
1555 2971 1574 2995 «
1599 2955 1735 2998 Nolite
1755 2956 1921 2997 solliciti
1940 2968 2028 2997 esse
2049 2957 2094 2996 in
2114 2957 2346 2996 crastinum
2364 2967 2374 2995 ι

1349 3028 1555 3068 crastinus
1582 3028 1697 3068 enim
1722 3027 1810 3068 dies
1841 3026 2044 3067 sollicitus
2070 3026 2149 3066 erit
2177 3026 2341 3079 sibiipsi
2368 3041 2377 3068 ε

1349 3099 1505 3139 sufficit
1524 3098 1605 3138 diei
1633 3097 1793 3138 malitia
1815 3109 1908 3137 sua.
1927 3111 1947 3135 ›>
1972 3096 2022 3137 Et
2041 3096 2149 3147 ideo,
2172 3097 2223 3138 ad
2245 3097 2375 3150 hujus

1349 3168 1547 3221 praecepti
1567 3171 1724 3208 rectam
1756 3167 2106 3218 intelligentiam,
2129 3167 2242 3219 quod
2266 3179 2378 3208 unus

1350 3239 1624 3291 evangelista,
1646 3238 1801 3278 scilicet
1817 3236 1964 3286 Lucas,
1988 3240 2131 3289 negat,
2152 3238 2256 3278 alter
2271 3239 2381 3279 affir-

1349 3312 1458 3359 mat,
1487 3309 1641 3349 scilicet
1660 3308 1850 3357 Marcus,
1870 3319 1895 3347 a
1914 3319 1999 3360 quo
2022 3307 2174 3348 dicitur
2195 3309 2223 3334 ¹⁷
2257 3322 2268 3349 t
2295 3324 2314 3347 (ι
2330 3308 2382 3349 Et

1350 3399 1397 3432 JV,
1416 3394 1447 3423 5.
1461 3410 1502 3415 -
1521 3392 1548 3414 1⁰
1568 3392 1666 3431 lbid.‚
1684 3399 1749 3431 ΧΠ,
1767 3391 1818 3422 14.
1833 3407 1872 3414 -
1893 3389 1916 3411 ¹¹
1930 3390 2038 3430 Joan„
2058 3398 2114 3431 xv,
2137 3392 2186 3424 16.
2201 3408 2242 3415 -
2262 3391 2286 3413 ¹²
2300 3392 2380 3432 isa„

1351 3447 1428 3479 LXI,
1457 3443 1484 3471 1.
1504 3456 1542 3462 —
1573 3438 1629 3469 ¹³1
1660 3438 1755 3477 Tim„
1784 3445 1836 3477 v1,
1863 3439 1895 3468 7.
1925 3454 1960 3460 —
1996 3438 2020 3459 ¹³
2051 3439 2194 3477 1Petr.,
2223 3446 2258 3478 v,
2282 3439 2313 3469 7.
2339 3456 2381 3463 —

1350 3486 1376 3505 ¹³
1404 3485 1494 3563 Ρέςαί.
1525 3493 1594 3523 Ltv,
1623 3486 1674 3516 23.
1705 3502 1745 3507 -
1768 3485 1797 3505 ¹⁶
1826 3483 1959 3523 Matth„
1987 3492 2038 3525 VI,
2061 3486 2112 3516 34.
2137 3501 2179 3508 ——
2207 3486 2231 3507 ¹⁷
2259 3485 2380 3526 Marcu,

1353 3539 1400 3572 vi,
1445 3557 1451 3564 .
