<?xml version="1.0" encoding="UTF-8"?>
<!DOCTYPE html PUBLIC "-//W3C//DTD XHTML 1.0 Transitional//EN"
    "http://www.w3.org/TR/xhtml1/DTD/xhtml1-transitional.dtd">
<html xmlns="http://www.w3.org/1999/xhtml" xml:lang="en" lang="en">
 <head>
  <title>
</title>
<meta http-equiv="Content-Type" content="text/html;charset=utf-8" />
  <meta name='ocr-system' content='tesseract 3.04.00' />
  <meta name='ocr-capabilities' content='ocr_page ocr_carea ocr_par ocr_line ocrx_word'/>
</head>
<body>
  <div class='ocr_page' id='page_1' title='image "./operaomniasixtiv10bonauoft/operaomniasixtiv10bonauoft_0450.png"; bbox 0 0 2634 3853; ppageno 0'>
   <div class='ocr_carea' id='block_1_1' title="bbox 258 269 338 307">
    <p class='ocr_par' dir='ltr' id='par_1_1' title="bbox 258 269 338 307">
     <span class='ocr_line' id='line_1_1' title="bbox 258 269 338 307; baseline 0 0"><span class='ocrx_word' id='word_1_1' title='bbox 258 269 338 307; x_wconf 72' lang='lat'>430</span> 
     </span>
    </p>
   </div>
   <div class='ocr_carea' id='block_1_2' title="bbox 250 353 1290 3398">
    <p class='ocr_par' dir='ltr' id='par_1_2' title="bbox 250 353 1287 2541">
     <span class='ocr_line' id='line_1_2' title="bbox 256 353 1281 408; baseline -0.003 -13"><span class='ocrx_word' id='word_1_2' title='bbox 256 355 340 404; x_wconf 88' lang='lat' dir='ltr'>dis,</span> <span class='ocrx_word' id='word_1_3' title='bbox 356 356 617 408; x_wconf 84' lang='lat' dir='ltr'>procedentis</span> <span class='ocrx_word' id='word_1_4' title='bbox 633 357 685 398; x_wconf 85' lang='lat' dir='ltr'>ab</span> <span class='ocrx_word' id='word_1_5' title='bbox 700 356 963 397; x_wconf 85' lang='lat' dir='ltr'>haesitatione</span> <span class='ocrx_word' id='word_1_6' title='bbox 986 353 1209 396; x_wconf 88' lang='lat' dir='ltr'>dubietatis</span> <span class='ocrx_word' id='word_1_7' title='bbox 1230 353 1281 393; x_wconf 82' lang='lat' dir='ltr'>ad</span> 
     </span>
     <span class='ocr_line' id='line_1_3' title="bbox 256 424 1284 475; baseline -0.001 -10"><span class='ocrx_word' id='word_1_8' title='bbox 256 427 549 468; x_wconf 81' lang='lat' dir='ltr'>certitudinem</span> <span class='ocrx_word' id='word_1_9' title='bbox 567 426 837 475; x_wconf 79' lang='lat' dir='ltr'>credulitatis,</span> <span class='ocrx_word' id='word_1_10' title='bbox 856 425 1009 466; x_wconf 89' lang='lat' dir='ltr'>dicitur</span> <span class='ocrx_word' id='word_1_11' title='bbox 1028 439 1037 465; x_wconf 89' lang='lat'>:</span> <span class='ocrx_word' id='word_1_12' title='bbox 1061 424 1193 466; x_wconf 71' lang='lat' dir='ltr'>Discit</span> <span class='ocrx_word' id='word_1_13' title='bbox 1209 434 1284 465; x_wconf 76' lang='grc' dir='ltr'>αη-</span> 
     </span>
     <span class='ocr_line' id='line_1_4' title="bbox 257 494 1283 548; baseline -0.007 -9"><span class='ocrx_word' id='word_1_14' title='bbox 257 500 341 539; x_wconf 84' lang='lat' dir='ltr'>tem</span> <span class='ocrx_word' id='word_1_15' title='bbox 368 497 459 539; x_wconf 77' lang='lat' dir='ltr'>illis</span> <span class='ocrx_word' id='word_1_16' title='bbox 484 510 498 539; x_wconf 89' lang='lat'>.·</span> <span class='ocrx_word' id='word_1_17' title='bbox 527 498 602 539; x_wconf 74' lang='lat' dir='ltr'>Ubi</span> <span class='ocrx_word' id='word_1_18' title='bbox 629 501 689 540; x_wconf 79' lang='lat' dir='ltr'>est</span> <span class='ocrx_word' id='word_1_19' title='bbox 719 497 827 548; x_wconf 78' lang='lat' dir='ltr'>fides</span> <span class='ocrx_word' id='word_1_20' title='bbox 847 500 989 539; x_wconf 74' lang='lat' dir='ltr'>vestra</span> <span class='ocrx_word' id='word_1_21' title='bbox 1006 497 1027 537; x_wconf 73' lang='grc' dir='ltr'><em>Ρ</em></span> <span class='ocrx_word' id='word_1_22' title='bbox 1047 494 1163 544; x_wconf 84' lang='lat' dir='ltr'>Quod</span> <span class='ocrx_word' id='word_1_23' title='bbox 1184 494 1283 547; x_wconf 88' lang='lat' dir='ltr'>qui-</span> 
     </span>
     <span class='ocr_line' id='line_1_5' title="bbox 256 568 1282 620; baseline -0.002 -13"><span class='ocrx_word' id='word_1_24' title='bbox 256 568 352 608; x_wconf 88' lang='lat' dir='ltr'>dem</span> <span class='ocrx_word' id='word_1_25' title='bbox 381 569 480 609; x_wconf 88' lang='lat' dir='ltr'>dicit</span> <span class='ocrx_word' id='word_1_26' title='bbox 509 568 762 620; x_wconf 86' lang='lat' dir='ltr'>increpando</span> <span class='ocrx_word' id='word_1_27' title='bbox 792 568 1078 617; x_wconf 74' lang='lat' dir='ltr'>dubietatem,</span> <span class='ocrx_word' id='word_1_28' title='bbox 1112 568 1152 607; x_wconf 92' lang='lat' dir='ltr'>et</span> <span class='ocrx_word' id='word_1_29' title='bbox 1182 577 1282 605; x_wconf 79' lang='lat' dir='ltr'>sua-</span> 
     </span>
     <span class='ocr_line' id='line_1_6' title="bbox 256 636 1283 691; baseline -0.001 -14"><span class='ocrx_word' id='word_1_30' title='bbox 256 639 391 679; x_wconf 84' lang='lat' dir='ltr'>dendo</span> <span class='ocrx_word' id='word_1_31' title='bbox 422 639 518 679; x_wconf 85' lang='lat' dir='ltr'>fidei</span> <span class='ocrx_word' id='word_1_32' title='bbox 546 638 790 679; x_wconf 85' lang='lat' dir='ltr'>firmitatem</span> <span class='ocrx_word' id='word_1_33' title='bbox 807 670 818 689; x_wconf 86' lang='lat'>,</span> <span class='ocrx_word' id='word_1_34' title='bbox 841 638 960 691; x_wconf 82' lang='lat' dir='ltr'>quasi</span> <span class='ocrx_word' id='word_1_35' title='bbox 980 638 1089 678; x_wconf 90' lang='lat' dir='ltr'>dicat</span> <span class='ocrx_word' id='word_1_36' title='bbox 1111 651 1119 677; x_wconf 90' lang='lat'>:</span> <span class='ocrx_word' id='word_1_37' title='bbox 1145 636 1283 686; x_wconf 80' lang='lat' dir='ltr'><strong>Quare</strong></span> 
     </span>
     <span class='ocr_line' id='line_1_7' title="bbox 256 707 1282 762; baseline -0.002 -14"><span class='ocrx_word' id='word_1_38' title='bbox 256 709 472 749; x_wconf 77' lang='lat' dir='ltr'>dubitastis</span> <span class='ocrx_word' id='word_1_39' title='bbox 502 709 639 761; x_wconf 82' lang='lat' dir='ltr'>mergi</span> <span class='ocrx_word' id='word_1_40' title='bbox 674 712 714 750; x_wconf 90' lang='lat' dir='ltr'>et</span> <span class='ocrx_word' id='word_1_41' title='bbox 746 709 1000 762; x_wconf 73' lang='lat' dir='ltr'>periclitari?</span> <span class='ocrx_word' id='word_1_42' title='bbox 1021 708 1149 749; x_wconf 82' lang='lat' dir='ltr'>Juxta</span> <span class='ocrx_word' id='word_1_43' title='bbox 1170 707 1282 760; x_wconf 88' lang='lat' dir='ltr'>quod</span> 
     </span>
     <span class='ocr_line' id='line_1_8' title="bbox 255 778 1282 833; baseline -0.001 -14"><span class='ocrx_word' id='word_1_44' title='bbox 255 781 361 820; x_wconf 77' lang='lat' dir='ltr'>dixit</span> <span class='ocrx_word' id='word_1_45' title='bbox 381 779 557 821; x_wconf 82' lang='lat' dir='ltr'>Petro¹z</span> <span class='ocrx_word' id='word_1_46' title='bbox 585 795 604 818; x_wconf 72' lang='grc' dir='ltr'>ε(</span> <span class='ocrx_word' id='word_1_47' title='bbox 627 780 799 821; x_wconf 83' lang='lat' dir='ltr'>Modicae</span> <span class='ocrx_word' id='word_1_48' title='bbox 832 779 958 831; x_wconf 82' lang='lat' dir='ltr'>fidei,</span> <span class='ocrx_word' id='word_1_49' title='bbox 996 791 1128 833; x_wconf 88' lang='lat' dir='ltr'>quare</span> <span class='ocrx_word' id='word_1_50' title='bbox 1159 778 1282 820; x_wconf 88' lang='lat' dir='ltr'>dubi-</span> 
     </span>
     <span class='ocr_line' id='line_1_9' title="bbox 255 849 1284 893; baseline 0 -3"><span class='ocrx_word' id='word_1_51' title='bbox 255 851 377 890; x_wconf 78' lang='lat' dir='ltr'>tasti?</span> <span class='ocrx_word' id='word_1_52' title='bbox 407 866 425 888; x_wconf 63' lang='lat'>&gt;³</span> <span class='ocrx_word' id='word_1_53' title='bbox 462 850 569 891; x_wconf 89' lang='lat' dir='ltr'>Nam</span> <span class='ocrx_word' id='word_1_54' title='bbox 604 851 790 892; x_wconf 77' lang='lat' dir='ltr'>dicitur²</span> <span class='ocrx_word' id='word_1_55' title='bbox 821 864 833 892; x_wconf 73' lang='grc' dir='ltr'><em>τ</em></span> <span class='ocrx_word' id='word_1_56' title='bbox 863 867 882 890; x_wconf 77' lang='lat'>&lt;1</span> <span class='ocrx_word' id='word_1_57' title='bbox 914 851 1014 893; x_wconf 86' lang='lat' dir='ltr'>Fide</span> <span class='ocrx_word' id='word_1_58' title='bbox 1047 850 1122 891; x_wconf 82' lang='lat' dir='ltr'>filii</span> <span class='ocrx_word' id='word_1_59' title='bbox 1157 849 1284 891; x_wconf 80' lang='lat' dir='ltr'>lsrael</span> 
     </span>
     <span class='ocr_line' id='line_1_10' title="bbox 254 921 1285 975; baseline 0 -14"><span class='ocrx_word' id='word_1_60' title='bbox 254 921 514 962; x_wconf 81' lang='lat' dir='ltr'>transierunt</span> <span class='ocrx_word' id='word_1_61' title='bbox 548 934 666 963; x_wconf 87' lang='lat' dir='ltr'>mare</span> <span class='ocrx_word' id='word_1_62' title='bbox 700 922 895 964; x_wconf 85' lang='lat' dir='ltr'>Rubrum</span> <span class='ocrx_word' id='word_1_63' title='bbox 917 955 927 974; x_wconf 91' lang='lat'>,</span> <span class='ocrx_word' id='word_1_64' title='bbox 964 925 1170 975; x_wconf 77' lang='lat' dir='ltr'>tanquam</span> <span class='ocrx_word' id='word_1_65' title='bbox 1209 933 1285 974; x_wconf 87' lang='lat' dir='ltr'>per</span> 
     </span>
     <span class='ocr_line' id='line_1_11' title="bbox 253 992 1279 1046; baseline 0 -14"><span class='ocrx_word' id='word_1_66' title='bbox 253 992 414 1034; x_wconf 86' lang='lat' dir='ltr'>aridam</span> <span class='ocrx_word' id='word_1_67' title='bbox 433 994 604 1034; x_wconf 87' lang='lat' dir='ltr'>terram.</span> <span class='ocrx_word' id='word_1_68' title='bbox 627 1008 645 1031; x_wconf 68' lang='lat'>&gt;³</span> <span class='ocrx_word' id='word_1_69' title='bbox 672 994 768 1035; x_wconf 87' lang='lat' dir='ltr'>Ideo</span> <span class='ocrx_word' id='word_1_70' title='bbox 789 996 933 1035; x_wconf 83' lang='lat' dir='ltr'>autem</span> <span class='ocrx_word' id='word_1_71' title='bbox 954 993 1179 1046; x_wconf 88' lang='lat' dir='ltr'>discipulos</span> <span class='ocrx_word' id='word_1_72' title='bbox 1209 1004 1279 1032; x_wconf 91' lang='lat' dir='ltr'>ar-</span> 
     </span>
     <span class='ocr_line' id='line_1_12' title="bbox 254 1064 1279 1118; baseline -0.001 -14"><span class='ocrx_word' id='word_1_73' title='bbox 254 1064 346 1115; x_wconf 85' lang='lat' dir='ltr'>guit</span> <span class='ocrx_word' id='word_1_74' title='bbox 375 1064 425 1105; x_wconf 86' lang='lat' dir='ltr'>de</span> <span class='ocrx_word' id='word_1_75' title='bbox 460 1065 829 1118; x_wconf 78' lang='lat' dir='ltr'>pusillanimitate,</span> <span class='ocrx_word' id='word_1_76' title='bbox 864 1068 911 1105; x_wconf 91' lang='lat' dir='ltr'>ut</span> <span class='ocrx_word' id='word_1_77' title='bbox 943 1064 1146 1105; x_wconf 83' lang='lat' dir='ltr'>excitaret</span> <span class='ocrx_word' id='word_1_78' title='bbox 1182 1075 1279 1114; x_wconf 79' lang='lat' dir='ltr'>eOS,</span> 
     </span>
     <span class='ocr_line' id='line_1_13' title="bbox 253 1134 1281 1189; baseline 0.001 -15"><span class='ocrx_word' id='word_1_79' title='bbox 253 1134 344 1175; x_wconf 85' lang='lat' dir='ltr'>viso</span> <span class='ocrx_word' id='word_1_80' title='bbox 364 1135 583 1186; x_wconf 87' lang='lat' dir='ltr'>miraculo,</span> <span class='ocrx_word' id='word_1_81' title='bbox 601 1136 653 1176; x_wconf 90' lang='lat' dir='ltr'>ad</span> <span class='ocrx_word' id='word_1_82' title='bbox 673 1136 917 1176; x_wconf 82' lang='lat' dir='ltr'>firmitatem</span> <span class='ocrx_word' id='word_1_83' title='bbox 931 1136 1043 1187; x_wconf 85' lang='lat' dir='ltr'>fidei,</span> <span class='ocrx_word' id='word_1_84' title='bbox 1060 1147 1135 1188; x_wconf 89' lang='lat' dir='ltr'>per</span> <span class='ocrx_word' id='word_1_85' title='bbox 1149 1146 1281 1189; x_wconf 86' lang='lat' dir='ltr'>quam</span> 
     </span>
     <span class='ocr_line' id='line_1_14' title="bbox 253 1205 1280 1259; baseline 0.001 -15"><span class='ocrx_word' id='word_1_86' title='bbox 253 1205 442 1246; x_wconf 83' lang='lat' dir='ltr'>resiliant</span> <span class='ocrx_word' id='word_1_87' title='bbox 468 1206 512 1246; x_wconf 89' lang='lat' dir='ltr'>in</span> <span class='ocrx_word' id='word_1_88' title='bbox 538 1206 753 1259; x_wconf 84' lang='lat' dir='ltr'>propriam</span> <span class='ocrx_word' id='word_1_89' title='bbox 777 1207 1030 1259; x_wconf 85' lang='lat' dir='ltr'>parvitatem</span> <span class='ocrx_word' id='word_1_90' title='bbox 1051 1239 1060 1257; x_wconf 91' lang='lat'>,</span> <span class='ocrx_word' id='word_1_91' title='bbox 1084 1209 1125 1246; x_wconf 90' lang='lat' dir='ltr'>et</span> <span class='ocrx_word' id='word_1_92' title='bbox 1144 1206 1280 1247; x_wconf 84' lang='lat' dir='ltr'>admi-</span> 
     </span>
     <span class='ocr_line' id='line_1_15' title="bbox 254 1276 1281 1318; baseline 0.002 -2"><span class='ocrx_word' id='word_1_93' title='bbox 254 1278 403 1317; x_wconf 87' lang='lat' dir='ltr'>rentur</span> <span class='ocrx_word' id='word_1_94' title='bbox 431 1276 619 1317; x_wconf 89' lang='lat' dir='ltr'>divinam</span> <span class='ocrx_word' id='word_1_95' title='bbox 656 1277 999 1318; x_wconf 87' lang='lat' dir='ltr'>immensitatem.</span> <span class='ocrx_word' id='word_1_96' title='bbox 1033 1277 1150 1318; x_wconf 90' lang='lat' dir='ltr'>Unde</span> <span class='ocrx_word' id='word_1_97' title='bbox 1182 1277 1281 1318; x_wconf 88' lang='lat' dir='ltr'>sub-</span> 
     </span>
     <span class='ocr_line' id='line_1_16' title="bbox 254 1347 1284 1401; baseline 0.001 -14"><span class='ocrx_word' id='word_1_98' title='bbox 254 1347 369 1388; x_wconf 83' lang='lat' dir='ltr'>ditur</span> <span class='ocrx_word' id='word_1_99' title='bbox 392 1362 401 1389; x_wconf 93' lang='lat'>:</span> <span class='ocrx_word' id='word_1_100' title='bbox 426 1347 505 1394; x_wconf 77' lang='lat' dir='ltr'>Oui</span> <span class='ocrx_word' id='word_1_101' title='bbox 519 1349 712 1390; x_wconf 70' lang='lat' dir='ltr'>timentes</span> <span class='ocrx_word' id='word_1_102' title='bbox 738 1350 887 1391; x_wconf 72' lang='lat' dir='ltr'>mirati</span> <span class='ocrx_word' id='word_1_103' title='bbox 905 1354 1006 1391; x_wconf 75' lang='lat' dir='ltr'>sum</span> <span class='ocrx_word' id='word_1_104' title='bbox 1026 1360 1039 1390; x_wconf 91' lang='grc'>.·</span> <span class='ocrx_word' id='word_1_105' title='bbox 1053 1350 1144 1401; x_wconf 89' lang='lat' dir='ltr'>jam</span> <span class='ocrx_word' id='word_1_106' title='bbox 1168 1349 1284 1389; x_wconf 85' lang='lat' dir='ltr'>enim</span> 
     </span>
     <span class='ocr_line' id='line_1_17' title="bbox 254 1419 1284 1473; baseline 0.002 -15"><span class='ocrx_word' id='word_1_107' title='bbox 254 1419 563 1471; x_wconf 77' lang='lat' dir='ltr'>cognoscebant</span> <span class='ocrx_word' id='word_1_108' title='bbox 603 1432 725 1460; x_wconf 89' lang='lat' dir='ltr'>suam</span> <span class='ocrx_word' id='word_1_109' title='bbox 764 1420 1043 1473; x_wconf 85' lang='lat' dir='ltr'>parvitatem,</span> <span class='ocrx_word' id='word_1_110' title='bbox 1079 1421 1122 1460; x_wconf 91' lang='lat' dir='ltr'>in</span> <span class='ocrx_word' id='word_1_111' title='bbox 1154 1431 1284 1473; x_wconf 86' lang='lat' dir='ltr'>quam</span> 
     </span>
     <span class='ocr_line' id='line_1_18' title="bbox 253 1490 1285 1544; baseline 0.001 -15"><span class='ocrx_word' id='word_1_112' title='bbox 253 1490 493 1531; x_wconf 75' lang='lat' dir='ltr'>resiliebant</span> <span class='ocrx_word' id='word_1_113' title='bbox 510 1503 585 1544; x_wconf 89' lang='lat' dir='ltr'>per</span> <span class='ocrx_word' id='word_1_114' title='bbox 603 1491 820 1542; x_wconf 82' lang='lat' dir='ltr'>timorem3</span> <span class='ocrx_word' id='word_1_115' title='bbox 837 1493 878 1531; x_wconf 91' lang='lat' dir='ltr'>et</span> <span class='ocrx_word' id='word_1_116' title='bbox 898 1491 1086 1532; x_wconf 87' lang='lat' dir='ltr'>divinam</span> <span class='ocrx_word' id='word_1_117' title='bbox 1106 1491 1285 1532; x_wconf 91' lang='lat' dir='ltr'>immen-</span> 
     </span>
     <span class='ocr_line' id='line_1_19' title="bbox 254 1558 1284 1615; baseline 0.001 -14"><span class='ocrx_word' id='word_1_118' title='bbox 254 1561 447 1612; x_wconf 81' lang='lat' dir='ltr'>sitatem,</span> <span class='ocrx_word' id='word_1_119' title='bbox 475 1558 520 1602; x_wconf 87' lang='lat' dir='ltr'>in</span> <span class='ocrx_word' id='word_1_120' title='bbox 553 1574 683 1614; x_wconf 88' lang='lat' dir='ltr'>quam</span> <span class='ocrx_word' id='word_1_121' title='bbox 711 1562 967 1603; x_wconf 76' lang='lat' dir='ltr'>excedebant</span> <span class='ocrx_word' id='word_1_122' title='bbox 996 1574 1071 1615; x_wconf 88' lang='lat' dir='ltr'>per</span> <span class='ocrx_word' id='word_1_123' title='bbox 1099 1562 1284 1603; x_wconf 85' lang='lat' dir='ltr'>admira-</span> 
     </span>
     <span class='ocr_line' id='line_1_20' title="bbox 255 1632 1286 1685; baseline 0.001 -13"><span class='ocrx_word' id='word_1_124' title='bbox 255 1633 413 1673; x_wconf 88' lang='lat' dir='ltr'>tionem</span> <span class='ocrx_word' id='word_1_125' title='bbox 429 1636 442 1657; x_wconf 75' lang='lat'><strong>³</strong></span> <span class='ocrx_word' id='word_1_126' title='bbox 465 1645 475 1673; x_wconf 73' lang='grc' dir='ltr'><strong><em>ε</em></strong></span> <span class='ocrx_word' id='word_1_127' title='bbox 498 1648 517 1671; x_wconf 72' lang='grc' dir='ltr'>(ι</span> <span class='ocrx_word' id='word_1_128' title='bbox 538 1632 638 1682; x_wconf 81' lang='lat' dir='ltr'>Quis</span> <span class='ocrx_word' id='word_1_129' title='bbox 658 1645 743 1673; x_wconf 91' lang='lat' dir='ltr'>non</span> <span class='ocrx_word' id='word_1_130' title='bbox 763 1633 928 1674; x_wconf 85' lang='lat' dir='ltr'>timebit</span> <span class='ocrx_word' id='word_1_131' title='bbox 945 1635 1008 1684; x_wconf 89' lang='lat' dir='ltr'>te,</span> <span class='ocrx_word' id='word_1_132' title='bbox 1031 1645 1056 1673; x_wconf 93' lang='lat' dir='ltr'>o</span> <span class='ocrx_word' id='word_1_133' title='bbox 1081 1645 1156 1674; x_wconf 81' lang='lat' dir='ltr'>rex</span> <span class='ocrx_word' id='word_1_134' title='bbox 1184 1645 1286 1685; x_wconf 87' lang='lat' dir='ltr'>gen-</span> 
     </span>
     <span class='ocr_line' id='line_1_21' title="bbox 253 1703 1285 1744; baseline 0 0"><span class='ocrx_word' id='word_1_135' title='bbox 253 1705 390 1744; x_wconf 85' lang='lat' dir='ltr'>tium?</span> <span class='ocrx_word' id='word_1_136' title='bbox 411 1703 550 1744; x_wconf 93' lang='lat' dir='ltr'>Tuum</span> <span class='ocrx_word' id='word_1_137' title='bbox 580 1706 643 1744; x_wconf 87' lang='lat' dir='ltr'>est</span> <span class='ocrx_word' id='word_1_138' title='bbox 674 1703 787 1744; x_wconf 92' lang='lat' dir='ltr'>enim</span> <span class='ocrx_word' id='word_1_139' title='bbox 819 1703 947 1744; x_wconf 87' lang='lat' dir='ltr'>decus</span> <span class='ocrx_word' id='word_1_140' title='bbox 973 1704 1083 1744; x_wconf 91' lang='lat' dir='ltr'>inter</span> <span class='ocrx_word' id='word_1_141' title='bbox 1113 1706 1285 1744; x_wconf 88' lang='lat' dir='ltr'>cunctos</span> 
     </span>
     <span class='ocr_line' id='line_1_22' title="bbox 253 1773 1285 1827; baseline 0 -13"><span class='ocrx_word' id='word_1_142' title='bbox 253 1774 476 1827; x_wconf 88' lang='lat' dir='ltr'>sapientes.</span> <span class='ocrx_word' id='word_1_143' title='bbox 500 1788 519 1812; x_wconf 83' lang='grc'>»</span> <span class='ocrx_word' id='word_1_144' title='bbox 545 1773 595 1815; x_wconf 91' lang='lat' dir='ltr'>Et</span> <span class='ocrx_word' id='word_1_145' title='bbox 614 1774 771 1814; x_wconf 90' lang='lat' dir='ltr'>iterum</span> <span class='ocrx_word' id='word_1_146' title='bbox 792 1773 805 1795; x_wconf 71' lang='lat'>¹⁹</span> <span class='ocrx_word' id='word_1_147' title='bbox 830 1788 838 1815; x_wconf 94' lang='lat'><strong>:</strong></span> <span class='ocrx_word' id='word_1_148' title='bbox 869 1773 970 1814; x_wconf 86' lang='lat' dir='ltr'>«Me</span> <span class='ocrx_word' id='word_1_149' title='bbox 999 1786 1105 1826; x_wconf 88' lang='lat' dir='ltr'>ergo</span> <span class='ocrx_word' id='word_1_150' title='bbox 1124 1786 1210 1815; x_wconf 93' lang='lat' dir='ltr'>non</span> <span class='ocrx_word' id='word_1_151' title='bbox 1230 1774 1285 1814; x_wconf 88' lang='lat' dir='ltr'>ti-</span> 
     </span>
     <span class='ocr_line' id='line_1_23' title="bbox 253 1844 1285 1898; baseline -0.003 -12"><span class='ocrx_word' id='word_1_152' title='bbox 253 1846 420 1886; x_wconf 88' lang='lat' dir='ltr'>mebitis</span> <span class='ocrx_word' id='word_1_153' title='bbox 442 1878 452 1897; x_wconf 87' lang='lat'>,</span> <span class='ocrx_word' id='word_1_154' title='bbox 475 1845 533 1886; x_wconf 88' lang='lat' dir='ltr'>ait</span> <span class='ocrx_word' id='word_1_155' title='bbox 562 1845 804 1886; x_wconf 77' lang='lat' dir='ltr'>Dominus?</span> <span class='ocrx_word' id='word_1_156' title='bbox 835 1859 854 1883; x_wconf 63' lang='lat'>&gt;³</span> <span class='ocrx_word' id='word_1_157' title='bbox 890 1844 1092 1898; x_wconf 83' lang='lat' dir='ltr'>Sequitur</span> <span class='ocrx_word' id='word_1_158' title='bbox 1122 1859 1131 1886; x_wconf 90' lang='lat'>:</span> <span class='ocrx_word' id='word_1_159' title='bbox 1162 1860 1181 1883; x_wconf 74' lang='grc' dir='ltr'>α</span> <span class='ocrx_word' id='word_1_160' title='bbox 1206 1844 1285 1894; x_wconf 83' lang='lat' dir='ltr'>Qui</span> 
     </span>
     <span class='ocr_line' id='line_1_24' title="bbox 253 1916 1284 1970; baseline -0.001 -12"><span class='ocrx_word' id='word_1_161' title='bbox 253 1917 376 1970; x_wconf 81' lang='lat' dir='ltr'>posui</span> <span class='ocrx_word' id='word_1_162' title='bbox 397 1929 573 1958; x_wconf 89' lang='lat' dir='ltr'>arenam</span> <span class='ocrx_word' id='word_1_163' title='bbox 598 1917 833 1958; x_wconf 91' lang='lat' dir='ltr'>terminum</span> <span class='ocrx_word' id='word_1_164' title='bbox 864 1916 1000 1968; x_wconf 89' lang='lat' dir='ltr'>mari,</span> <span class='ocrx_word' id='word_1_165' title='bbox 1024 1919 1284 1970; x_wconf 58' lang='lat' dir='ltr'>pneceptum</span> 
     </span>
     <span class='ocr_line' id='line_1_25' title="bbox 255 1989 1283 2042; baseline 0.001 -13"><span class='ocrx_word' id='word_1_166' title='bbox 255 1989 560 2042; x_wconf 83' lang='lat' dir='ltr'>sempiternum</span> <span class='ocrx_word' id='word_1_167' title='bbox 592 1989 705 2042; x_wconf 89' lang='lat' dir='ltr'>quod</span> <span class='ocrx_word' id='word_1_168' title='bbox 738 2001 825 2030; x_wconf 92' lang='lat' dir='ltr'>non</span> <span class='ocrx_word' id='word_1_169' title='bbox 855 1989 1101 2041; x_wconf 78' lang='lat' dir='ltr'>praeteribit.</span> <span class='ocrx_word' id='word_1_170' title='bbox 1132 2004 1152 2028; x_wconf 65' lang='lat'>&gt;³</span> <span class='ocrx_word' id='word_1_171' title='bbox 1173 1989 1283 2031; x_wconf 86' lang='lat' dir='ltr'>Sub-</span> 
     </span>
     <span class='ocr_line' id='line_1_26' title="bbox 250 2060 1285 2113; baseline 0.002 -13"><span class='ocrx_word' id='word_1_172' title='bbox 250 2061 453 2113; x_wconf 88' lang='lat' dir='ltr'>jungitur</span> <span class='ocrx_word' id='word_1_173' title='bbox 472 2075 480 2102; x_wconf 77' lang='lat'>2</span> <span class='ocrx_word' id='word_1_174' title='bbox 509 2075 528 2099; x_wconf 72' lang='lat' dir='ltr'>a</span> <span class='ocrx_word' id='word_1_175' title='bbox 549 2060 599 2101; x_wconf 87' lang='lat' dir='ltr'>Et</span> <span class='ocrx_word' id='word_1_176' title='bbox 618 2060 901 2101; x_wconf 83' lang='lat' dir='ltr'>intumescent</span> <span class='ocrx_word' id='word_1_177' title='bbox 925 2060 1080 2101; x_wconf 86' lang='lat' dir='ltr'>fluctus</span> <span class='ocrx_word' id='word_1_178' title='bbox 1101 2061 1195 2113; x_wconf 90' lang='lat' dir='ltr'>ejus</span> <span class='ocrx_word' id='word_1_179' title='bbox 1212 2093 1224 2112; x_wconf 90' lang='lat'>,</span> <span class='ocrx_word' id='word_1_180' title='bbox 1245 2063 1285 2102; x_wconf 90' lang='lat' dir='ltr'>et</span> 
     </span>
     <span class='ocr_line' id='line_1_27' title="bbox 253 2131 1285 2185; baseline 0 -13"><span class='ocrx_word' id='word_1_181' title='bbox 253 2143 341 2172; x_wconf 91' lang='lat' dir='ltr'>non</span> <span class='ocrx_word' id='word_1_182' title='bbox 371 2132 613 2172; x_wconf 87' lang='lat' dir='ltr'>transibunt</span> <span class='ocrx_word' id='word_1_183' title='bbox 649 2131 766 2173; x_wconf 89' lang='lat' dir='ltr'>illud.</span> <span class='ocrx_word' id='word_1_184' title='bbox 806 2147 824 2170; x_wconf 67' lang='lat' dir='ltr'>&gt;i</span> <span class='ocrx_word' id='word_1_185' title='bbox 865 2131 916 2172; x_wconf 85' lang='lat' dir='ltr'>Et</span> <span class='ocrx_word' id='word_1_186' title='bbox 951 2132 1051 2185; x_wconf 86' lang='lat' dir='ltr'>quia</span> <span class='ocrx_word' id='word_1_187' title='bbox 1088 2132 1285 2173; x_wconf 91' lang='lat' dir='ltr'>timorem</span> 
     </span>
     <span class='ocr_line' id='line_1_28' title="bbox 254 2203 1282 2257; baseline 0.001 -14"><span class='ocrx_word' id='word_1_188' title='bbox 254 2203 484 2255; x_wconf 74' lang='lat' dir='ltr'>maiestatis</span> <span class='ocrx_word' id='word_1_189' title='bbox 499 2203 804 2244; x_wconf 83' lang='lat' dir='ltr'>concomitatur</span> <span class='ocrx_word' id='word_1_190' title='bbox 817 2203 1041 2245; x_wconf 88' lang='lat' dir='ltr'>admiratio</span> <span class='ocrx_word' id='word_1_191' title='bbox 1055 2203 1282 2257; x_wconf 77' lang='lat' dir='ltr'>potestatiS,</span> 
     </span>
     <span class='ocr_line' id='line_1_29' title="bbox 254 2274 1287 2318; baseline 0 -2"><span class='ocrx_word' id='word_1_192' title='bbox 254 2275 347 2316; x_wconf 87' lang='lat' dir='ltr'>ideo</span> <span class='ocrx_word' id='word_1_193' title='bbox 373 2275 527 2316; x_wconf 88' lang='lat' dir='ltr'>dicitur</span> <span class='ocrx_word' id='word_1_194' title='bbox 550 2289 559 2315; x_wconf 93' lang='lat'>:</span> <span class='ocrx_word' id='word_1_195' title='bbox 582 2275 738 2318; x_wconf 77' lang='lat' dir='ltr'>Mirati</span> <span class='ocrx_word' id='word_1_196' title='bbox 769 2279 872 2318; x_wconf 72' lang='lat' dir='ltr'>sunt</span> <span class='ocrx_word' id='word_1_197' title='bbox 899 2276 911 2297; x_wconf 74' lang='lat'><strong>⁵</strong></span> <span class='ocrx_word' id='word_1_198' title='bbox 933 2287 947 2316; x_wconf 94' lang='grc'>.·</span> <span class='ocrx_word' id='word_1_199' title='bbox 975 2290 993 2313; x_wconf 89' lang='lat'>«</span> <span class='ocrx_word' id='word_1_200' title='bbox 1024 2274 1161 2316; x_wconf 86' lang='lat' dir='ltr'>Mirati</span> <span class='ocrx_word' id='word_1_201' title='bbox 1187 2278 1287 2316; x_wconf 89' lang='lat' dir='ltr'>sunt</span> 
     </span>
     <span class='ocr_line' id='line_1_30' title="bbox 253 2345 1284 2400; baseline 0.003 -15"><span class='ocrx_word' id='word_1_202' title='bbox 253 2346 299 2386; x_wconf 91' lang='lat' dir='ltr'>in</span> <span class='ocrx_word' id='word_1_203' title='bbox 318 2346 388 2386; x_wconf 91' lang='lat' dir='ltr'>illo</span> <span class='ocrx_word' id='word_1_204' title='bbox 409 2345 554 2395; x_wconf 88' lang='lat' dir='ltr'>multi,</span> <span class='ocrx_word' id='word_1_205' title='bbox 577 2348 618 2386; x_wconf 90' lang='lat' dir='ltr'>et</span> <span class='ocrx_word' id='word_1_206' title='bbox 637 2346 957 2388; x_wconf 88' lang='lat' dir='ltr'>honoraverunt</span> <span class='ocrx_word' id='word_1_207' title='bbox 972 2346 1104 2388; x_wconf 90' lang='lat' dir='ltr'>Deum</span> <span class='ocrx_word' id='word_1_208' title='bbox 1121 2379 1131 2395; x_wconf 95' lang='lat'>,</span> <span class='ocrx_word' id='word_1_209' title='bbox 1151 2348 1252 2400; x_wconf 88' lang='lat' dir='ltr'>quia</span> <span class='ocrx_word' id='word_1_210' title='bbox 1271 2351 1284 2372; x_wconf 80' lang='lat'><strong>⁶</strong></span> 
     </span>
     <span class='ocr_line' id='line_1_31' title="bbox 261 2415 1283 2470; baseline 0.003 -15"><span class='ocrx_word' id='word_1_211' title='bbox 261 2431 279 2454; x_wconf 80' lang='grc' dir='ltr'>α</span> <span class='ocrx_word' id='word_1_212' title='bbox 295 2415 493 2457; x_wconf 86' lang='lat' dir='ltr'>terribilis</span> <span class='ocrx_word' id='word_1_213' title='bbox 507 2415 726 2467; x_wconf 89' lang='lat' dir='ltr'>Dominus,</span> <span class='ocrx_word' id='word_1_214' title='bbox 740 2419 781 2458; x_wconf 90' lang='lat' dir='ltr'>et</span> <span class='ocrx_word' id='word_1_215' title='bbox 794 2429 978 2470; x_wconf 88' lang='lat' dir='ltr'>magnus</span> <span class='ocrx_word' id='word_1_216' title='bbox 993 2417 1283 2470; x_wconf 87' lang='lat' dir='ltr'>vehementer,</span> 
     </span>
     <span class='ocr_line' id='line_1_32' title="bbox 257 2487 932 2541; baseline -0.003 -13"><span class='ocrx_word' id='word_1_217' title='bbox 257 2490 298 2528; x_wconf 89' lang='lat' dir='ltr'>et</span> <span class='ocrx_word' id='word_1_218' title='bbox 314 2487 521 2528; x_wconf 86' lang='lat' dir='ltr'>mirabilis</span> <span class='ocrx_word' id='word_1_219' title='bbox 541 2488 728 2541; x_wconf 86' lang='lat' dir='ltr'>potentia</span> <span class='ocrx_word' id='word_1_220' title='bbox 746 2488 893 2541; x_wconf 90' lang='lat' dir='ltr'>ipsius.</span> <span class='ocrx_word' id='word_1_221' title='bbox 913 2503 932 2527; x_wconf 60' lang='lat'>&gt;³</span> 
     </span>
    </p>

    <p class='ocr_par' dir='ltr' id='par_1_3' title="bbox 252 2560 1290 3398">
     <span class='ocr_line' id='line_1_33' title="bbox 308 2560 1286 2614; baseline 0.002 -13"><span class='ocrx_word' id='word_1_222' title='bbox 308 2560 501 2602; x_wconf 85' lang='lat' dir='ltr'>Secundo</span> <span class='ocrx_word' id='word_1_223' title='bbox 520 2572 648 2612; x_wconf 88' lang='lat' dir='ltr'>vero,</span> <span class='ocrx_word' id='word_1_224' title='bbox 671 2563 880 2614; x_wconf 88' lang='lat' dir='ltr'>quantum</span> <span class='ocrx_word' id='word_1_225' title='bbox 908 2562 959 2602; x_wconf 86' lang='lat' dir='ltr'>ad</span> <span class='ocrx_word' id='word_1_226' title='bbox 979 2562 1286 2603; x_wconf 80' lang='lat' dir='ltr'>confessionem</span> 
     </span>
     <span class='ocr_line' id='line_1_34' title="bbox 255 2632 1284 2684; baseline 0.002 -11"><span class='ocrx_word' id='word_1_227' title='bbox 255 2632 353 2684; x_wconf 78' lang='lat' dir='ltr'>oriS,</span> <span class='ocrx_word' id='word_1_228' title='bbox 376 2633 571 2674; x_wconf 87' lang='lat' dir='ltr'>subditur</span> <span class='ocrx_word' id='word_1_229' title='bbox 594 2647 603 2674; x_wconf 90' lang='lat'>:</span> <span class='ocrx_word' id='word_1_230' title='bbox 627 2632 696 2675; x_wconf 82' lang='lat' dir='ltr'>Ad</span> <span class='ocrx_word' id='word_1_231' title='bbox 715 2634 898 2676; x_wconf 68' lang='lat' dir='ltr'>invicem</span> <span class='ocrx_word' id='word_1_232' title='bbox 917 2633 1103 2676; x_wconf 77' lang='lat' dir='ltr'>dicentes</span> <span class='ocrx_word' id='word_1_233' title='bbox 1129 2645 1143 2675; x_wconf 92' lang='grc'>.·</span> <span class='ocrx_word' id='word_1_234' title='bbox 1162 2633 1284 2684; x_wconf 78' lang='lat' dir='ltr'>Quis,</span> 
     </span>
     <span class='ocr_line' id='line_1_35' title="bbox 252 2704 1288 2758; baseline 0.001 -13"><span class='ocrx_word' id='word_1_235' title='bbox 252 2708 404 2758; x_wconf 76' lang='lat' dir='ltr'>putas,</span> <span class='ocrx_word' id='word_1_236' title='bbox 433 2704 502 2746; x_wconf 75' lang='lat' dir='ltr'>hic</span> <span class='ocrx_word' id='word_1_237' title='bbox 524 2708 586 2747; x_wconf 75' lang='lat' dir='ltr'>esc</span> <span class='ocrx_word' id='word_1_238' title='bbox 610 2706 631 2746; x_wconf 69' lang='lat' dir='ltr'><em>P</em></span> <span class='ocrx_word' id='word_1_239' title='bbox 656 2704 783 2754; x_wconf 86' lang='lat' dir='ltr'>Quasi</span> <span class='ocrx_word' id='word_1_240' title='bbox 819 2705 960 2746; x_wconf 87' lang='lat' dir='ltr'>dicant</span> <span class='ocrx_word' id='word_1_241' title='bbox 992 2719 1002 2746; x_wconf 72' lang='grc' dir='ltr'>ε</span> <span class='ocrx_word' id='word_1_242' title='bbox 1038 2704 1191 2747; x_wconf 90' lang='lat' dir='ltr'>Nullus</span> <span class='ocrx_word' id='word_1_243' title='bbox 1226 2708 1288 2746; x_wconf 87' lang='lat' dir='ltr'>est</span> 
     </span>
     <span class='ocr_line' id='line_1_36' title="bbox 255 2775 1285 2826; baseline 0.001 -12"><span class='ocrx_word' id='word_1_244' title='bbox 255 2775 355 2816; x_wconf 88' lang='lat' dir='ltr'>huic</span> <span class='ocrx_word' id='word_1_245' title='bbox 374 2775 524 2815; x_wconf 90' lang='lat' dir='ltr'>similis</span> <span class='ocrx_word' id='word_1_246' title='bbox 540 2778 554 2801; x_wconf 91' lang='lat'><strong>⁷</strong></span> <span class='ocrx_word' id='word_1_247' title='bbox 577 2790 586 2816; x_wconf 91' lang='lat'><strong>:</strong></span> <span class='ocrx_word' id='word_1_248' title='bbox 612 2789 631 2813; x_wconf 76' lang='grc' dir='ltr'>α</span> <span class='ocrx_word' id='word_1_249' title='bbox 653 2775 755 2825; x_wconf 82' lang='lat' dir='ltr'>Quis</span> <span class='ocrx_word' id='word_1_250' title='bbox 773 2775 923 2816; x_wconf 89' lang='lat' dir='ltr'>similis</span> <span class='ocrx_word' id='word_1_251' title='bbox 942 2776 1005 2817; x_wconf 88' lang='lat' dir='ltr'>tui</span> <span class='ocrx_word' id='word_1_252' title='bbox 1021 2776 1067 2816; x_wconf 91' lang='lat' dir='ltr'>in</span> <span class='ocrx_word' id='word_1_253' title='bbox 1092 2775 1285 2826; x_wconf 87' lang='lat' dir='ltr'>fortibus,</span> 
     </span>
     <span class='ocr_line' id='line_1_37' title="bbox 258 2846 1287 2901; baseline 0.003 -15"><span class='ocrx_word' id='word_1_254' title='bbox 258 2846 434 2887; x_wconf 89' lang='lat' dir='ltr'>Domine</span> <span class='ocrx_word' id='word_1_255' title='bbox 460 2847 479 2886; x_wconf 81' lang='lat'>‘?</span> <span class='ocrx_word' id='word_1_256' title='bbox 514 2846 614 2895; x_wconf 83' lang='lat' dir='ltr'>Quis</span> <span class='ocrx_word' id='word_1_257' title='bbox 642 2846 790 2887; x_wconf 89' lang='lat' dir='ltr'>similis</span> <span class='ocrx_word' id='word_1_258' title='bbox 825 2847 887 2888; x_wconf 91' lang='lat' dir='ltr'>tui</span> <span class='ocrx_word' id='word_1_259' title='bbox 906 2879 921 2899; x_wconf 81' lang='lat'>,</span> <span class='ocrx_word' id='word_1_260' title='bbox 954 2848 1214 2901; x_wconf 84' lang='lat' dir='ltr'>magnificus</span> <span class='ocrx_word' id='word_1_261' title='bbox 1243 2847 1287 2889; x_wconf 91' lang='lat' dir='ltr'>in</span> 
     </span>
     <span class='ocr_line' id='line_1_38' title="bbox 259 2917 1287 2971; baseline 0.003 -15"><span class='ocrx_word' id='word_1_262' title='bbox 259 2917 491 2968; x_wconf 81' lang='lat' dir='ltr'>sanctitate,</span> <span class='ocrx_word' id='word_1_263' title='bbox 507 2918 704 2959; x_wconf 91' lang='lat' dir='ltr'>terribilis</span> <span class='ocrx_word' id='word_1_264' title='bbox 724 2920 852 2971; x_wconf 85' lang='lat' dir='ltr'>atque</span> <span class='ocrx_word' id='word_1_265' title='bbox 869 2918 1109 2971; x_wconf 83' lang='lat' dir='ltr'>laudabilis,</span> <span class='ocrx_word' id='word_1_266' title='bbox 1131 2918 1287 2959; x_wconf 83' lang='lat' dir='ltr'>faciens</span> 
     </span>
     <span class='ocr_line' id='line_1_39' title="bbox 258 2987 1289 3041; baseline 0.001 -13"><span class='ocrx_word' id='word_1_267' title='bbox 258 2987 467 3028; x_wconf 87' lang='lat' dir='ltr'>mirabilia</span> <span class='ocrx_word' id='word_1_268' title='bbox 491 2989 506 3027; x_wconf 70' lang='grc' dir='ltr'>Ρ</span> <span class='ocrx_word' id='word_1_269' title='bbox 535 3002 554 3025; x_wconf 84' lang='lat'>»</span> <span class='ocrx_word' id='word_1_270' title='bbox 580 2987 630 3028; x_wconf 89' lang='lat' dir='ltr'>Et</span> <span class='ocrx_word' id='word_1_271' title='bbox 663 2988 872 3029; x_wconf 85' lang='lat' dir='ltr'>rationem</span> <span class='ocrx_word' id='word_1_272' title='bbox 904 2988 1087 3030; x_wconf 88' lang='lat' dir='ltr'>reddunt</span> <span class='ocrx_word' id='word_1_273' title='bbox 1115 2989 1166 3029; x_wconf 90' lang='lat' dir='ltr'>de</span> <span class='ocrx_word' id='word_1_274' title='bbox 1196 2990 1289 3041; x_wconf 86' lang='lat' dir='ltr'>ejus</span> 
     </span>
     <span class='ocr_line' id='line_1_40' title="bbox 259 3058 1287 3112; baseline 0.002 -12"><span class='ocrx_word' id='word_1_275' title='bbox 259 3058 444 3112; x_wconf 84' lang='lat' dir='ltr'>potentia</span> <span class='ocrx_word' id='word_1_276' title='bbox 466 3070 476 3098; x_wconf 78' lang='grc' dir='ltr'>ε</span> <span class='ocrx_word' id='word_1_277' title='bbox 503 3058 611 3107; x_wconf 74' lang='lat' dir='ltr'>Quia</span> <span class='ocrx_word' id='word_1_278' title='bbox 642 3061 680 3101; x_wconf 80' lang='lat' dir='ltr'>ct</span> <span class='ocrx_word' id='word_1_279' title='bbox 707 3060 849 3102; x_wconf 76' lang='lat' dir='ltr'>ventis</span> <span class='ocrx_word' id='word_1_280' title='bbox 880 3063 918 3102; x_wconf 82' lang='lat' dir='ltr'>et</span> <span class='ocrx_word' id='word_1_281' title='bbox 947 3060 1060 3102; x_wconf 73' lang='lat' dir='ltr'>mari</span> <span class='ocrx_word' id='word_1_282' title='bbox 1084 3060 1287 3112; x_wconf 77' lang='lat' dir='ltr'>imperat,</span> 
     </span>
     <span class='ocr_line' id='line_1_41' title="bbox 258 3129 1286 3183; baseline 0.003 -13"><span class='ocrx_word' id='word_1_283' title='bbox 258 3142 334 3183; x_wconf 90' lang='lat' dir='ltr'>per</span> <span class='ocrx_word' id='word_1_284' title='bbox 365 3129 595 3183; x_wconf 89' lang='lat' dir='ltr'>potentiam</span> <span class='ocrx_word' id='word_1_285' title='bbox 615 3130 898 3182; x_wconf 81' lang='lat' dir='ltr'>ineffabilem3</span> <span class='ocrx_word' id='word_1_286' title='bbox 928 3134 966 3174; x_wconf 75' lang='lat' dir='ltr'>et</span> <span class='ocrx_word' id='word_1_287' title='bbox 993 3130 1193 3173; x_wconf 74' lang='lat' dir='ltr'>obediunt</span> <span class='ocrx_word' id='word_1_288' title='bbox 1225 3131 1286 3182; x_wconf 82' lang='lat' dir='ltr'>ei,</span> 
     </span>
     <span class='ocr_line' id='line_1_42' title="bbox 259 3201 1290 3255; baseline 0.001 -12"><span class='ocrx_word' id='word_1_289' title='bbox 259 3214 334 3255; x_wconf 87' lang='lat' dir='ltr'>per</span> <span class='ocrx_word' id='word_1_290' title='bbox 353 3201 637 3244; x_wconf 85' lang='lat' dir='ltr'>reverentiam</span> <span class='ocrx_word' id='word_1_291' title='bbox 664 3202 953 3244; x_wconf 88' lang='lat' dir='ltr'>admirabilem</span> <span class='ocrx_word' id='word_1_292' title='bbox 974 3202 988 3224; x_wconf 79' lang='lat'>³</span> <span class='ocrx_word' id='word_1_293' title='bbox 1012 3218 1021 3245; x_wconf 80' lang='lat' dir='ltr'>z</span> <span class='ocrx_word' id='word_1_294' title='bbox 1051 3218 1070 3242; x_wconf 74' lang='grc' dir='ltr'>α</span> <span class='ocrx_word' id='word_1_295' title='bbox 1090 3203 1168 3253; x_wconf 83' lang='lat' dir='ltr'>Qui</span> <span class='ocrx_word' id='word_1_296' title='bbox 1195 3203 1290 3245; x_wconf 81' lang='lat' dir='ltr'>fecit</span> 
     </span>
     <span class='ocr_line' id='line_1_43' title="bbox 260 3273 1290 3327; baseline 0 -12"><span class='ocrx_word' id='word_1_297' title='bbox 260 3274 399 3315; x_wconf 84' lang='lat' dir='ltr'>ventis</span> <span class='ocrx_word' id='word_1_298' title='bbox 418 3273 606 3326; x_wconf 80' lang='lat' dir='ltr'>pondUS,</span> <span class='ocrx_word' id='word_1_299' title='bbox 629 3274 669 3313; x_wconf 89' lang='lat' dir='ltr'>et</span> <span class='ocrx_word' id='word_1_300' title='bbox 689 3285 820 3325; x_wconf 88' lang='lat' dir='ltr'>aquas</span> <span class='ocrx_word' id='word_1_301' title='bbox 841 3275 1039 3327; x_wconf 83' lang='lat' dir='ltr'>appendit</span> <span class='ocrx_word' id='word_1_302' title='bbox 1057 3274 1101 3315; x_wconf 90' lang='lat' dir='ltr'>in</span> <span class='ocrx_word' id='word_1_303' title='bbox 1123 3286 1290 3315; x_wconf 88' lang='lat' dir='ltr'>mensu-</span> 
     </span>
     <span class='ocr_line' id='line_1_44' title="bbox 259 3343 1289 3398; baseline 0 -12"><span class='ocrx_word' id='word_1_304' title='bbox 259 3356 328 3397; x_wconf 83' lang='lat' dir='ltr'>ra,</span> <span class='ocrx_word' id='word_1_305' title='bbox 349 3345 517 3398; x_wconf 87' lang='lat' dir='ltr'>quando</span> <span class='ocrx_word' id='word_1_306' title='bbox 542 3343 726 3398; x_wconf 88' lang='lat' dir='ltr'>ponebat</span> <span class='ocrx_word' id='word_1_307' title='bbox 743 3344 898 3397; x_wconf 87' lang='lat' dir='ltr'>pluviis</span> <span class='ocrx_word' id='word_1_308' title='bbox 924 3345 1066 3398; x_wconf 85' lang='lat' dir='ltr'>legem</span> <span class='ocrx_word' id='word_1_309' title='bbox 1080 3377 1093 3398; x_wconf 87' lang='lat'>,</span> <span class='ocrx_word' id='word_1_310' title='bbox 1113 3348 1154 3387; x_wconf 91' lang='lat' dir='ltr'>et</span> <span class='ocrx_word' id='word_1_311' title='bbox 1174 3346 1289 3388; x_wconf 88' lang='lat' dir='ltr'>viam</span> 
     </span>
    </p>
   </div>
   <div class='ocr_carea' id='block_1_3' title="bbox 262 3474 1289 3612">
    <p class='ocr_par' dir='ltr' id='par_1_4' title="bbox 262 3474 1289 3612">
     <span class='ocr_line' id='line_1_45' title="bbox 305 3474 1288 3517; baseline 0 -9"><span class='ocrx_word' id='word_1_312' title='bbox 305 3478 312 3496; x_wconf 86' lang='lat'><strong>¹</strong></span> <span class='ocrx_word' id='word_1_313' title='bbox 341 3474 477 3513; x_wconf 62' lang='lat' dir='ltr'>Matth„</span> <span class='ocrx_word' id='word_1_314' title='bbox 499 3482 570 3515; x_wconf 79' lang='lat' dir='ltr'>xlv,</span> <span class='ocrx_word' id='word_1_315' title='bbox 591 3475 642 3505; x_wconf 85' lang='lat'>31.</span> <span class='ocrx_word' id='word_1_316' title='bbox 668 3490 707 3496; x_wconf 93' lang='lat'>—</span> <span class='ocrx_word' id='word_1_317' title='bbox 739 3474 749 3493; x_wconf 80' lang='lat'>²</span> <span class='ocrx_word' id='word_1_318' title='bbox 771 3474 880 3515; x_wconf 59' lang='lat' dir='ltr'>Hebr„</span> <span class='ocrx_word' id='word_1_319' title='bbox 902 3484 955 3517; x_wconf 68' lang='lat' dir='ltr'>XI,</span> <span class='ocrx_word' id='word_1_320' title='bbox 988 3478 1040 3508; x_wconf 73' lang='grc'>29.</span> <span class='ocrx_word' id='word_1_321' title='bbox 1060 3495 1100 3500; x_wconf 94' lang='grc'><strong>-</strong></span> <span class='ocrx_word' id='word_1_322' title='bbox 1123 3478 1133 3495; x_wconf 73' lang='lat'>³¹</span> <span class='ocrx_word' id='word_1_323' title='bbox 1152 3478 1288 3517; x_wconf 62' lang='lat' dir='ltr'>Jercm„</span> 
     </span>
     <span class='ocr_line' id='line_1_46' title="bbox 262 3521 1288 3565; baseline -0.001 -9"><span class='ocrx_word' id='word_1_324' title='bbox 262 3531 298 3564; x_wconf 82' lang='lat' dir='ltr'>X,</span> <span class='ocrx_word' id='word_1_325' title='bbox 320 3526 351 3555; x_wconf 86' lang='lat'>7.</span> <span class='ocrx_word' id='word_1_326' title='bbox 372 3540 412 3546; x_wconf 92' lang='lat'>—</span> <span class='ocrx_word' id='word_1_327' title='bbox 435 3523 448 3545; x_wconf 78' lang='lat'>¹·</span> <span class='ocrx_word' id='word_1_328' title='bbox 471 3521 571 3561; x_wconf 65' lang='lat' dir='ltr'>ibid„</span> <span class='ocrx_word' id='word_1_329' title='bbox 593 3529 627 3560; x_wconf 89' lang='lat' dir='ltr'>V,</span> <span class='ocrx_word' id='word_1_330' title='bbox 648 3523 700 3554; x_wconf 77' lang='lat'>22.</span> <span class='ocrx_word' id='word_1_331' title='bbox 716 3538 757 3544; x_wconf 89' lang='lat'><strong>—</strong></span> <span class='ocrx_word' id='word_1_332' title='bbox 781 3522 791 3540; x_wconf 77' lang='lat'>⁵</span> <span class='ocrx_word' id='word_1_333' title='bbox 810 3522 928 3562; x_wconf 54' lang='lat' dir='ltr'>Ecchl,</span> <span class='ocrx_word' id='word_1_334' title='bbox 952 3531 1000 3561; x_wconf 76' lang='lat' dir='ltr'>XI,</span> <span class='ocrx_word' id='word_1_335' title='bbox 1022 3525 1073 3555; x_wconf 74' lang='lat'>23.</span> <span class='ocrx_word' id='word_1_336' title='bbox 1094 3541 1134 3546; x_wconf 93' lang='lat'>·—</span> <span class='ocrx_word' id='word_1_337' title='bbox 1159 3525 1170 3543; x_wconf 70' lang='lat'><strong>⁶</strong></span> <span class='ocrx_word' id='word_1_338' title='bbox 1192 3523 1288 3565; x_wconf 60' lang='lat' dir='ltr'>ibid„</span> 
     </span>
     <span class='ocr_line' id='line_1_47' title="bbox 262 3568 1289 3612; baseline 0 -9"><span class='ocrx_word' id='word_1_339' title='bbox 262 3578 366 3612; x_wconf 80' lang='lat' dir='ltr'>xLin,</span> <span class='ocrx_word' id='word_1_340' title='bbox 385 3572 436 3603; x_wconf 82' lang='lat'>31.</span> <span class='ocrx_word' id='word_1_341' title='bbox 460 3587 500 3593; x_wconf 95' lang='lat'><strong>—</strong></span> <span class='ocrx_word' id='word_1_342' title='bbox 520 3571 529 3589; x_wconf 93' lang='lat'>⁷</span> <span class='ocrx_word' id='word_1_343' title='bbox 549 3568 670 3609; x_wconf 68' lang='lat' dir='ltr'>Eaeocl„</span> <span class='ocrx_word' id='word_1_344' title='bbox 691 3576 747 3610; x_wconf 84' lang='lat' dir='ltr'>xv,</span> <span class='ocrx_word' id='word_1_345' title='bbox 773 3570 821 3602; x_wconf 80' lang='lat'>11.</span> <span class='ocrx_word' id='word_1_346' title='bbox 843 3587 884 3593; x_wconf 97' lang='lat'>—</span> <span class='ocrx_word' id='word_1_347' title='bbox 904 3570 917 3592; x_wconf 76' lang='grc'>8</span> <span class='ocrx_word' id='word_1_348' title='bbox 934 3570 1155 3612; x_wconf 75' lang='lat' dir='ltr'>Job‚xxv1n,</span> <span class='ocrx_word' id='word_1_349' title='bbox 1176 3573 1228 3604; x_wconf 80' lang='lat'>25.</span> <span class='ocrx_word' id='word_1_350' title='bbox 1249 3589 1289 3595; x_wconf 89' lang='lat'>—-</span> 
     </span>
    </p>
   </div>
   <div class='ocr_carea' id='block_1_4' title="bbox 990 262 1668 308">
    <p class='ocr_par' dir='ltr' id='par_1_5' title="bbox 990 262 1668 308">
     <span class='ocr_line' id='line_1_48' title="bbox 990 262 1668 308; baseline -0.003 0"><span class='ocrx_word' id='word_1_351' title='bbox 990 262 1271 308; x_wconf 78' lang='lat' dir='ltr'><strong>EVANGELII</strong></span> <span class='ocrx_word' id='word_1_352' title='bbox 1303 262 1488 305; x_wconf 87' lang='lat' dir='ltr'>SANCTI</span> <span class='ocrx_word' id='word_1_353' title='bbox 1519 263 1668 306; x_wconf 88' lang='lat' dir='ltr'>LUCAE</span> 
     </span>
    </p>
   </div>
   <div class='ocr_carea' id='block_1_5' title="bbox 1357 350 2391 1190">
    <p class='ocr_par' dir='ltr' id='par_1_6' title="bbox 1357 350 2391 1106">
     <span class='ocr_line' id='line_1_49' title="bbox 1358 350 2386 405; baseline -0.002 -12"><span class='ocrx_word' id='word_1_354' title='bbox 1358 354 1550 405; x_wconf 85' lang='lat' dir='ltr'>procellis</span> <span class='ocrx_word' id='word_1_355' title='bbox 1571 353 1831 393; x_wconf 86' lang='lat' dir='ltr'>sonantibus.</span> <span class='ocrx_word' id='word_1_356' title='bbox 1857 370 1872 389; x_wconf 72' lang='grc' dir='ltr'>ι»</span> <span class='ocrx_word' id='word_1_357' title='bbox 1894 352 1944 393; x_wconf 80' lang='lat' dir='ltr'>Et</span> <span class='ocrx_word' id='word_1_358' title='bbox 1963 353 2022 394; x_wconf 84' lang='lat' dir='ltr'>sic</span> <span class='ocrx_word' id='word_1_359' title='bbox 2040 352 2303 396; x_wconf 86' lang='lat' dir='ltr'>verificatum</span> <span class='ocrx_word' id='word_1_360' title='bbox 2324 350 2386 392; x_wconf 91' lang='lat' dir='ltr'>est</span> 
     </span>
     <span class='ocr_line' id='line_1_50' title="bbox 1357 423 2388 478; baseline 0 -14"><span class='ocrx_word' id='word_1_361' title='bbox 1357 424 1461 465; x_wconf 88' lang='lat' dir='ltr'>illud</span> <span class='ocrx_word' id='word_1_362' title='bbox 1492 425 1505 446; x_wconf 75' lang='lat'>⁹</span> <span class='ocrx_word' id='word_1_363' title='bbox 1543 439 1551 465; x_wconf 90' lang='lat'><strong>:</strong></span> <span class='ocrx_word' id='word_1_364' title='bbox 1589 439 1607 462; x_wconf 84' lang='lat'>«</span> <span class='ocrx_word' id='word_1_365' title='bbox 1638 423 1682 464; x_wconf 91' lang='lat' dir='ltr'>In</span> <span class='ocrx_word' id='word_1_366' title='bbox 1714 424 1846 465; x_wconf 89' lang='lat' dir='ltr'>verbo</span> <span class='ocrx_word' id='word_1_367' title='bbox 1879 425 1915 476; x_wconf 88' lang='lat' dir='ltr'>ej</span> <span class='ocrx_word' id='word_1_368' title='bbox 1924 436 1973 465; x_wconf 92' lang='lat' dir='ltr'>us</span> <span class='ocrx_word' id='word_1_369' title='bbox 1999 426 2113 466; x_wconf 87' lang='lat' dir='ltr'>stetit</span> <span class='ocrx_word' id='word_1_370' title='bbox 2141 437 2251 478; x_wconf 86' lang='lat' dir='ltr'>aqua</span> <span class='ocrx_word' id='word_1_371' title='bbox 2281 424 2388 464; x_wconf 90' lang='lat' dir='ltr'>sicut</span> 
     </span>
     <span class='ocr_line' id='line_1_51' title="bbox 1358 494 2386 548; baseline 0.001 -13"><span class='ocrx_word' id='word_1_372' title='bbox 1358 494 1596 546; x_wconf 88' lang='lat' dir='ltr'>congeries.</span> <span class='ocrx_word' id='word_1_373' title='bbox 1616 509 1634 531; x_wconf 79' lang='lat'>›&gt;</span> <span class='ocrx_word' id='word_1_374' title='bbox 1661 494 1739 535; x_wconf 89' lang='lat' dir='ltr'>lste</span> <span class='ocrx_word' id='word_1_375' title='bbox 1760 506 1866 546; x_wconf 88' lang='lat' dir='ltr'>ergo</span> <span class='ocrx_word' id='word_1_376' title='bbox 1883 496 1946 535; x_wconf 88' lang='lat' dir='ltr'>est</span> <span class='ocrx_word' id='word_1_377' title='bbox 1965 494 2054 545; x_wconf 84' lang='lat' dir='ltr'>ille,</span> <span class='ocrx_word' id='word_1_378' title='bbox 2073 495 2123 536; x_wconf 90' lang='lat' dir='ltr'>de</span> <span class='ocrx_word' id='word_1_379' title='bbox 2143 508 2228 548; x_wconf 89' lang='lat' dir='ltr'>quo</span> <span class='ocrx_word' id='word_1_380' title='bbox 2249 495 2292 535; x_wconf 92' lang='lat' dir='ltr'>in</span> <span class='ocrx_word' id='word_1_381' title='bbox 2313 495 2386 537; x_wconf 86' lang='lat' dir='ltr'>Job</span> 
     </span>
     <span class='ocr_line' id='line_1_52' title="bbox 1358 565 2388 615; baseline 0.002 -10"><span class='ocrx_word' id='word_1_382' title='bbox 1358 565 1513 606; x_wconf 84' lang='lat' dir='ltr'>(licitur</span> <span class='ocrx_word' id='word_1_383' title='bbox 1535 567 1563 591; x_wconf 83' lang='lat'>¹0</span> <span class='ocrx_word' id='word_1_384' title='bbox 1578 581 1614 606; x_wconf 77' lang='lat' dir='ltr'>z«</span> <span class='ocrx_word' id='word_1_385' title='bbox 1639 565 1740 615; x_wconf 84' lang='lat' dir='ltr'>Quis</span> <span class='ocrx_word' id='word_1_386' title='bbox 1760 565 1964 606; x_wconf 87' lang='lat' dir='ltr'>conclusit</span> <span class='ocrx_word' id='word_1_387' title='bbox 1989 565 2105 605; x_wconf 88' lang='lat' dir='ltr'>ostiis</span> <span class='ocrx_word' id='word_1_388' title='bbox 2126 569 2265 606; x_wconf 77' lang='lat' dir='ltr'>mare?</span> <span class='ocrx_word' id='word_1_389' title='bbox 2284 580 2302 603; x_wconf 86' lang='lat'>»</span> <span class='ocrx_word' id='word_1_390' title='bbox 2323 566 2388 606; x_wconf 81' lang='lat' dir='ltr'>Ex</span> 
     </span>
     <span class='ocr_line' id='line_1_53' title="bbox 1359 635 2388 689; baseline 0 -12"><span class='ocrx_word' id='word_1_391' title='bbox 1359 649 1443 689; x_wconf 92' lang='lat' dir='ltr'>quo</span> <span class='ocrx_word' id='word_1_392' title='bbox 1462 638 1574 678; x_wconf 91' lang='lat' dir='ltr'>enim</span> <span class='ocrx_word' id='word_1_393' title='bbox 1590 650 1706 678; x_wconf 90' lang='lat' dir='ltr'>mare</span> <span class='ocrx_word' id='word_1_394' title='bbox 1726 639 1766 678; x_wconf 87' lang='lat' dir='ltr'>et</span> <span class='ocrx_word' id='word_1_395' title='bbox 1785 637 1900 679; x_wconf 85' lang='lat' dir='ltr'>venti</span> <span class='ocrx_word' id='word_1_396' title='bbox 1915 636 2118 677; x_wconf 89' lang='lat' dir='ltr'>obediunt</span> <span class='ocrx_word' id='word_1_397' title='bbox 2131 636 2184 685; x_wconf 93' lang='lat' dir='ltr'>ei,</span> <span class='ocrx_word' id='word_1_398' title='bbox 2197 635 2313 676; x_wconf 90' lang='lat' dir='ltr'>nulla</span> <span class='ocrx_word' id='word_1_399' title='bbox 2326 649 2388 677; x_wconf 84' lang='lat' dir='ltr'>re-</span> 
     </span>
     <span class='ocr_line' id='line_1_54' title="bbox 1359 707 2386 762; baseline -0.001 -15"><span class='ocrx_word' id='word_1_400' title='bbox 1359 707 1505 750; x_wconf 91' lang='lat' dir='ltr'>sistere</span> <span class='ocrx_word' id='word_1_401' title='bbox 1519 712 1707 762; x_wconf 89' lang='lat' dir='ltr'>possunt.</span> <span class='ocrx_word' id='word_1_402' title='bbox 1726 709 1774 750; x_wconf 92' lang='lat' dir='ltr'>In</span> <span class='ocrx_word' id='word_1_403' title='bbox 1793 709 2089 751; x_wconf 78' lang='lat' dir='ltr'>Ecclesiastico</span> <span class='ocrx_word' id='word_1_404' title='bbox 2103 707 2128 729; x_wconf 89' lang='lat'>¹¹</span> <span class='ocrx_word' id='word_1_405' title='bbox 2146 720 2156 748; x_wconf 81' lang='lat' dir='ltr'>z</span> <span class='ocrx_word' id='word_1_406' title='bbox 2177 722 2195 745; x_wconf 77' lang='lat' dir='ltr'>t(</span> <span class='ocrx_word' id='word_1_407' title='bbox 2207 707 2254 747; x_wconf 93' lang='lat' dir='ltr'>In</span> <span class='ocrx_word' id='word_1_408' title='bbox 2270 708 2386 747; x_wconf 91' lang='lat' dir='ltr'>omni</span> 
     </span>
     <span class='ocr_line' id='line_1_55' title="bbox 1360 777 2389 822; baseline -0.002 -3"><span class='ocrx_word' id='word_1_409' title='bbox 1360 780 1605 822; x_wconf 87' lang='lat' dir='ltr'>necessitate</span> <span class='ocrx_word' id='word_1_410' title='bbox 1618 781 1762 822; x_wconf 92' lang='lat' dir='ltr'>omnia</span> <span class='ocrx_word' id='word_1_411' title='bbox 1775 780 2011 822; x_wconf 88' lang='lat' dir='ltr'>obaudiunt</span> <span class='ocrx_word' id='word_1_412' title='bbox 2025 780 2077 820; x_wconf 89' lang='lat' dir='ltr'>ei.</span> <span class='ocrx_word' id='word_1_413' title='bbox 2106 794 2124 817; x_wconf 77' lang='lat' dir='ltr'>n</span> <span class='ocrx_word' id='word_1_414' title='bbox 2142 778 2259 820; x_wconf 90' lang='lat' dir='ltr'>Unde</span> <span class='ocrx_word' id='word_1_415' title='bbox 2278 777 2389 818; x_wconf 85' lang='lat' dir='ltr'>Beda</span> 
     </span>
     <span class='ocr_line' id='line_1_56' title="bbox 1358 850 2391 905; baseline -0.001 -15"><span class='ocrx_word' id='word_1_416' title='bbox 1358 850 1402 891; x_wconf 89' lang='lat' dir='ltr'>in</span> <span class='ocrx_word' id='word_1_417' title='bbox 1440 851 1585 895; x_wconf 77' lang='lat' dir='ltr'>Glossa</span> <span class='ocrx_word' id='word_1_418' title='bbox 1618 854 1643 874; x_wconf 70' lang='lat'>¹²</span> <span class='ocrx_word' id='word_1_419' title='bbox 1675 868 1684 893; x_wconf 72' lang='grc' dir='ltr'>ε</span> <span class='ocrx_word' id='word_1_420' title='bbox 1714 852 1858 894; x_wconf 88' lang='lat' dir='ltr'>«Nota</span> <span class='ocrx_word' id='word_1_421' title='bbox 1885 851 1999 905; x_wconf 91' lang='lat' dir='ltr'>quod</span> <span class='ocrx_word' id='word_1_422' title='bbox 2028 850 2167 892; x_wconf 89' lang='lat' dir='ltr'>omnis</span> <span class='ocrx_word' id='word_1_423' title='bbox 2198 851 2391 891; x_wconf 88' lang='lat' dir='ltr'>creatura</span> 
     </span>
     <span class='ocr_line' id='line_1_57' title="bbox 1359 920 2390 977; baseline -0.001 -16"><span class='ocrx_word' id='word_1_424' title='bbox 1359 922 1485 962; x_wconf 87' lang='lat' dir='ltr'>sentit</span> <span class='ocrx_word' id='word_1_425' title='bbox 1507 922 1766 975; x_wconf 85' lang='lat' dir='ltr'>Creatorem,</span> <span class='ocrx_word' id='word_1_426' title='bbox 1791 923 1890 977; x_wconf 87' lang='lat' dir='ltr'>quia</span> <span class='ocrx_word' id='word_1_427' title='bbox 1916 922 2123 975; x_wconf 86' lang='lat' dir='ltr'>majestati</span> <span class='ocrx_word' id='word_1_428' title='bbox 2157 920 2390 963; x_wconf 89' lang='lat' dir='ltr'>Conditoris</span> 
     </span>
     <span class='ocr_line' id='line_1_58' title="bbox 1361 991 2391 1048; baseline -0.003 -14"><span class='ocrx_word' id='word_1_429' title='bbox 1361 996 1462 1034; x_wconf 87' lang='lat' dir='ltr'>sunt</span> <span class='ocrx_word' id='word_1_430' title='bbox 1481 995 1693 1035; x_wconf 84' lang='lat' dir='ltr'>sensibilia</span> <span class='ocrx_word' id='word_1_431' title='bbox 1708 1027 1720 1046; x_wconf 88' lang='lat'>,</span> <span class='ocrx_word' id='word_1_432' title='bbox 1744 1007 1840 1048; x_wconf 80' lang='lat' dir='ltr'>quae</span> <span class='ocrx_word' id='word_1_433' title='bbox 1857 994 1970 1048; x_wconf 89' lang='lat' dir='ltr'>apud</span> <span class='ocrx_word' id='word_1_434' title='bbox 1990 1005 2068 1034; x_wconf 91' lang='lat' dir='ltr'>nos</span> <span class='ocrx_word' id='word_1_435' title='bbox 2089 994 2187 1034; x_wconf 89' lang='lat' dir='ltr'>sunt</span> <span class='ocrx_word' id='word_1_436' title='bbox 2206 991 2391 1033; x_wconf 87' lang='lat' dir='ltr'>insensi-</span> 
     </span>
     <span class='ocr_line' id='line_1_59' title="bbox 1359 1064 1527 1106; baseline -0.018 -2"><span class='ocrx_word' id='word_1_437' title='bbox 1359 1064 1474 1106; x_wconf 77' lang='lat' dir='ltr'>bilia.</span> <span class='ocrx_word' id='word_1_438' title='bbox 1509 1079 1527 1102; x_wconf 76' lang='grc'>))</span> 
     </span>
    </p>

    <p class='ocr_par' dir='ltr' id='par_1_7' title="bbox 1413 1134 2389 1190">
     <span class='ocr_line' id='line_1_60' title="bbox 1413 1134 2389 1190; baseline -0.001 -14"><span class='ocrx_word' id='word_1_439' title='bbox 1413 1135 1697 1189; x_wconf 87' lang='lat' dir='ltr'>Spiritualiter</span> <span class='ocrx_word' id='word_1_440' title='bbox 1714 1139 1856 1178; x_wconf 88' lang='lat' dir='ltr'>autem</span> <span class='ocrx_word' id='word_1_441' title='bbox 1876 1135 2131 1190; x_wconf 82' lang='lat' dir='ltr'>exprimitur</span> <span class='ocrx_word' id='word_1_442' title='bbox 2149 1135 2219 1176; x_wconf 86' lang='lat' dir='ltr'>hic</span> <span class='ocrx_word' id='word_1_443' title='bbox 2234 1134 2389 1175; x_wconf 84' lang='lat' dir='ltr'>libera-</span> 
     </span>
    </p>
   </div>
   <div class='ocr_carea' id='block_1_6' title="bbox 2436 1147 2553 1217">
    <p class='ocr_par' dir='ltr' id='par_1_8' title="bbox 2436 1147 2553 1217">
     <span class='ocr_line' id='line_1_61' title="bbox 2460 1147 2553 1183; baseline 0 -8"><span class='ocrx_word' id='word_1_444' title='bbox 2460 1147 2553 1183; x_wconf 79' lang='lat' dir='ltr'>Spiri··</span> 
     </span>
     <span class='ocr_line' id='line_1_62' title="bbox 2436 1191 2523 1217; baseline -0.023 0"><span class='ocrx_word' id='word_1_445' title='bbox 2436 1191 2523 1217; x_wconf 80' lang='lat' dir='ltr'>tualis</span> 
     </span>
    </p>
   </div>
   <div class='ocr_carea' id='block_1_7' title="bbox 1358 1205 2540 1260">
    <p class='ocr_par' dir='ltr' id='par_1_9' title="bbox 1358 1205 2540 1260">
     <span class='ocr_line' id='line_1_63' title="bbox 1358 1205 2540 1260; baseline -0.002 -13"><span class='ocrx_word' id='word_1_446' title='bbox 1358 1207 1417 1248; x_wconf 91' lang='lat' dir='ltr'>tio</span> <span class='ocrx_word' id='word_1_447' title='bbox 1454 1207 1609 1249; x_wconf 77' lang='lat' dir='ltr'>animae</span> <span class='ocrx_word' id='word_1_448' title='bbox 1650 1208 1892 1260; x_wconf 62' lang='lat' dir='ltr'>poenitentis</span> <span class='ocrx_word' id='word_1_449' title='bbox 1924 1219 1949 1247; x_wconf 88' lang='lat' dir='ltr'>a</span> <span class='ocrx_word' id='word_1_450' title='bbox 1980 1207 2207 1248; x_wconf 86' lang='lat' dir='ltr'>tentatione</span> <span class='ocrx_word' id='word_1_451' title='bbox 2239 1205 2392 1247; x_wconf 89' lang='lat' dir='ltr'>diaboli</span> <span class='ocrx_word' id='word_1_452' title='bbox 2425 1239 2540 1259; x_wconf 49' lang='lat' dir='ltr'>sensus,</span> 
     </span>
    </p>
   </div>
   <div class='ocr_carea' id='block_1_8' title="bbox 1357 1276 2396 3325">
    <p class='ocr_par' dir='ltr' id='par_1_10' title="bbox 1357 1276 2393 1757">
     <span class='ocr_line' id='line_1_64' title="bbox 1359 1276 2390 1331; baseline -0.002 -13"><span class='ocrx_word' id='word_1_453' title='bbox 1359 1290 1435 1331; x_wconf 90' lang='lat' dir='ltr'>per</span> <span class='ocrx_word' id='word_1_454' title='bbox 1455 1279 1639 1330; x_wconf 82' lang='lat' dir='ltr'>gratiam</span> <span class='ocrx_word' id='word_1_455' title='bbox 1660 1278 1825 1319; x_wconf 86' lang='lat' dir='ltr'>Christi.</span> <span class='ocrx_word' id='word_1_456' title='bbox 1851 1278 1969 1319; x_wconf 88' lang='lat' dir='ltr'>Unde</span> <span class='ocrx_word' id='word_1_457' title='bbox 1997 1278 2077 1318; x_wconf 90' lang='lat' dir='ltr'>tria</span> <span class='ocrx_word' id='word_1_458' title='bbox 2095 1277 2167 1317; x_wconf 89' lang='lat' dir='ltr'>hic</span> <span class='ocrx_word' id='word_1_459' title='bbox 2186 1279 2285 1318; x_wconf 88' lang='lat' dir='ltr'>sunt</span> <span class='ocrx_word' id='word_1_460' title='bbox 2307 1276 2390 1329; x_wconf 91' lang='lat' dir='ltr'>spi-</span> 
     </span>
     <span class='ocr_line' id='line_1_65' title="bbox 1357 1347 2393 1402; baseline 0 -14"><span class='ocrx_word' id='word_1_461' title='bbox 1357 1348 1566 1389; x_wconf 87' lang='lat' dir='ltr'>ritualiter</span> <span class='ocrx_word' id='word_1_462' title='bbox 1601 1349 1851 1390; x_wconf 87' lang='lat' dir='ltr'>attendenda</span> <span class='ocrx_word' id='word_1_463' title='bbox 1881 1363 1890 1389; x_wconf 89' lang='lat'>:</span> <span class='ocrx_word' id='word_1_464' title='bbox 1925 1349 2115 1402; x_wconf 87' lang='lat' dir='ltr'>primum</span> <span class='ocrx_word' id='word_1_465' title='bbox 2149 1350 2212 1388; x_wconf 88' lang='lat' dir='ltr'>est</span> <span class='ocrx_word' id='word_1_466' title='bbox 2239 1347 2393 1389; x_wconf 84' lang='lat' dir='ltr'>animae</span> 
     </span>
     <span class='ocr_line' id='line_1_66' title="bbox 1359 1418 2391 1474; baseline -0.001 -14"><span class='ocrx_word' id='word_1_467' title='bbox 1359 1420 1602 1472; x_wconf 84' lang='lat' dir='ltr'>conversio,</span> <span class='ocrx_word' id='word_1_468' title='bbox 1627 1433 1724 1474; x_wconf 81' lang='lat' dir='ltr'>quae</span> <span class='ocrx_word' id='word_1_469' title='bbox 1741 1421 1990 1473; x_wconf 89' lang='lat' dir='ltr'>designatur</span> <span class='ocrx_word' id='word_1_470' title='bbox 2011 1421 2056 1461; x_wconf 91' lang='lat' dir='ltr'>in</span> <span class='ocrx_word' id='word_1_471' title='bbox 2075 1431 2251 1461; x_wconf 87' lang='lat' dir='ltr'>ascensu</span> <span class='ocrx_word' id='word_1_472' title='bbox 2271 1418 2391 1460; x_wconf 87' lang='lat' dir='ltr'>navi-</span> 
     </span>
     <span class='ocr_line' id='line_1_67' title="bbox 1359 1490 2390 1544; baseline -0.002 -13"><span class='ocrx_word' id='word_1_473' title='bbox 1359 1491 1465 1532; x_wconf 81' lang='lat' dir='ltr'>culae</span> <span class='ocrx_word' id='word_1_474' title='bbox 1483 1507 1493 1542; x_wconf 89' lang='lat'>;</span> <span class='ocrx_word' id='word_1_475' title='bbox 1517 1492 1752 1533; x_wconf 90' lang='lat' dir='ltr'>secundum</span> <span class='ocrx_word' id='word_1_476' title='bbox 1771 1494 1833 1533; x_wconf 90' lang='lat' dir='ltr'>est</span> <span class='ocrx_word' id='word_1_477' title='bbox 1855 1492 2056 1542; x_wconf 87' lang='lat' dir='ltr'>tentatio,</span> <span class='ocrx_word' id='word_1_478' title='bbox 2079 1503 2174 1544; x_wconf 83' lang='lat' dir='ltr'>quae</span> <span class='ocrx_word' id='word_1_479' title='bbox 2192 1490 2390 1542; x_wconf 82' lang='lat' dir='ltr'>designa-</span> 
     </span>
     <span class='ocr_line' id='line_1_68' title="bbox 1359 1561 2390 1616; baseline -0.001 -14"><span class='ocrx_word' id='word_1_480' title='bbox 1359 1564 1427 1602; x_wconf 85' lang='lat' dir='ltr'>tur</span> <span class='ocrx_word' id='word_1_481' title='bbox 1448 1563 1492 1602; x_wconf 94' lang='lat' dir='ltr'>in</span> <span class='ocrx_word' id='word_1_482' title='bbox 1512 1563 1678 1616; x_wconf 89' lang='lat' dir='ltr'>impetu</span> <span class='ocrx_word' id='word_1_483' title='bbox 1698 1563 1917 1616; x_wconf 84' lang='lat' dir='ltr'>procellae3</span> <span class='ocrx_word' id='word_1_484' title='bbox 1942 1563 2114 1604; x_wconf 89' lang='lat' dir='ltr'>tertium</span> <span class='ocrx_word' id='word_1_485' title='bbox 2143 1564 2206 1602; x_wconf 86' lang='lat' dir='ltr'>est</span> <span class='ocrx_word' id='word_1_486' title='bbox 2237 1561 2390 1602; x_wconf 69' lang='lat' dir='ltr'>anima]</span> 
     </span>
     <span class='ocr_line' id='line_1_69' title="bbox 1360 1632 2392 1687; baseline 0 -14"><span class='ocrx_word' id='word_1_487' title='bbox 1360 1633 1589 1674; x_wconf 86' lang='lat' dir='ltr'>consolatio</span> <span class='ocrx_word' id='word_1_488' title='bbox 1616 1666 1627 1685; x_wconf 89' lang='lat'>,</span> <span class='ocrx_word' id='word_1_489' title='bbox 1672 1646 1767 1687; x_wconf 59' lang='lat' dir='ltr'>quae</span> <span class='ocrx_word' id='word_1_490' title='bbox 1813 1634 2061 1685; x_wconf 87' lang='lat' dir='ltr'>designatur</span> <span class='ocrx_word' id='word_1_491' title='bbox 2098 1633 2142 1673; x_wconf 90' lang='lat' dir='ltr'>in</span> <span class='ocrx_word' id='word_1_492' title='bbox 2179 1632 2392 1673; x_wconf 86' lang='lat' dir='ltr'>sedatione</span> 
     </span>
     <span class='ocr_line' id='line_1_70' title="bbox 1359 1704 1633 1757; baseline -0.007 -12"><span class='ocrx_word' id='word_1_493' title='bbox 1359 1704 1633 1757; x_wconf 66' lang='lat' dir='ltr'>tempestatis</span> 
     </span>
    </p>

    <p class='ocr_par' dir='ltr' id='par_1_11' title="bbox 1358 1774 2396 3325">
     <span class='ocr_line' id='line_1_71' title="bbox 1413 1774 2392 1827; baseline 0 -12"><span class='ocrx_word' id='word_1_494' title='bbox 1413 1774 1532 1815; x_wconf 87' lang='lat' dir='ltr'>Circa</span> <span class='ocrx_word' id='word_1_495' title='bbox 1575 1786 1800 1816; x_wconf 89' lang='lat' dir='ltr'>ascensum</span> <span class='ocrx_word' id='word_1_496' title='bbox 1844 1774 2053 1817; x_wconf 70' lang='lat' dir='ltr'>naviculae</span> <span class='ocrx_word' id='word_1_497' title='bbox 2097 1774 2392 1827; x_wconf 83' lang='lat' dir='ltr'>designantem</span> 
     </span>
     <span class='ocr_line' id='line_1_72' title="bbox 1359 1846 2393 1897; baseline 0 -10"><span class='ocrx_word' id='word_1_498' title='bbox 1359 1847 1721 1888; x_wconf 88' lang='lat' dir='ltr'>conversationem</span> <span class='ocrx_word' id='word_1_499' title='bbox 1772 1846 1927 1887; x_wconf 78' lang='lat' dir='ltr'>animae</span> <span class='ocrx_word' id='word_1_500' title='bbox 1954 1878 1966 1897; x_wconf 90' lang='lat'>,</span> <span class='ocrx_word' id='word_1_501' title='bbox 2016 1846 2096 1886; x_wconf 88' lang='lat' dir='ltr'>tria</span> <span class='ocrx_word' id='word_1_502' title='bbox 2144 1846 2393 1887; x_wconf 85' lang='lat' dir='ltr'>attendenda</span> 
     </span>
     <span class='ocr_line' id='line_1_73' title="bbox 1358 1917 2393 1971; baseline -0.002 -12"><span class='ocrx_word' id='word_1_503' title='bbox 1358 1920 1460 1959; x_wconf 89' lang='lat' dir='ltr'>sunt</span> <span class='ocrx_word' id='word_1_504' title='bbox 1481 1932 1489 1959; x_wconf 92' lang='lat'>:</span> <span class='ocrx_word' id='word_1_505' title='bbox 1514 1919 1652 1971; x_wconf 86' lang='lat' dir='ltr'>primo</span> <span class='ocrx_word' id='word_1_506' title='bbox 1686 1917 1840 1959; x_wconf 86' lang='lat' dir='ltr'>Christi</span> <span class='ocrx_word' id='word_1_507' title='bbox 1862 1917 2133 1971; x_wconf 74' lang='lat' dir='ltr'>exemplum,</span> <span class='ocrx_word' id='word_1_508' title='bbox 2156 1917 2256 1970; x_wconf 89' lang='lat' dir='ltr'>quia</span> <span class='ocrx_word' id='word_1_509' title='bbox 2277 1917 2393 1970; x_wconf 90' lang='lat' dir='ltr'>prior</span> 
     </span>
     <span class='ocr_line' id='line_1_74' title="bbox 1359 1989 2392 2042; baseline -0.002 -11"><span class='ocrx_word' id='word_1_510' title='bbox 1359 1990 1544 2031; x_wconf 86' lang='lat' dir='ltr'>ascendit</span> <span class='ocrx_word' id='word_1_511' title='bbox 1564 1991 1592 2012; x_wconf 75' lang='lat'>¹³</span> <span class='ocrx_word' id='word_1_512' title='bbox 1621 2004 1630 2030; x_wconf 91' lang='lat'><strong>:</strong></span> <span class='ocrx_word' id='word_1_513' title='bbox 1660 2005 1678 2029; x_wconf 84' lang='lat'>«</span> <span class='ocrx_word' id='word_1_514' title='bbox 1709 1989 1914 2030; x_wconf 88' lang='lat' dir='ltr'>Ascendet</span> <span class='ocrx_word' id='word_1_515' title='bbox 1951 1989 2139 2042; x_wconf 89' lang='lat' dir='ltr'>pandens</span> <span class='ocrx_word' id='word_1_516' title='bbox 2177 1989 2256 2030; x_wconf 91' lang='lat' dir='ltr'>iter</span> <span class='ocrx_word' id='word_1_517' title='bbox 2293 1991 2392 2030; x_wconf 89' lang='lat' dir='ltr'>ante</span> 
     </span>
     <span class='ocr_line' id='line_1_75' title="bbox 1358 2059 2391 2114; baseline 0 -13"><span class='ocrx_word' id='word_1_518' title='bbox 1358 2072 1455 2113; x_wconf 89' lang='lat' dir='ltr'>eos;</span> <span class='ocrx_word' id='word_1_519' title='bbox 1477 2075 1496 2099; x_wconf 71' lang='lat' dir='ltr'>J)</span> <span class='ocrx_word' id='word_1_520' title='bbox 1522 2060 1622 2114; x_wconf 88' lang='lat' dir='ltr'>qnia</span> <span class='ocrx_word' id='word_1_521' title='bbox 1644 2060 1672 2082; x_wconf 53' lang='lat'>¹²</span> <span class='ocrx_word' id='word_1_522' title='bbox 1695 2074 1704 2102; x_wconf 92' lang='lat'>:</span> <span class='ocrx_word' id='word_1_523' title='bbox 1733 2074 1752 2099; x_wconf 75' lang='grc' dir='ltr'>α</span> <span class='ocrx_word' id='word_1_524' title='bbox 1773 2060 1904 2114; x_wconf 62' lang='lat' dir='ltr'>Coepit</span> <span class='ocrx_word' id='word_1_525' title='bbox 1936 2059 2058 2101; x_wconf 85' lang='lat' dir='ltr'>Jesus</span> <span class='ocrx_word' id='word_1_526' title='bbox 2086 2060 2222 2101; x_wconf 85' lang='lat' dir='ltr'>facere</span> <span class='ocrx_word' id='word_1_527' title='bbox 2249 2061 2291 2100; x_wconf 87' lang='lat' dir='ltr'>et</span> <span class='ocrx_word' id='word_1_528' title='bbox 2316 2060 2391 2101; x_wconf 87' lang='lat' dir='ltr'>do-</span> 
     </span>
     <span class='ocr_line' id='line_1_76' title="bbox 1359 2131 2390 2184; baseline -0.001 -12"><span class='ocrx_word' id='word_1_529' title='bbox 1359 2144 1467 2173; x_wconf 88' lang='lat' dir='ltr'>cere.</span> <span class='ocrx_word' id='word_1_530' title='bbox 1494 2146 1513 2171; x_wconf 77' lang='grc'>»</span> <span class='ocrx_word' id='word_1_531' title='bbox 1536 2132 1587 2173; x_wconf 87' lang='lat' dir='ltr'>Et</span> <span class='ocrx_word' id='word_1_532' title='bbox 1619 2132 1699 2173; x_wconf 89' lang='lat' dir='ltr'>hoc</span> <span class='ocrx_word' id='word_1_533' title='bbox 1733 2134 1795 2173; x_wconf 89' lang='lat' dir='ltr'>est</span> <span class='ocrx_word' id='word_1_534' title='bbox 1827 2131 1941 2184; x_wconf 87' lang='lat' dir='ltr'>quod</span> <span class='ocrx_word' id='word_1_535' title='bbox 1973 2131 2074 2172; x_wconf 90' lang='lat' dir='ltr'>dicit</span> <span class='ocrx_word' id='word_1_536' title='bbox 2105 2131 2390 2173; x_wconf 88' lang='lat' dir='ltr'>Ambrosius:</span> 
     </span>
     <span class='ocr_line' id='line_1_77' title="bbox 1364 2203 2392 2256; baseline 0 -14"><span class='ocrx_word' id='word_1_537' title='bbox 1364 2219 1383 2242; x_wconf 65' lang='grc' dir='ltr'>(ι</span> <span class='ocrx_word' id='word_1_538' title='bbox 1397 2203 1601 2254; x_wconf 87' lang='lat' dir='ltr'>Christus,</span> <span class='ocrx_word' id='word_1_539' title='bbox 1624 2203 1778 2244; x_wconf 86' lang='lat' dir='ltr'>relictis</span> <span class='ocrx_word' id='word_1_540' title='bbox 1798 2203 2059 2256; x_wconf 87' lang='lat' dir='ltr'>parentibus,</span> <span class='ocrx_word' id='word_1_541' title='bbox 2081 2215 2237 2244; x_wconf 86' lang='lat' dir='ltr'>navem</span> <span class='ocrx_word' id='word_1_542' title='bbox 2257 2203 2392 2243; x_wconf 88' lang='lat' dir='ltr'>crucis</span> 
     </span>
     <span class='ocr_line' id='line_1_78' title="bbox 1359 2272 2392 2323; baseline -0.001 -8"><span class='ocrx_word' id='word_1_543' title='bbox 1359 2274 1544 2315; x_wconf 87' lang='lat' dir='ltr'>ascendit</span> <span class='ocrx_word' id='word_1_544' title='bbox 1562 2305 1572 2323; x_wconf 92' lang='lat'>‚</span> <span class='ocrx_word' id='word_1_545' title='bbox 1592 2276 1639 2314; x_wconf 92' lang='lat' dir='ltr'>ut</span> <span class='ocrx_word' id='word_1_546' title='bbox 1661 2273 1807 2314; x_wconf 85' lang='lat' dir='ltr'>doceat</span> <span class='ocrx_word' id='word_1_547' title='bbox 1833 2284 1910 2314; x_wconf 89' lang='lat' dir='ltr'>nos</span> <span class='ocrx_word' id='word_1_548' title='bbox 1930 2305 1941 2323; x_wconf 93' lang='lat'>,</span> <span class='ocrx_word' id='word_1_549' title='bbox 1966 2272 2112 2314; x_wconf 86' lang='lat' dir='ltr'>relicto</span> <span class='ocrx_word' id='word_1_550' title='bbox 2134 2285 2278 2314; x_wconf 88' lang='lat' dir='ltr'>amore</span> <span class='ocrx_word' id='word_1_551' title='bbox 2298 2285 2392 2314; x_wconf 88' lang='lat' dir='ltr'>car-</span> 
     </span>
     <span class='ocr_line' id='line_1_79' title="bbox 1358 2343 2393 2398; baseline 0 -13"><span class='ocrx_word' id='word_1_552' title='bbox 1358 2345 1467 2392; x_wconf 91' lang='lat' dir='ltr'>nali,</span> <span class='ocrx_word' id='word_1_553' title='bbox 1491 2356 1590 2386; x_wconf 84' lang='lat' dir='ltr'>cum</span> <span class='ocrx_word' id='word_1_554' title='bbox 1619 2344 1710 2397; x_wconf 89' lang='lat' dir='ltr'>ipso</span> <span class='ocrx_word' id='word_1_555' title='bbox 1743 2343 1955 2396; x_wconf 88' lang='lat' dir='ltr'>crucifigi.</span> <span class='ocrx_word' id='word_1_556' title='bbox 1976 2358 1995 2382; x_wconf 82' lang='lat'>»</span> <span class='ocrx_word' id='word_1_557' title='bbox 2022 2343 2070 2385; x_wconf 90' lang='lat' dir='ltr'>In</span> <span class='ocrx_word' id='word_1_558' title='bbox 2088 2345 2232 2397; x_wconf 87' lang='lat' dir='ltr'>figura</span> <span class='ocrx_word' id='word_1_559' title='bbox 2262 2344 2393 2398; x_wconf 78' lang='lat' dir='ltr'>huJus</span> 
     </span>
     <span class='ocr_line' id='line_1_80' title="bbox 1359 2415 2393 2469; baseline -0.001 -12"><span class='ocrx_word' id='word_1_560' title='bbox 1359 2416 1513 2457; x_wconf 87' lang='lat' dir='ltr'>dicitur</span> <span class='ocrx_word' id='word_1_561' title='bbox 1538 2416 1589 2467; x_wconf 75' lang='lat'>¹⁵,</span> <span class='ocrx_word' id='word_1_562' title='bbox 1621 2415 1734 2469; x_wconf 90' lang='lat' dir='ltr'>quod</span> <span class='ocrx_word' id='word_1_563' title='bbox 1772 2430 1791 2453; x_wconf 80' lang='grc' dir='ltr'>α</span> <span class='ocrx_word' id='word_1_564' title='bbox 1821 2415 1949 2456; x_wconf 87' lang='lat' dir='ltr'>Judas</span> <span class='ocrx_word' id='word_1_565' title='bbox 1996 2415 2144 2457; x_wconf 88' lang='lat' dir='ltr'>videns</span> <span class='ocrx_word' id='word_1_566' title='bbox 2185 2416 2393 2469; x_wconf 87' lang='lat' dir='ltr'>populum</span> 
     </span>
     <span class='ocr_line' id='line_1_81' title="bbox 1358 2486 2390 2540; baseline -0.001 -12"><span class='ocrx_word' id='word_1_567' title='bbox 1358 2487 1640 2540; x_wconf 88' lang='lat' dir='ltr'>trepidantem</span> <span class='ocrx_word' id='word_1_568' title='bbox 1659 2486 1712 2528; x_wconf 88' lang='lat' dir='ltr'>ad</span> <span class='ocrx_word' id='word_1_569' title='bbox 1748 2486 2110 2527; x_wconf 79' lang='lat' dir='ltr'>transfretandum</span> <span class='ocrx_word' id='word_1_570' title='bbox 2131 2488 2362 2528; x_wconf 89' lang='lat' dir='ltr'>torrentem</span> <span class='ocrx_word' id='word_1_571' title='bbox 2377 2519 2390 2538; x_wconf 86' lang='lat'>,</span> 
     </span>
     <span class='ocr_line' id='line_1_82' title="bbox 1358 2557 2396 2611; baseline -0.001 -12"><span class='ocrx_word' id='word_1_572' title='bbox 1358 2558 1646 2600; x_wconf 84' lang='lat' dir='ltr'>transfretavit</span> <span class='ocrx_word' id='word_1_573' title='bbox 1676 2558 1821 2611; x_wconf 88' lang='lat' dir='ltr'>prior,</span> <span class='ocrx_word' id='word_1_574' title='bbox 1856 2559 1897 2598; x_wconf 91' lang='lat' dir='ltr'>et</span> <span class='ocrx_word' id='word_1_575' title='bbox 1928 2557 2066 2599; x_wconf 88' lang='lat' dir='ltr'>omnis</span> <span class='ocrx_word' id='word_1_576' title='bbox 2092 2557 2274 2611; x_wconf 86' lang='lat' dir='ltr'>populus</span> <span class='ocrx_word' id='word_1_577' title='bbox 2301 2560 2396 2611; x_wconf 88' lang='lat' dir='ltr'>post</span> 
     </span>
     <span class='ocr_line' id='line_1_83' title="bbox 1360 2629 2395 2682; baseline -0.003 -10"><span class='ocrx_word' id='word_1_578' title='bbox 1360 2643 1475 2672; x_wconf 90' lang='lat' dir='ltr'>eum.</span> <span class='ocrx_word' id='word_1_579' title='bbox 1499 2645 1518 2669; x_wconf 72' lang='lat' dir='ltr'>n</span> <span class='ocrx_word' id='word_1_580' title='bbox 1557 2630 1775 2680; x_wconf 89' lang='lat' dir='ltr'>Secundo,</span> <span class='ocrx_word' id='word_1_581' title='bbox 1816 2629 1969 2670; x_wconf 88' lang='lat' dir='ltr'>Christi</span> <span class='ocrx_word' id='word_1_582' title='bbox 2006 2629 2255 2681; x_wconf 88' lang='lat' dir='ltr'>consilium,</span> <span class='ocrx_word' id='word_1_583' title='bbox 2295 2629 2395 2682; x_wconf 88' lang='lat' dir='ltr'>quia</span> 
     </span>
     <span class='ocr_line' id='line_1_84' title="bbox 1360 2700 2391 2755; baseline -0.002 -12"><span class='ocrx_word' id='word_1_584' title='bbox 1360 2702 1586 2755; x_wconf 86' lang='lat' dir='ltr'>discipulos</span> <span class='ocrx_word' id='word_1_585' title='bbox 1607 2702 1805 2744; x_wconf 90' lang='lat' dir='ltr'>invitavit</span> <span class='ocrx_word' id='word_1_586' title='bbox 1833 2703 1881 2742; x_wconf 92' lang='lat' dir='ltr'>ut</span> <span class='ocrx_word' id='word_1_587' title='bbox 1909 2713 2054 2742; x_wconf 87' lang='lat' dir='ltr'>secum</span> <span class='ocrx_word' id='word_1_588' title='bbox 2083 2700 2311 2742; x_wconf 86' lang='lat' dir='ltr'>transirent</span> <span class='ocrx_word' id='word_1_589' title='bbox 2331 2700 2360 2723; x_wconf 79' lang='lat'>¹⁶</span> <span class='ocrx_word' id='word_1_590' title='bbox 2383 2715 2391 2741; x_wconf 75' lang='grc' dir='ltr'><strong><em>ε</em></strong></span> 
     </span>
     <span class='ocr_line' id='line_1_85' title="bbox 1366 2771 2396 2826; baseline 0 -14"><span class='ocrx_word' id='word_1_591' title='bbox 1366 2788 1386 2812; x_wconf 86' lang='grc'>«</span> <span class='ocrx_word' id='word_1_592' title='bbox 1405 2773 1595 2814; x_wconf 88' lang='lat' dir='ltr'>Transite</span> <span class='ocrx_word' id='word_1_593' title='bbox 1618 2773 1670 2814; x_wconf 90' lang='lat' dir='ltr'>ad</span> <span class='ocrx_word' id='word_1_594' title='bbox 1705 2785 1773 2813; x_wconf 91' lang='lat' dir='ltr'>me</span> <span class='ocrx_word' id='word_1_595' title='bbox 1806 2784 1954 2814; x_wconf 89' lang='lat' dir='ltr'>omnes</span> <span class='ocrx_word' id='word_1_596' title='bbox 1985 2772 2062 2826; x_wconf 89' lang='lat' dir='ltr'>qui</span> <span class='ocrx_word' id='word_1_597' title='bbox 2100 2771 2396 2825; x_wconf 86' lang='lat' dir='ltr'>concupiscitis</span> 
     </span>
     <span class='ocr_line' id='line_1_86' title="bbox 1360 2844 2396 2898; baseline -0.003 -11"><span class='ocrx_word' id='word_1_598' title='bbox 1360 2858 1451 2898; x_wconf 73' lang='lat' dir='ltr'>me,</span> <span class='ocrx_word' id='word_1_599' title='bbox 1472 2860 1491 2884; x_wconf 72' lang='lat' dir='ltr'>n</span> <span class='ocrx_word' id='word_1_600' title='bbox 1516 2846 1671 2886; x_wconf 90' lang='lat' dir='ltr'>scilicet</span> <span class='ocrx_word' id='word_1_601' title='bbox 1702 2857 1756 2886; x_wconf 81' lang='lat' dir='ltr'>ex</span> <span class='ocrx_word' id='word_1_602' title='bbox 1781 2845 1861 2886; x_wconf 88' lang='lat' dir='ltr'>hoc</span> <span class='ocrx_word' id='word_1_603' title='bbox 1897 2844 2078 2896; x_wconf 81' lang='lat' dir='ltr'>mundo,</span> <span class='ocrx_word' id='word_1_604' title='bbox 2110 2844 2185 2898; x_wconf 85' lang='lat' dir='ltr'>qui</span> <span class='ocrx_word' id='word_1_605' title='bbox 2218 2856 2304 2885; x_wconf 89' lang='lat' dir='ltr'>non</span> <span class='ocrx_word' id='word_1_606' title='bbox 2333 2847 2396 2884; x_wconf 90' lang='lat' dir='ltr'>est</span> 
     </span>
     <span class='ocr_line' id='line_1_87' title="bbox 1360 2913 2395 2969; baseline -0.001 -13"><span class='ocrx_word' id='word_1_607' title='bbox 1360 2916 1441 2956; x_wconf 88' lang='lat' dir='ltr'>nisi</span> <span class='ocrx_word' id='word_1_608' title='bbox 1472 2915 1674 2956; x_wconf 87' lang='lat' dir='ltr'>transitus</span> <span class='ocrx_word' id='word_1_609' title='bbox 1707 2915 1881 2969; x_wconf 88' lang='lat' dir='ltr'>quidam</span> <span class='ocrx_word' id='word_1_610' title='bbox 1909 2916 1938 2941; x_wconf 84' lang='lat'>¹⁷</span> <span class='ocrx_word' id='word_1_611' title='bbox 1964 2930 1973 2956; x_wconf 76' lang='grc' dir='ltr'>ε</span> <span class='ocrx_word' id='word_1_612' title='bbox 2009 2913 2101 2956; x_wconf 89' lang='lat' dir='ltr'>«Ut</span> <span class='ocrx_word' id='word_1_613' title='bbox 2127 2917 2313 2955; x_wconf 88' lang='lat' dir='ltr'>transeat</span> <span class='ocrx_word' id='word_1_614' title='bbox 2342 2926 2395 2955; x_wconf 82' lang='lat' dir='ltr'>ex</span> 
     </span>
     <span class='ocr_line' id='line_1_88' title="bbox 1360 2985 2389 3030; baseline -0.002 -2"><span class='ocrx_word' id='word_1_615' title='bbox 1360 2987 1440 3028; x_wconf 87' lang='lat' dir='ltr'>hoc</span> <span class='ocrx_word' id='word_1_616' title='bbox 1460 2987 1619 3028; x_wconf 89' lang='lat' dir='ltr'>mundo</span> <span class='ocrx_word' id='word_1_617' title='bbox 1639 2987 1691 3028; x_wconf 88' lang='lat' dir='ltr'>ad</span> <span class='ocrx_word' id='word_1_618' title='bbox 1715 2987 1898 3030; x_wconf 87' lang='lat' dir='ltr'>Patrem.</span> <span class='ocrx_word' id='word_1_619' title='bbox 1923 3000 1943 3026; x_wconf 76' lang='grc'>1)</span> <span class='ocrx_word' id='word_1_620' title='bbox 1968 2986 2019 3027; x_wconf 91' lang='lat' dir='ltr'>Et</span> <span class='ocrx_word' id='word_1_621' title='bbox 2045 2986 2097 3027; x_wconf 88' lang='lat' dir='ltr'>ad</span> <span class='ocrx_word' id='word_1_622' title='bbox 2119 2985 2313 3028; x_wconf 81' lang='lat' dir='ltr'>Hebroeos</span> <span class='ocrx_word' id='word_1_623' title='bbox 2333 2986 2361 3008; x_wconf 80' lang='lat'>¹⁸</span> <span class='ocrx_word' id='word_1_624' title='bbox 2381 3000 2389 3026; x_wconf 76' lang='grc' dir='ltr'>ε</span> 
     </span>
     <span class='ocr_line' id='line_1_89' title="bbox 1367 3057 2390 3108; baseline 0 -10"><span class='ocrx_word' id='word_1_625' title='bbox 1367 3074 1386 3098; x_wconf 70' lang='grc' dir='ltr'>(ι</span> <span class='ocrx_word' id='word_1_626' title='bbox 1414 3058 1507 3101; x_wconf 88' lang='lat' dir='ltr'>Non</span> <span class='ocrx_word' id='word_1_627' title='bbox 1537 3058 1746 3100; x_wconf 88' lang='lat' dir='ltr'>habemus</span> <span class='ocrx_word' id='word_1_628' title='bbox 1777 3058 1846 3099; x_wconf 88' lang='lat' dir='ltr'>hic</span> <span class='ocrx_word' id='word_1_629' title='bbox 1876 3059 2117 3098; x_wconf 87' lang='lat' dir='ltr'>manentem</span> <span class='ocrx_word' id='word_1_630' title='bbox 2149 3057 2390 3108; x_wconf 87' lang='lat' dir='ltr'>civitatem,</span> 
     </span>
     <span class='ocr_line' id='line_1_90' title="bbox 1362 3127 2395 3184; baseline -0.003 -12"><span class='ocrx_word' id='word_1_631' title='bbox 1362 3131 1433 3172; x_wconf 89' lang='lat' dir='ltr'>sed</span> <span class='ocrx_word' id='word_1_632' title='bbox 1462 3131 1653 3172; x_wconf 87' lang='lat' dir='ltr'>futuram</span> <span class='ocrx_word' id='word_1_633' title='bbox 1682 3129 1956 3184; x_wconf 84' lang='lat' dir='ltr'>inquirimus.</span> <span class='ocrx_word' id='word_1_634' title='bbox 1990 3143 2009 3166; x_wconf 81' lang='lat'>›)</span> <span class='ocrx_word' id='word_1_635' title='bbox 2040 3127 2195 3169; x_wconf 90' lang='lat' dir='ltr'>Beatus</span> <span class='ocrx_word' id='word_1_636' title='bbox 2227 3129 2300 3182; x_wconf 89' lang='lat' dir='ltr'>qui</span> <span class='ocrx_word' id='word_1_637' title='bbox 2336 3129 2395 3170; x_wconf 82' lang='lat' dir='ltr'>sie</span> 
     </span>
     <span class='ocr_line' id='line_1_91' title="bbox 1363 3198 2395 3255; baseline -0.002 -13"><span class='ocrx_word' id='word_1_638' title='bbox 1363 3201 1513 3242; x_wconf 89' lang='lat' dir='ltr'>transit</span> <span class='ocrx_word' id='word_1_639' title='bbox 1531 3213 1606 3255; x_wconf 89' lang='lat' dir='ltr'>per</span> <span class='ocrx_word' id='word_1_640' title='bbox 1624 3201 1736 3242; x_wconf 89' lang='lat' dir='ltr'>bona</span> <span class='ocrx_word' id='word_1_641' title='bbox 1755 3198 2026 3253; x_wconf 86' lang='lat' dir='ltr'>temporalia,</span> <span class='ocrx_word' id='word_1_642' title='bbox 2047 3201 2095 3239; x_wconf 92' lang='lat' dir='ltr'>ut</span> <span class='ocrx_word' id='word_1_643' title='bbox 2122 3211 2209 3240; x_wconf 90' lang='lat' dir='ltr'>non</span> <span class='ocrx_word' id='word_1_644' title='bbox 2230 3199 2395 3241; x_wconf 86' lang='lat' dir='ltr'>amittat</span> 
     </span>
     <span class='ocr_line' id='line_1_92' title="bbox 1362 3270 2394 3325; baseline -0.002 -11"><span class='ocrx_word' id='word_1_645' title='bbox 1362 3274 1544 3324; x_wconf 74' lang='lat' dir='ltr'>aeterna,</span> <span class='ocrx_word' id='word_1_646' title='bbox 1567 3272 1670 3325; x_wconf 86' lang='lat' dir='ltr'>quia</span> <span class='ocrx_word' id='word_1_647' title='bbox 1689 3272 1718 3298; x_wconf 83' lang='lat'>¹⁹</span> <span class='ocrx_word' id='word_1_648' title='bbox 1746 3286 1755 3314; x_wconf 92' lang='lat'>:</span> <span class='ocrx_word' id='word_1_649' title='bbox 1785 3270 2109 3312; x_wconf 86' lang='lat' dir='ltr'>«Transeuntes</span> <span class='ocrx_word' id='word_1_650' title='bbox 2139 3283 2282 3324; x_wconf 87' lang='lat' dir='ltr'>mare,</span> <span class='ocrx_word' id='word_1_651' title='bbox 2317 3283 2394 3325; x_wconf 89' lang='lat' dir='ltr'>per</span> 
     </span>
    </p>
   </div>
   <div class='ocr_carea' id='block_1_9' title="bbox 1361 3381 2391 3611">
    <p class='ocr_par' dir='ltr' id='par_1_12' title="bbox 1361 3381 2391 3611">
     <span class='ocr_line' id='line_1_93' title="bbox 1362 3381 2391 3423; baseline -0.002 -8"><span class='ocrx_word' id='word_1_652' title='bbox 1362 3383 1373 3402; x_wconf 80' lang='lat'>⁰</span> <span class='ocrx_word' id='word_1_653' title='bbox 1397 3382 1512 3423; x_wconf 63' lang='lat' dir='ltr'>Eccli„</span> <span class='ocrx_word' id='word_1_654' title='bbox 1534 3390 1657 3423; x_wconf 80' lang='lat' dir='ltr'>xxxix,</span> <span class='ocrx_word' id='word_1_655' title='bbox 1678 3384 1729 3415; x_wconf 76' lang='lat'>22.</span> <span class='ocrx_word' id='word_1_656' title='bbox 1746 3400 1787 3406; x_wconf 87' lang='lat'>--</span> <span class='ocrx_word' id='word_1_657' title='bbox 1808 3382 1833 3404; x_wconf 89' lang='lat'>¹⁰</span> <span class='ocrx_word' id='word_1_658' title='bbox 1852 3381 1926 3421; x_wconf 83' lang='lat' dir='ltr'><em>Job‚</em></span> <span class='ocrx_word' id='word_1_659' title='bbox 1947 3389 2096 3423; x_wconf 77' lang='lat' dir='ltr'>xxxvm,</span> <span class='ocrx_word' id='word_1_660' title='bbox 2117 3384 2148 3414; x_wconf 88' lang='lat'>8.</span> <span class='ocrx_word' id='word_1_661' title='bbox 2165 3400 2205 3406; x_wconf 93' lang='lat'>-—</span> <span class='ocrx_word' id='word_1_662' title='bbox 2227 3383 2249 3405; x_wconf 87' lang='lat'>¹¹</span> <span class='ocrx_word' id='word_1_663' title='bbox 2276 3382 2391 3422; x_wconf 80' lang='lat' dir='ltr'>Eccli.,</span> 
     </span>
     <span class='ocr_line' id='line_1_94' title="bbox 1361 3429 2390 3470; baseline -0.001 -8"><span class='ocrx_word' id='word_1_664' title='bbox 1361 3438 1448 3470; x_wconf 79' lang='lat' dir='ltr'>an,</span> <span class='ocrx_word' id='word_1_665' title='bbox 1465 3432 1561 3463; x_wconf 79' lang='lat'><strong>24.—</strong></span> <span class='ocrx_word' id='word_1_666' title='bbox 1579 3430 1604 3451; x_wconf 83' lang='lat'>¹²</span> <span class='ocrx_word' id='word_1_667' title='bbox 1620 3429 1715 3470; x_wconf 89' lang='lat' dir='ltr'>Be‹l.‚</span> <span class='ocrx_word' id='word_1_668' title='bbox 1733 3429 1792 3460; x_wconf 89' lang='lat' dir='ltr'>lib.</span> <span class='ocrx_word' id='word_1_669' title='bbox 1815 3429 1877 3469; x_wconf 90' lang='lat' dir='ltr'>lll,</span> <span class='ocrx_word' id='word_1_670' title='bbox 1893 3439 1924 3460; x_wconf 81' lang='lat' dir='ltr'>c.</span> <span class='ocrx_word' id='word_1_671' title='bbox 1940 3437 2038 3470; x_wconf 73' lang='lat' dir='ltr'>xxxi,</span> <span class='ocrx_word' id='word_1_672' title='bbox 2061 3431 2096 3461; x_wconf 80' lang='lat' dir='ltr'>z&#39;n</span> <span class='ocrx_word' id='word_1_673' title='bbox 2115 3430 2206 3470; x_wconf 69' lang='lat' dir='ltr'>Luc„</span> <span class='ocrx_word' id='word_1_674' title='bbox 2223 3439 2254 3462; x_wconf 87' lang='lat' dir='ltr'>c.</span> <span class='ocrx_word' id='word_1_675' title='bbox 2275 3438 2390 3462; x_wconf 77' lang='lat' dir='ltr'>vni.—</span> 
     </span>
     <span class='ocr_line' id='line_1_95' title="bbox 1363 3475 2390 3517; baseline 0 -9"><span class='ocrx_word' id='word_1_676' title='bbox 1363 3477 1388 3497; x_wconf 86' lang='lat'>¹³</span> <span class='ocrx_word' id='word_1_677' title='bbox 1408 3477 1523 3515; x_wconf 65' lang='lat' dir='ltr'>Mz‘clc„</span> <span class='ocrx_word' id='word_1_678' title='bbox 1545 3485 1584 3517; x_wconf 85' lang='lat'>11,</span> <span class='ocrx_word' id='word_1_679' title='bbox 1606 3479 1656 3508; x_wconf 74' lang='lat'>13.</span> <span class='ocrx_word' id='word_1_680' title='bbox 1677 3493 1717 3498; x_wconf 98' lang='lat'><strong>—</strong></span> <span class='ocrx_word' id='word_1_681' title='bbox 1738 3476 1761 3496; x_wconf 69' lang='lat'>¹⁴</span> <span class='ocrx_word' id='word_1_682' title='bbox 1782 3475 1868 3516; x_wconf 60' lang='lat' dir='ltr'>Aet„</span> <span class='ocrx_word' id='word_1_683' title='bbox 1896 3483 1919 3515; x_wconf 77' lang='grc' dir='ltr'>Ι,</span> <span class='ocrx_word' id='word_1_684' title='bbox 1941 3478 1968 3507; x_wconf 82' lang='lat' dir='ltr'>l.</span> <span class='ocrx_word' id='word_1_685' title='bbox 1991 3493 2030 3499; x_wconf 93' lang='lat'><strong>—</strong></span> <span class='ocrx_word' id='word_1_686' title='bbox 2053 3476 2075 3497; x_wconf 72' lang='lat'>¹⁵</span> <span class='ocrx_word' id='word_1_687' title='bbox 2096 3477 2106 3508; x_wconf 92' lang='lat' dir='ltr'>l</span> <span class='ocrx_word' id='word_1_688' title='bbox 2128 3476 2251 3515; x_wconf 63' lang='lat' dir='ltr'>Maeli„</span> <span class='ocrx_word' id='word_1_689' title='bbox 2270 3484 2342 3517; x_wconf 79' lang='lat' dir='ltr'>xvi,</span> <span class='ocrx_word' id='word_1_690' title='bbox 2360 3479 2390 3508; x_wconf 84' lang='grc'>6.</span> 
     </span>
     <span class='ocr_line' id='line_1_96' title="bbox 1362 3518 2390 3566; baseline 0.001 -10"><span class='ocrx_word' id='word_1_691' title='bbox 1362 3541 1401 3547; x_wconf 93' lang='grc'>-</span> <span class='ocrx_word' id='word_1_692' title='bbox 1423 3524 1450 3546; x_wconf 74' lang='lat'>¹⁶</span> <span class='ocrx_word' id='word_1_693' title='bbox 1465 3518 1584 3564; x_wconf 64' lang='lat' dir='ltr'>Eccliss,</span> <span class='ocrx_word' id='word_1_694' title='bbox 1605 3531 1702 3563; x_wconf 81' lang='lat' dir='ltr'>xxiv,</span> <span class='ocrx_word' id='word_1_695' title='bbox 1721 3524 1772 3555; x_wconf 80' lang='lat'>20.</span> <span class='ocrx_word' id='word_1_696' title='bbox 1795 3541 1835 3546; x_wconf 98' lang='lat'><strong>—</strong></span> <span class='ocrx_word' id='word_1_697' title='bbox 1856 3524 1880 3544; x_wconf 86' lang='lat'>¹⁷</span> <span class='ocrx_word' id='word_1_698' title='bbox 1898 3524 2006 3563; x_wconf 83' lang='lat' dir='ltr'>Joan.,</span> <span class='ocrx_word' id='word_1_699' title='bbox 2026 3532 2105 3566; x_wconf 80' lang='lat' dir='ltr'>xm,</span> <span class='ocrx_word' id='word_1_700' title='bbox 2124 3527 2153 3556; x_wconf 86' lang='lat'>1.</span> <span class='ocrx_word' id='word_1_701' title='bbox 2174 3541 2215 3548; x_wconf 96' lang='lat'><strong>—</strong></span> <span class='ocrx_word' id='word_1_702' title='bbox 2233 3524 2255 3543; x_wconf 73' lang='lat'>¹⁸</span> <span class='ocrx_word' id='word_1_703' title='bbox 2277 3524 2390 3562; x_wconf 66' lang='lat' dir='ltr'>Helm,</span> 
     </span>
     <span class='ocr_line' id='line_1_97' title="bbox 1362 3570 1872 3611; baseline 0 -8"><span class='ocrx_word' id='word_1_704' title='bbox 1362 3578 1440 3611; x_wconf 77' lang='lat' dir='ltr'>xni,</span> <span class='ocrx_word' id='word_1_705' title='bbox 1461 3574 1510 3604; x_wconf 71' lang='grc'>14.</span> <span class='ocrx_word' id='word_1_706' title='bbox 1534 3588 1569 3594; x_wconf 88' lang='lat'>—-</span> <span class='ocrx_word' id='word_1_707' title='bbox 1596 3570 1727 3611; x_wconf 73' lang='lat' dir='ltr'>¹⁹Sap.‚</span> <span class='ocrx_word' id='word_1_708' title='bbox 1747 3577 1819 3610; x_wconf 75' lang='lat' dir='ltr'>xtv,</span> <span class='ocrx_word' id='word_1_709' title='bbox 1841 3572 1872 3603; x_wconf 81' lang='lat'>5.</span> 
     </span>
    </p>
   </div>
  </div>
 </body>
</html>
