2634 3853
1022 161 1294 204 EXPOSITIO
1325 164 1376 205 IN
1406 164 1517 205 CAP.
1550 165 1616 206 Vl.

270 272 290 296 c(
311 255 393 299 Vos
411 255 551 294 autem
575 252 691 302 estis,
716 251 788 304 qui
814 250 1101 303 permansistis
1121 263 1287 291 mecum

267 328 310 366 in
335 324 632 365 tentationibus
661 323 780 363 meis.
803 337 822 360 ›>
847 323 972 365 Stetit
997 322 1047 363 in
1074 321 1159 363 loco
1180 333 1287 363 cam-

262 397 419 448 pestri,
447 395 487 435 id
517 397 578 435 est
597 394 721 446 plano
743 397 781 434 et
808 393 1042 442 communi,
1067 395 1113 432 ut
1140 404 1286 433 omnes

264 469 433 519 possent
452 465 645 506 accedere
666 466 717 505 ad
743 465 992 505 audiendam
1014 464 1282 515 sapientiam,

263 539 304 576 et
323 536 457 576 dicere
475 536 575 576 illud
594 535 826 576 Psalmistae
838 536 848 556 ¹
864 547 877 573 :
898 549 916 572 «
929 534 1031 574 Ecce
1045 534 1286 575 audivimus

263 619 355 647 eam
378 607 422 646 in
447 606 650 659 Ephrata,
681 606 922 647 invenimus
945 617 1038 644 eam
1058 605 1101 644 in
1128 606 1286 658 campis

262 677 394 718 silvae.
407 692 425 715 ›>
440 677 488 717 Et
499 678 557 717 sic
570 677 790 729 impletum
802 675 975 716 estillud
990 676 1020 714 2;
1044 674 1286 728 «Sapientia

262 747 362 788 foris
387 747 605 800 praedicat,
629 747 671 786 in
696 746 843 799 plateis
868 746 938 798 dat
963 757 1111 785 vocem
1137 758 1281 786 suam:

260 817 305 858 in
327 818 460 870 capite
479 818 701 858 turbarum
720 817 917 867 clamitat,
939 817 983 857 in
1002 817 1164 857 foribus
1187 829 1283 869 por-

260 892 401 930 tarum
419 889 536 929 urbis
556 889 713 941 profert
731 888 862 929 verba
881 899 969 928 sua.
992 902 1011 925 n

313 959 377 999 Ad
414 959 544 1011 hujus
583 959 798 1011 sapientiae
841 958 1067 998 clamorem
1099 959 1282 999 attrahe-

260 1029 414 1069 bantur
446 1029 661 1081 praecipue
688 1029 896 1081 discipuli.
917 1028 1034 1069 Unde
1062 1029 1281 1069 subditur:

259 1101 318 1141 Et
347 1099 469 1141 turba
500 1100 807 1151 discipulorum
836 1098 948 1151 effus,
990 1099 1142 1139 scilicet
1173 1100 1284 1139 stetit

260 1183 357 1211 cum
383 1183 446 1212 eo.
474 1171 561 1211 Hoc
587 1171 687 1211 dicit
713 1173 922 1222 quantum
950 1170 1000 1210 ad
1031 1170 1133 1210 alios
1159 1170 1283 1210 disci-

258 1242 404 1294 pulos,
446 1241 644 1293 apostolis
679 1241 910 1281 inferiores.
949 1239 1055 1280 Nam
1092 1242 1284 1293 perfectis

257 1312 472 1364 discipulis
491 1314 642 1352 fecerat
656 1310 895 1351 ‘sermonem
918 1312 963 1351 in
984 1312 1139 1351 montis
1158 1324 1279 1353 cacu-

257 1381 390 1432 mine,
418 1382 524 1421 sicut
549 1382 725 1421 dicitur3
746 1396 753 1421 :
778 1396 795 1418 «
809 1381 962 1421 Videns
982 1382 1099 1422 ιῙΕευε
1118 1383 1279 1433 turbas,

255 1452 439 1492 ascendit
458 1451 503 1491 in
524 1454 731 1501 montem3
755 1456 795 1492 et
818 1464 913 1492 cum
934 1452 1118 1501 sedisset,
1144 1465 1282 1493 acces-

257 1525 404 1563 serunt
432 1523 485 1563 ad
516 1535 617 1563 eum
648 1522 838 1574 discipuli
868 1524 975 1575 ejus.
1003 1537 1022 1559 >³
1055 1523 1147 1563 istis
1180 1536 1281 1564 vero

256 1596 460 1646 tanquam
478 1593 729 1645 imperfectis
749 1593 1097 1644 condescendenS,
1120 1607 1278 1635 sermo-

255 1675 353 1704 nem
373 1664 468 1704 fecit
481 1664 523 1702 iu
541 1665 741 1704 descensu
759 1664 937 1714 montis;
955 1665 1066 1705 unde
1085 1666 1283 1707 dicuntur

258 1734 401 1784 turba,
425 1734 525 1786 quia
540 1733 661 1773 multi
675 1737 809 1784 erant,
830 1734 951 1774 multi
971 1735 1097 1775 etiam
1114 1737 1282 1788 propin-

257 1804 343 1857 qui.
367 1807 403 1845 M
412 1805 750 1857 ultiplicabantur
769 1805 883 1845 enim
901 1806 1095 1858 discipuli
1112 1806 1276 1858 Christi,

254 1874 360 1914 sicut
378 1874 541 1916 ‘dicitur
561 1875 599 1914 4:
629 1890 648 1913 ((
672 1875 909 1916 Audierunt
936 1875 1140 1916 Pharisaei
1167 1878 1279 1930 quod

252 1947 371 1986 ι1115115
383 1946 524 1998 plures
539 1945 763 1998 discipulos
776 1946 872 1985 facit
887 1948 927 1986 et
941 1947 1135 1999 baptizat,
1152 1960 1279 1999 quam

251 2014 444 2057 ι1011111165.
477 2031 495 2054 »
534 2016 625 2056 Istis
661 2028 746 2056 non
781 2019 900 2056 erant
940 2018 1084 2057 omnia
1121 2021 1280 2059 secreta

252 2087 622 2136 communicanda,
656 2087 755 2139 quia
785 2087 1018 2139 imperfecti
1046 2100 1099 2128 ex
1133 2089 1279 2129 auditu

250 2159 507 2197 secretorum
538 2156 886 2197 scandalizantur.
922 2156 1039 2198 Unde
1068 2158 1220 2199 dicitur
1245 2160 1275 2209 ⁶,

250 2228 362 2280 quod
383 2240 434 2268 ex
455 2228 600 2279 verbo,
625 2229 736 2282 quod
757 2229 942 2279 dixerat,
967 2244 986 2267 «
1009 2230 1133 2270 multi
1153 2231 1275 2271 disci-

249 2299 448 2351 pulorum
465 2301 556 2352 61115
570 2300 767 2340 abierunt
779 2302 907 2349 retro,
922 2302 962 2340 et
971 2301 1062 2351 Jam
1081 2312 1167 2340 non
1180 2313 1276 2341 cum

250 2369 322 2410 illo
352 2370 639 2410 ambulabant.
670 2370 782 2410 Dixit
813 2381 919 2420 ergo
945 2369 1062 2410 jesus
1091 2371 1142 2410 ad
1171 2372 1277 2411 duo-

249 2438 382 2478 decim
403 2452 412 2479 :
435 2437 649 2491 Numquid
669 2441 710 2479 et
730 2450 805 2479 vos
824 2439 954 2479 vultis
976 2439 1119 2479 abire?
1138 2454 1156 2477 n
1177 2453 1275 2481 cum

249 2508 340 2548 istis
365 2509 520 2549 scilicet
543 2509 773 2561 discipulis.
801 2509 958 2549 Dicitur
989 2509 1106 2550 ι111565
1138 2513 1272 2562 stare,

250 2579 322 2619 sed
341 2591 440 2619 cum
459 2579 552 2619 aliis
571 2580 760 2632 perfectis
779 2580 945 2630 sedere3
970 2581 1015 2620 in
1034 2594 1118 2634 quo
1141 2586 1276 2623 osten-

249 2649 327 2699 dit,
357 2650 470 2703 quod
497 2649 600 2690 nos⁶
629 2665 647 2688 (1
673 2651 785 2690 firmi
815 2650 1018 2691 debemus
1048 2652 1273 2693 imbecilli-

247 2722 352 2760 tates
384 2720 657 2761 infirmorum
692 2721 925 2772 sustinere,
960 2725 1000 2762 et
1034 2735 1121 2763 nou
1153 2724 1273 2764 nobis

247 2789 448 2843 placere.»
462 2791 517 2834 Et
526 2791 739 2834 descendit
749 2803 842 2834 cum
855 2793 957 2844 illis,
968 2793 1019 2834 ad
1030 2795 1272 2847 exemplum

246 2860 512 2912 humilitatis,
531 2863 763 2903 secundum
782 2863 886 2904 illud
901 2867 933 2905 ⁷:
956 2879 975 2902 ((
995 2863 1212 2906 Rectorem
1232 2869 1272 2907 te

247 2936 503 2984 posuerunt?
537 2933 623 2973 noli
652 2933 816 2984 extolli,
846 2937 935 2975 esto
963 2935 1009 2974 in
1041 2935 1123 2975 illis
1151 2937 1271 2988 quasi

248 3011 362 3040 unus
381 3012 435 3041 ex
451 3000 565 3053 ipsis.
587 3015 606 3039 1)
624 3000 742 3043 Unde
755 3014 832 3042 sua
844 3002 1108 3054 benignitate
1124 3015 1271 3044 omnes

247 3070 481 3111 attrahebat
501 3075 541 3112 et
559 3071 806 3124 adjuvabat,
830 3073 938 3113 sicut
956 3073 1115 3125 gallina
1133 3074 1270 3127 pullos

247 3149 346 3179 suos
358 3139 372 3161 ⁸
387 3153 397 3180 :
417 3155 436 3180 ε(
446 3141 615 3190 Quoties
628 3142 744 3184 volui
759 3154 1022 3195 congregare
1034 3144 1141 3185 filios
1154 3147 1266 3196 tuos,

246 3210 602 3260 quemadmodum
644 3213 803 3265 gallina
852 3217 1089 3266 congregat
1132 3215 1269 3267 pullos

289 3342 299 3363 ¹
320 3341 410 3372 Psal.
430 3349 553 3383 cxxxi,
571 3345 600 3375 6.
621 3359 662 3366 -
681 3344 691 3362 ²
712 3344 822 3382 Pron„
844 3351 872 3384 1,
891 3347 947 3383 20,
968 3347 1017 3377 21.
1040 3362 1078 3368 —
1101 3346 1114 3367 3
1135 3346 1265 3386 Mami„

244 3395 278 3427 V,
300 3391 329 3420 1.
344 3406 385 3412 -
400 3389 532 3427 ⁴·loan.,
552 3393 644 3429 1v,1.
661 3407 700 3413 —
718 3391 731 3412 ⁵
753 3391 848 3430 ibid„
867 3399 913 3429 VI,
934 3393 985 3431 67,
1007 3394 1057 3423 68.
1073 3410 1114 3416 —
1134 3394 1146 3411 ⁶
1162 3394 1265 3433 Rom,

245 3442 302 3475 xv,
324 3439 352 3468 1.
377 3453 418 3459 —
447 3437 455 3454 ⁷
485 3435 599 3476 Eccli.‚
623 3445 742 3477 xxxn,
770 3442 799 3470 1.
819 3455 860 3462 —
879 3438 892 3460 ⁸
917 3439 1055 3480 Mattlz„
1080 3447 1190 3478 xxiii,
1211 3441 1263 3470 37.

2307 177 2383 216 365

1361 264 1459 293 suos
1488 254 1567 293 sub
1589 254 1697 303 alas,
1728 257 1769 294 et
1787 255 1958 295 noluisti
1978 258 1986 295 l
2009 270 2028 293 ›)
2053 257 2135 298 Nec
2153 258 2377 313 immerito,

1361 325 1460 376 quia
1478 325 1527 365 de
1552 325 1643 378 ipso
1669 325 1828 365 dictum
1849 329 1911 366 est
1930 329 1943 351 ⁹
1961 341 1970 367 z
1999 342 2018 364 ((
2038 327 2202 368 Invenit
2221 342 2320 370 eum
2338 332 2383 371 in

1361 397 1471 434 terra
1493 395 1665 446 deserta,
1689 396 1733 435 in
1756 396 1845 436 loco
1868 397 2055 437 horroris
2076 400 2116 438 et
2137 401 2266 439 vastae
2285 400 2379 439 soli-

1360 465 1516 504 tudinis
1533 480 1541 504 :
1563 466 1844 507 circumduxit
1865 480 1978 517 eum,
2003 471 2042 507 et
2061 468 2216 518 docuit,
2233 472 2274 509 et
2294 482 2384 509 cus-

1360 534 1506 574 todivit
1527 536 1645 587 quasi
1663 537 1865 588 pupillam
1879 538 1990 578 oculi
2007 538 2087 578 sui.
2111 537 2227 578 Sicut
2242 539 2384 591 aquila

1360 615 1593 655 provocans
1606 607 1658 645 ad
1674 607 1903 648 volandum
1921 608 2056 660 pullos
2070 621 2182 657 SUOS,
2198 612 2238 649 et
2258 622 2383 662 super

1359 685 1430 714 eos
1443 675 1622 715 volitans
1640 678 1838 728 expandit
1856 679 1942 718 alas
1961 691 2073 729 suas,
2096 682 2138 719 et
2157 680 2384 732 assumpsit

1359 756 1479 793 eum,
1502 748 1626 798 atque
1646 748 1827 799 portavit
1846 748 1889 787 in
1905 749 2095 789 humeris
2115 750 2219 790 suis.

1413 815 1629 864 Quantum
1653 817 1705 857 ad
1727 819 1903 869 populos
1931 823 2249 870 concurrentes,
2280 821 2379 861 sub·-

1357 885 1493 926 dItur:
1516 887 1571 928 Ec
1588 888 1818 930 multitudo
1844 891 2013 941 copiosa
2038 890 2194 941 plebis,
2228 891 2383 931 scilicet

1358 956 1471 996 stetit
1489 969 1586 997 cum
1614 970 1688 998 eo:
1716 959 1788 1010 qui
1814 960 1968 1000 scilicet
1996 972 2048 1000 ex
2076 961 2253 1002 diversis
2280 961 2382 1001 locis

1358 1026 1673 1068 convenerant:
1708 1033 1991 1070 couvenerant
2033 1033 2177 1071 autem
2211 1033 2299 1070 tam
2332 1031 2382 1070 de

1357 1097 1459 1137 locis
1478 1099 1725 1151 propinquis
1741 1132 1750 1150 ,
1772 1113 1901 1152 quam
1919 1101 2107 1141 remotis.
2128 1102 2183 1142 De
2203 1101 2380 1154 propin-

1357 1168 1453 1220 quis
1471 1169 1595 1210 dicit:
1623 1170 1684 1210 Ab
1702 1172 1827 1221 ¹omni
1845 1171 2018 1222 melreo,
2041 1176 2081 1214 et
2103 1171 2323 1221 scrinaria,
2346 1176 2382 1213 ec
2426 1190 2539 1224 suasa,

1356 1239 1607 1290 Jerusalem,
1633 1253 1730 1292 quae
1756 1241 1867 1281 intra
1888 1255 2072 1293 regnum
2099 1242 2225 1283 Israel
2244 1246 2377 1282 erant.
2400 1232 2540 1304 Γῑξῗξῗζ

1355 1309 1376 1350 J
1383 1310 1503 1350 udaea
1518 1323 1673 1351 nomen
1695 1314 1755 1351 est
1774 1314 1922 1364 regni;
1947 1314 2149 1364 Samaria,
2173 1315 2380 1367 principa·
2400 1312 2536 1338 mmm·

1355 1379 1435 1419 lior
1480 1381 1626 1421 civitas
1661 1382 1703 1421 in
1741 1395 1878 1434 regno
1909 1384 2052 1424 decem
2089 1385 2279 1425 tribuum
2297 1400 2306 1434 3
2342 1389 2382 1425 et

1355 1450 1611 1502 Jerusalem,
1646 1452 1916 1505 principalior
1946 1455 1992 1494 in
2028 1467 2164 1506 regno
2196 1455 2378 1495 duarum

1355 1520 1558 1561 tribuum.
1598 1522 1662 1561 Ab
1697 1523 1762 1562 his
1790 1525 1990 1564 omnibus
2025 1526 2293 1566 confluebant
2328 1526 2379 1565 ad

1356 1590 1584 1642 Christum,
1601 1594 1831 1633 secundum
1851 1594 1950 1634 iilud
1970 1595 2096 1637 Isccz‘oe
2110 1597 2166 1637 ¹⁰:
2192 1611 2211 1633 «
2231 1596 2318 1636 Erit
2338 1596 2380 1635 in

1354 1662 1595 1702 novissimis
1614 1663 1762 1703 diebus
1790 1668 2052 1717 praeparatus
2080 1679 2200 1707 mons
2221 1667 2380 1707 domus

1354 1731 1519 1772 Domini
1551 1733 1596 1772 in
1624 1734 1778 1775 vertice
1811 1736 2037 1786 montium,
2073 1740 2113 1776 et
2147 1737 2380 1778 elevabitur

1354 1813 1479 1854 super
1500 1803 1623 1843 colles
1641 1818 1649 1843 :
1680 1807 1720 1844 et
1742 1804 1875 1845 fluent
1893 1806 1946 1846 ad
1965 1818 2063 1846 eum
2089 1819 2236 1847 omnes
2268 1819 2378 1859 gen-

1352 1875 1428 1921 tes,
1446 1888 1465 1910 ))
1485 1876 1562 1914 etc.
1585 1874 1641 1914 De
1659 1874 1760 1914 locis
1780 1878 1922 1915 autem
1938 1878 2110 1917 remotis
2130 1878 2269 1918 subdit
2287 1892 2296 1918 ι
2319 1880 2378 1921 Εἰ

1352 1945 1587 1994 marauna,
1599 1949 1637 1987 et
1655 1945 1773 1997 Tyri,
1788 1950 1824 1987 ec
1838 1946 2027 1989 Sidonis.
2040 1948 2090 1988 Et
2101 1948 2220 1988 debet
2234 1949 2378 1988 iterari

1358 2014 1616 2055 «multitudo
1631 2016 1795 2067 copiosa
1812 2017 1944 2068 plebis
1963 2018 2188 2069 maritima,
2209 2021 2249 2058 et
2268 2019 2376 2059 mul-

1351 2084 1485 2124 titudo
1505 2085 1671 2137 copiosa
1700 2086 1816 2138 Tyri,
1840 2101 1859 2123 n
1884 2087 1927 2127 id
1949 2090 2010 2127 est
2029 2089 2079 2129 (16
2101 2088 2227 2141 Tyro,
2247 2093 2286 2130 et
2309 2090 2378 2131 Si·-

1350 2154 1494 2205 donz's,
1526 2156 1567 2196 id
1587 2159 1649 2196 est
1673 2157 1723 2197 de
1746 2157 1915 2198 Sidone.
1948 2158 1998 2198 Et
2025 2159 2117 2199 haec
2143 2163 2262 2200 erant
2287 2160 2379 2200 loca

1350 2229 1533 2277 remota,
1563 2227 1670 2267 sicut
1695 2227 1792 2267 dicit
1821 2227 1930 2269 Beda
1952 2230 1978 2251 ¹¹
1999 2229 2042 2269 in
2064 2230 2229 2281 glossa,
2266 2232 2377 2283 quod

1351 2298 1571 2339 maritima
1591 2310 1675 2338 non
1690 2310 1715 2337 a
1735 2299 1929 2350 proximo
1949 2300 2056 2340 mari
2080 2300 2284 2352 Galilaeae,
2305 2302 2376 2342 sed

1349 2379 1373 2406 a
1392 2367 1501 2406 mari
1527 2380 1684 2419 magno
1710 2369 2050 2420 cognominatur.
2074 2371 2103 2395 ¹²
2128 2385 2147 2409 «
2170 2370 2286 2411 Tunc
2313 2371 2376 2412 vi-

1347 2437 1463 2476 debis
1492 2440 1532 2477 et
1560 2438 1720 2488 afflues,
1744 2441 1783 2478 ct
1803 2439 2043 2490 mirabitur,
2068 2444 2108 2480 et
2131 2440 2375 2482 dilatabitur

1347 2518 1418 2546 cor
1437 2510 1576 2557 tuum,
1592 2509 1760 2560 quando
1781 2521 1981 2550 conversa
2001 2510 2126 2551 fuerit
2145 2511 2197 2551 ad
2211 2514 2251 2552 te
2269 2512 2374 2552 mul-

1346 2577 1481 2618 titudo
1495 2578 1639 2629 maris,
1655 2579 1854 2620 fortitudo
1865 2580 2060 2631 gentium
2071 2582 2235 2623 venerit
2248 2582 2366 2622 tibi.»

1346 2647 1432 2688 Ηο6
1452 2651 1591 2689 autem
1615 2650 1943 2701 praefiguratum
1968 2651 2048 2691 fuit
2067 2652 2109 2691 in
2132 2651 2368 2704 Salomone,

1345 2718 1395 2758 de
1415 2731 1499 2771 quo
1520 2719 1674 2759 dicitur
1694 2720 1735 2770 ¹³,
1755 2720 1867 2772 quod
1894 2736 1913 2759 (ι
1928 2733 2074 2762 omnes
2093 2734 2217 2774 reges
2236 2726 2367 2764 terra-

1343 2801 1443 2829 rum
1471 2789 1762 2830 desiderabant
1781 2791 1924 2831 videre
1946 2792 2091 2832 faciem
2110 2792 2367 2845 Salomonis,

1343 2862 1390 2900 ut
1408 2860 1602 2901 audirent
1626 2861 1873 2913 sapientiam
1887 2893 1897 2912 ,
1925 2874 2053 2914 quam
2073 2863 2241 2905 dederat
2261 2864 2370 2906 Deus

1342 2930 1388 2970 in
1404 2931 1529 2971 corde
1548 2931 1656 2983 ejus.
1681 2946 1700 2969 ›>

1396 3001 1610 3051 Quantum
1632 3003 1684 3044 ad
1703 3015 1851 3044 causas
1872 3003 2114 3057 incitantes,
2139 3007 2367 3059 subjUngi—

1341 3074 1411 3112 tur
1433 3074 1493 3125 (v.
1512 3075 1580 3123 18)
1600 3088 1608 3114 ε
1635 3074 1722 3125 Qui
1741 3079 1955 3124 venerant2
1974 3079 2023 3118 uc
2042 3075 2241 3119 audirent
2256 3087 2361 3122 eum,

1340 3146 1548 3194 quantum
1559 3144 1612 3184 ad
1623 3144 1931 3185 llustrationem
1949 3145 2135 3186 veritatis
2147 3146 2192 3186 in
2203 3150 2341 3186 mente
2351 3160 2361 3196 3

1346 3214 1401 3256 Uc
1426 3218 1683 3257 sanarentur
1716 3225 1743 3256 a
1771 3214 2046 3267 tanqum-ibus
2074 3217 2186 3267 suis,
2208 3216 2364 3256 scilieet

1339 3287 1547 3336 quantum
1566 3285 1618 3326 ad
1637 3286 1897 3326 curationem
1918 3286 2063 3327 salutis
2087 3287 2132 3327 in
2152 3298 2289 3328 carne.
2314 3287 2364 3328 Et

1337 3407 1376 3413 —
1399 3390 1410 3408 ⁹
1430 3391 1540 3430 Dent„
1561 3394 1741 3431 xxxii,10,
1764 3394 1814 3422 ll.
1837 3408 1874 3414 —
1896 3392 1923 3414 1⁰
1941 3392 2017 3427 Isa„
2043 3399 2080 3432 11,
2103 3395 2194 3423 1.-
2217 3392 2242 3414 ¹¹
2265 3393 2362 3433 Bed.‚

1338 3440 1373 3469 (ἠ
1390 3437 1464 3470 Luc.
1487 3448 1517 3470 c.
1541 3447 1586 3470 vi.
1611 3456 1650 3462 -
1666 3440 1692 3460 12
1717 3440 1794 3479 isa„
1813 3446 1869 3478 LX,
1891 3441 1921 3470 5.
1942 3455 1980 3460 ——
2000 3439 2025 3459 1⁵
2046 3440 2072 3470 ll
2095 3439 2220 3480 Paral„
2239 3448 2288 3482 lx,
2308 3442 2360 3473 23.
