2634 3853
135 349 254 379 Divisio.

1068 115 1341 158 EXPOSITIO
1372 116 1425 158 IN
1455 115 1570 158 CAP.
1601 116 1632 156 Ι.

293 213 334 252 et
373 206 700 248 misericordiam
731 217 1041 259 consequamur
1076 205 1121 245 in
1155 206 1314 247 auxilio

293 280 540 332 opportuno.
563 291 582 314 n

343 351 407 389 39.
430 348 657 400 Exurqens
683 350 822 389 autem
851 347 1017 399 Maria,
1041 349 1118 387 etc.
1150 347 1314 388 Termi-

288 422 387 461 nata
401 421 519 472 parte
537 419 631 469 illa,
655 419 698 459 in
717 431 802 472 qua
821 419 911 470 egit
927 418 979 459 de
1000 419 1151 459 sterilis
1170 422 1210 460 et
1225 420 1314 461 vir-

289 490 403 542 ginis
433 490 763 540 foecundatione,
799 490 868 530 hic
905 490 1095 542 sequitur
1126 503 1222 543 pars
1251 503 1313 533 se-

286 561 446 612 cunda,
474 561 518 601 in
543 574 628 614 qua
661 562 752 614 agit
778 562 828 602 de
863 561 1100 613 gratiarum
1133 562 1307 603 actione.

285 631 336 673 Et
350 633 475 685 juxta
503 632 620 673 hunc
643 631 854 685 duplicem
875 632 1074 683 modum,
1107 644 1203 685 pars
1233 633 1312 674 ista

284 703 412 743 habet
430 702 535 743 duas
548 705 702 755 partes,
721 703 768 742 in
787 714 972 755 quarum
992 703 1131 755 prima
1152 705 1198 743 fit
1218 716 1312 755 gra-

283 774 440 814 tiarum
457 774 564 814 actio
576 776 617 814 et
630 773 770 814 laudis
780 773 1016 814 decantatio
1029 776 1200 826 propter
1219 787 1313 815 con-

283 847 451 898 ceptum
469 843 724 894 Salvatoris3
748 844 790 883 in
809 844 1005 895 secunda,
1027 847 1200 897 propter
1218 858 1312 886 con-

283 919 452 970 ceptum
476 918 516 956 et
536 917 708 968 partum
724 914 1028 966 Praecursoris,
1053 916 1109 956 ibi
1133 916 1186 968 (v.
1211 917 1274 970 57)
1298 931 1307 958 :

283 987 500 1030 Elisabeth
527 990 669 1029 autem
691 987 910 1039 impletum
931 990 992 1029 est
1020 990 1200 1039 tempus,
1229 991 1306 1029 etc.

283 1058 349 1100 Ad
375 1058 457 1098 hoc
477 1059 619 1106 antem
635 1088 644 1105 ,
675 1060 721 1097 ut
739 1056 876 1097 laudis
900 1057 1136 1098 decantatio
1164 1059 1237 1099 fiat
1257 1071 1309 1100 ex

282 1128 449 1180 integro
468 1130 509 1169 et
528 1129 708 1181 perfecto
733 1127 911 1179 affectu,
934 1128 1125 1180 exigitur
1151 1131 1309 1170 certifi-

283 1199 390 1239 catio
409 1198 595 1251 veritatis
615 1199 659 1238 in
680 1199 910 1249 intellectu,
932 1202 972 1240 et
991 1200 1195 1241 exhibitio
1216 1202 1309 1243 cha-

281 1269 416 1309 ritatis
435 1269 479 1308 in
509 1268 661 1309 affectu
691 1276 700 1309 2
727 1269 931 1318 alterum,
970 1273 1014 1310 ut
1045 1272 1303 1323 praecedens3

279 1339 483 1390 alterum,
517 1342 565 1380 ut
597 1351 872 1392 consequens
908 1340 1004 1381 ideo
1036 1341 1174 1393 prima
1210 1355 1307 1395 pars

279 1410 406 1451 habet
433 1413 542 1460 tres,
574 1410 618 1450 in
651 1422 836 1463 quarum
866 1411 1005 1464 prima
1033 1413 1307 1464 praemittitur

278 1481 568 1523 testimonium
598 1481 853 1534 prophetiae3
883 1482 928 1522 in
947 1483 1130 1523 secunda
1159 1484 1303 1525 subdi-

279 1557 348 1596 tur
367 1554 574 1595 canticum
593 1553 768 1603 laetitiae,
792 1554 847 1593 ibi
870 1554 924 1606 (v.
941 1555 1003 1607 46)
1032 1566 1041 1594 :
1063 1556 1117 1598 Εῐ
1136 1557 1200 1598 ait
1220 1558 1307 1598 Ma-

278 1627 349 1669 ria
367 1638 381 1667 .·
401 1626 653 1679 Μαῃηῑγῑοαι
673 1626 821 1666 anima
841 1636 933 1667 mea
946 1657 958 1676 ,
979 1629 1078 1676 etc.;
1100 1627 1146 1667 in
1165 1629 1302 1678 tertia,

277 1697 530 1751 obsequium
550 1694 863 1746 beneficentiae,
886 1695 944 1735 ibi
971 1696 1025 1748 (v.
1049 1697 1111 1750 56)
1141 1712 1148 1738 :
1182 1700 1306 1741 Man-

277 1771 338 1812 sit
358 1771 495 1811 autem
516 1767 662 1809 Maria
684 1777 778 1808 cum
797 1766 894 1817 illa,
918 1769 995 1807 etc.
1026 1766 1217 1809 Primum
1239 1782 1304 1810 as-

277 1841 381 1882 truit
397 1840 547 1889 fidem;
567 1838 800 1879 seeundum
821 1837 957 1889 exigit
973 1850 1110 1890 spem;
1130 1841 1304 1882 tertium

277 1911 461 1955 ostendit
485 1906 752 1950 charitatem.'
778 1908 826 1948 In
854 1907 1132 1961 descriptione
1160 1915 1303 1953 autem

276 1981 505 2025 testimonii
539 1979 771 2033 prophetiae
808 1979 995 2032 procedit
1031 1980 1303 2033 Evangelista

274 2056 355 2096 hoc
373 2053 519 2095 ordine
541 2065 549 2091 z
574 2063 675 2091 nam
697 2050 834 2103 primo
854 2051 1086 2092 introducit
1105 2058 1303 2107 opportu-

273 2126 448 2166 nitatem
465 2121 730 2172 testificandi3
751 2121 935 2162 secundo
950 2123 1180 2164 testimonii
1194 2127 1303 2167 veri-

273 2199 424 2247 tatem,
453 2195 512 2235 ibi
535 2195 589 2246 (v.
612 2194 676 2246 43)
702 2208 711 2235 :
735 2194 791 2236 Et
820 2193 933 2236 uncte
964 2194 1038 2237 1106
1060 2197 1194 2247 mihi,
1221 2202 1298 2241 etc.

273 2268 337 2308 Ad
357 2265 718 2320 opportunitatem
749 2267 889 2305 autem
934 2266 1186 2308 testificandi
1222 2270 1302 2311 tria

274 2338 548 2384 concurrunt,
564 2334 719 2375 scilicet
732 2334 920 2385 Virginis
934 2335 1152 2376 salutantis
1161 2350 1302 2380 occur-

274 2419 361 2458 sus,
375 2405 586 2457 virgineae
610 2403 874 2443 salutationis
897 2403 1084 2455 effectus,
1107 2409 1148 2446 et
1169 2408 1298 2450 Elisa-

275 2477 375 2518 beth
415 2473 726 2516 resalutationis
758 2472 946 2513 affectus,
991 2473 1208 2529 Primum,
1243 2480 1301 2521 ibi

276 2551 332 2603 (v.
355 2549 417 2602 39)
444 2563 454 2589 2
478 2547 705 2600 Eoeuryens
730 2546 897 2597 Maria,
927 2549 1006 2587 ete.
1030 2547 1296 2604 Secundum,

273 2621 332 2662 ibi
357 2621 412 2674 (v.
433 2621 498 2670 41)
524 2633 532 2660 ι
556 2618 611 2661 Et
630 2617 793 2669 factum
816 2620 893 2667 est,
923 2621 970 2660 uc
990 2618 1188 2672 audivit,
1220 2626 1295 2664 etc.

273 2691 486 2742 Tertium,
518 2690 576 2731 ihi
601 2702 610 2730 z
634 2690 688 2732 Et
712 2688 870 2741 repleta
900 2693 959 2732 est
984 2691 1153 2743 Spiritu
1173 2703 1296 2736 sanc-

272 2768 333 2816 to,
356 2765 433 2804 etc.

323 2833 466 2875 Primo
494 2832 626 2884 igitur
654 2831 939 2873 introducitur
967 2833 1154 2885 virginis
1185 2836 1298 2878 salu-

272 2905 399 2945 tantis
431 2915 651 2953 occursus,
691 2905 739 2944 ut
773 2903 951 2944 festinus
992 2907 1034 2944 et
1064 2905 1294 2949 familiaris.

273 2974 446 3027 Propter
463 2973 772 3015 festinationem
797 2974 856 3014 ait
881 2988 889 3015 :
912 2974 1140 3029 Eoeurqens
1160 2981 1298 3020 autem

271 3044 415 3088 Maria
430 3045 477 3087 in
495 3044 642 3087 diebus
658 3044 764 3096 illis,
787 3044 895 3087 abiit
914 3045 962 3088 in
982 3050 1185 3090 montana
1202 3059 1298 3091 cum

274 3116 540 3166 festinatione
559 3117 609 3158 in
622 3117 842 3159 civitatem
857 3116 972 3159 Juda
981 3132 997 3165 ;
1011 3118 1131 3170 quasi
1152 3118 1261 3161 dieat
1284 3135 1292 3163 ε

272 3185 363 3228 Ν611
381 3186 584 3239 tardavit,
607 3188 679 3229 sed
709 3187 895 3229 diluculo
916 3188 1123 3239 surrexit,
1146 3200 1297 3232 secun-

315 3318 324 3338 ¹
356 3317 466 3358 Cant„
497 3325 541 3357 11,
574 3320 624 3350 10.
658 3336 698 3343 —
731 3320 741 3338 ²
770 3321 886 3362 Prov.,
910 3328 1013 3361 xxxi,
1046 3324 1095 3354 15.
1119 3338 1157 3345 -
1183 3322 1296 3363 3]οε.,

271 3372 371 3406 xvm,
391 3365 442 3398 15.
463 3381 502 3388 —
524 3364 537 3386 ¹·
557 3364 669 3407 Cant„
687 3375 734 3406 11,
754 3369 784 3399 8.
808 3386 843 3391 —
868 3368 878 3386 ⁵
900 3369 980 3410 Isa.,
1001 3377 1041 3409 11,
1060 3370 1090 3401 3.
1113 3386 1148 3392 -
1173 3370 1184 3388 ⁶
1205 3372 1296 3412 Gen„

270 3413 446 3454 xx1x,12.
469 3428 509 3435 —
531 3411 545 3434 ⁷
563 3411 675 3453 Helm,
698 3421 744 3454 xv,
772 3417 822 3447 11.
850 3431 890 3441 -—
913 3415 954 3447 Β1
984 3416 1074 3457 Cor„
1102 3425 1156 3457 ix,
1182 3418 1234 3449 24.
1256 3435 1296 3443 -

2336 117 2413 158 235

1390 207 1493 247 dum
1512 205 1616 246 illud
1638 206 1650 227 ¹
1673 220 1681 245 :
1715 220 1733 244 «
1753 205 1910 258 Surge,
1934 217 2126 258 propera,
2150 206 2284 246 amica
2302 218 2411 257 mea,

1390 278 1574 318 formosa
1601 288 1718 327 mea,
1743 277 1784 316 et
1801 276 1914 317 veni.
1934 290 1953 313 n
1984 275 2102 316 Unde
2121 274 2199 315 sibi
2218 276 2416 328 competit

1389 347 1493 388 illud
1513 347 1847 397 Proverbiorum,
1869 347 1982 399 quod
1999 347 2150 388 dicitur
2166 345 2217 386 de
2236 346 2414 386 muliere

1389 419 1506 469 forti,
1539 431 1635 471 quae
1654 419 1667 440 ‘³
1700 434 1719 455 «
1750 417 1801 458 de
1831 420 1952 458 nocte
1980 417 2184 466 surrexit,
2219 415 2415 468 deditque

1389 489 1576 540 praedam
1605 489 1842 530 domesticis
1871 489 1984 539 suis,
2016 490 2056 529 et
2080 487 2236 528 cibaria
2255 486 2415 527 ancillis

1389 558 1489 599 suis.
1512 573 1530 596 ›)
1557 559 1748 600 Surrexit
1768 560 1902 609 enim,
1932 562 1980 600 ut
1999 559 2257 600 ministraret
2282 557 2414 598 Elisa-

1389 629 1489 670 beth
1509 629 1599 669 seni
1618 632 1658 670 et
1677 630 1803 670 debili
1824 642 1833 670 :
1857 630 1969 670 unde
1984 642 2061 671 nec
2076 642 2169 670 eam
2186 628 2415 671 retardavit

1388 701 1590 752 asperitas
1609 700 1792 751 itineris,
1815 701 2049 741 secundum
2066 701 2179 754 quod
2198 700 2351 741 dicitur
2370 700 2415 740 in

1389 771 1555 823 glossa,
1589 774 1629 811 et
1663 771 1801 811 littera
1839 771 2053 823 designat,
2087 772 2187 824 quia
2223 771 2332 814 abitt
2365 771 2414 813 in

1386 846 1611 893 montana,
1635 845 1675 882 et
1693 843 1774 883 hoc
1805 852 1899 884 cum
1920 843 2214 893 festinatione,
2237 842 2289 882 ad
2308 841 2415 883 veri-

1386 917 1514 956 tatem
1544 914 1871 967 explorandam,
1904 913 2011 954 sicut
2042 913 2102 952 illi
2129 912 2414 965 exploratores

1385 986 1508 1029 Josue
1529 987 1541 1008 ³
1575 1000 1583 1026 ε
1623 1001 1642 1024 (ι
1667 985 1731 1026 Ad
1761 989 1966 1026 montana
1995 984 2273 1025 conscendite.
2295 997 2314 1021 ))
2339 983 2414 1026 Vel

1385 1059 1512 1100 etiam
1530 1070 1628 1099 cum
1646 1057 1736 1109 ipso
1764 1057 1927 1109 Sponso
1947 1060 1960 1081 ⁵
1982 1068 1992 1096 :
2026 1071 2045 1094 «
2066 1054 2169 1096 Ecce
2198 1055 2274 1095 iste
2295 1055 2412 1095 venit

1385 1130 1534 1171 saliens
1548 1130 1593 1169 in
1607 1128 1837 1178 montibus,
1853 1127 2095 1168 transiliens
2111 1125 2249 1166 colles.
2273 1139 2291 1162 ›>
2315 1124 2409 1166 Non

1383 1202 1511 1242 etiam
1531 1200 1759 1241 retardavit
1780 1199 1863 1241 viae
1894 1197 2132 1251 prolixitas;
2157 1197 2271 1249 quod
2288 1200 2409 1237 nota-

1384 1276 1468 1321 tur,
1484 1284 1581 1313 cum
1600 1271 1752 1312 dicitur
1776 1285 1784 1310 :
1808 1271 1861 1310 In
1879 1271 2100 1312 civitatem
2119 1267 2248 1318 Μαῖα,
2270 1267 2312 1308 id
2331 1270 2408 1319 est,

1382 1343 1639 1393 Jerusalem,
1664 1344 1712 1382 ut
1727 1344 1818 1394 jam
1841 1341 1972 1393 possit
2000 1340 2093 1392 ipsa
2109 1339 2291 1379 clamare
2312 1349 2409 1378 cum

1381 1416 1501 1457 Isaict
1521 1418 1533 1439 ⁵
1558 1426 1567 1455 :
1607 1430 1626 1453 (‹
1651 1413 1814 1463 Venite,
1842 1411 2117 1453 ascendamus
2144 1410 2197 1450 ad
2221 1410 2411 1449 montem

1383 1486 1572 1535 Domini,
1603 1487 1644 1526 et
1675 1484 1726 1525 ad
1748 1484 1925 1524 domum
1948 1482 2021 1522 Dei
2040 1481 2180 1522 Jacob.
2211 1494 2230 1518 ›)
2262 1478 2345 1520 Nec
2365 1479 2410 1520 in

1380 1558 1530 1599 itinere
1549 1557 1644 1597 fecit
1663 1567 1827 1596 moram
1841 1586 1852 1604 ,
1872 1554 1973 1607 quia
1991 1564 2087 1595 cum
2109 1551 2406 1604 festinatione,

1381 1630 1487 1669 sicut
1508 1627 1684 1676 Rachel,
1706 1637 1825 1679 quae,
1849 1625 1940 1667 viso
1958 1625 2084 1665 Jacob
2105 1624 2139 1673 ⁶,
2170 1638 2188 1661 (ι
2207 1622 2408 1663 festinans

1380 1700 1590 1740 nuntiavit
1606 1698 1715 1751 patri
1728 1710 1820 1739 suo.
1841 1712 1860 1737 ›>
1877 1696 2159 1750 Spiritualiter
2176 1697 2319 1735 autem
2335 1694 2406 1735 da-

1378 1775 1448 1812 tur
1466 1783 1519 1812 ex
1538 1770 1618 1811 hoc
1642 1769 1764 1810 nobis
1793 1767 2002 1820 intelligi,
2036 1766 2150 1820 quod
2170 1768 2406 1806 necessaria

1379 1845 1440 1882 est
1471 1842 1508 1882 ei
1536 1841 1770 1891 festinatio,
1797 1840 1870 1893 qui
1901 1839 1994 1880 vult
2023 1839 2076 1880 ad
2107 1838 2406 1891 perfectionem

1378 1913 1588 1965 attingere
1607 1913 1620 1934 ⁷
1649 1926 1657 1953 :
1687 1927 1707 1949 «
1736 1911 2000 1952 Festinemus
2026 1910 2194 1963 ingredi
2216 1910 2260 1950 in
2289 1909 2405 1950 illam

1377 1985 1589 2038 requiem,
1612 1986 1659 2024 ut
1679 1996 1731 2024 ne
1751 1984 1796 2023 in
1823 1983 2009 2035 idipsum
2038 1983 2135 2035 quis
2154 1982 2309 2022 incidat
2336 1981 2402 2022 in-

1375 2054 1633 2097 credulitatis
1647 2053 1940 2106 exemplum.»
1960 2052 2009 2093 Et
2027 2053 2084 2095 ad
2101 2052 2336 2095 Corinthios
2356 2056 2370 2077 ὃ
2391 2066 2401 2093 :

1383 2129 1482 2169 «Sic
1493 2127 1670 2176 currite,
1686 2129 1734 2167 ut
1745 2125 2127 2178 comprehendatis.
2148 2139 2168 2162 ›)
2182 2124 2404 2165 Diversum

1375 2198 1530 2240 dicitur
1561 2197 1574 2218 ⁹
1602 2197 1653 2238 de
1683 2196 1808 2237 fatuis
1840 2196 2110 2247 virginibus;
2143 2198 2183 2236 et
2202 2195 2246 2236 in
2265 2195 2403 2238 Eccle-

1375 2269 1549 2312 siastico
1572 2269 1600 2293 ¹⁰
1623 2282 1631 2308 :
1661 2283 1679 2306 a
1699 2267 1791 2308 Non
1810 2268 1950 2308 tardes
1969 2266 2157 2308 converti
2181 2267 2234 2307 ad
2256 2266 2403 2307 Domi-

1375 2353 1505 2390 num,
1525 2342 1566 2380 et
1585 2351 1638 2379 ne
1658 2339 1827 2379 differas
1841 2339 1891 2379 de
1912 2339 1978 2379 die
1998 2338 2042 2378 in
2059 2339 2186 2379 diem.
2210 2352 2229 2375 n
2254 2337 2404 2380 Occur-

1375 2423 1446 2451 sus
1465 2410 1654 2462 Virginis
1668 2410 1746 2449 fuit
1765 2409 1938 2451 festivus
1958 2412 1998 2449 et
2015 2408 2256 2458 familiaris;
2280 2421 2401 2461 prop-

1374 2484 1438 2523 ter
1458 2482 1570 2534 quod
1588 2480 1740 2521 dicitur
1764 2480 1832 2533 (a),
1865 2480 1919 2532 (v.
1942 2480 2005 2532 40)
2031 2494 2040 2520 :
2063 2480 2117 2520 Ec
2142 2481 2329 2522 intravit
2351 2480 2401 2521 in

1373 2553 1545 2595 domum
1582 2552 1819 2602 Zacharioe,
1855 2554 1892 2593 et
1923 2550 2133 2593 salutavit
2169 2550 2397 2592 Elisabeth.

1374 2624 1569 2674 Intravit,
1604 2623 1803 2676 inquam,
1826 2625 1875 2662 ut
1894 2622 2156 2662 familiariter
2184 2621 2399 2662 cohabita-

1372 2695 1486 2736 ret.¹¹
1513 2708 1533 2733 (1
1552 2694 1719 2736 Intrans
1742 2693 1788 2733 in
1807 2693 1982 2734 domum
2002 2705 2163 2744 meam,
2185 2693 2400 2746 conquies-

1372 2779 1465 2808 cam
1476 2778 1575 2807 cum
1589 2765 1673 2806 illa.
1690 2764 1783 2806 Non
1800 2765 1913 2805 enim
1928 2764 2054 2805 habet
2072 2764 2398 2804 amaritudinem

1372 2837 1633 2881 conversatio
1641 2836 1769 2887 illius,
1779 2836 2036 2877 nectaedium
2045 2835 2262 2877 convictus
2268 2835 2394 2887 illius,

1371 2910 1443 2951 sed
1455 2908 1660 2959 laetitiam,
1677 2910 1718 2948 et
1729 2919 1812 2959 gau
1819 2907 1951 2948 dium,
1967 2920 1986 2944 ›)
2004 2905 2206 2955 intrabat,
2219 2917 2307 2947 non
2319 2908 2398 2946 sta-

1371 2981 1442 3021 bat
1460 2980 1583 3030 16115,
1606 2979 1715 3020 516111
1737 2978 1810 3018 illa
1829 2977 1984 3019 mulier
2003 2989 2117 3029 vaga
2139 2978 2183 3027 ¹2,
2209 2992 2229 3016 c<
2245 2977 2398 3030 quietis

1370 3050 1617 3104 impatiens,
1650 3061 1728 3090 1166
1760 3048 1905 3090 valens
1935 3048 1979 3088 in
2010 3048 2136 3090 domo
2170 3048 2395 3089 consistere

1370 3121 1547 3174 pedibus
1568 3120 1671 3162 suis.
1695 3133 1714 3158 ι)
1738 3119 1915 3162 Intravit
1935 3119 2062 3160 etiam
2078 3130 2166 3160 non
2186 3121 2231 3159 ut
2258 3118 2396 3170 litiga-

1369 3194 1452 3245 ret,
1476 3192 1548 3234 sed
1567 3195 1616 3233 ut
1632 3191 1854 3243 salutaret,
1875 3191 2109 3234 secundum
2130 3189 2244 3244 quod
2264 3189 2394 3231 moris

1369 3308 1381 3326 ⁹
1399 3305 1535 3345 Matth„
1562 3313 1643 3345 xxv,
1671 3307 1719 3337 11.
1739 3320 1780 3326 —-
1806 3305 1829 3323 ¹⁰
1852 3304 1968 3345 Eccli„
1991 3312 2023 3345 V,
2044 3306 2074 3336 8.
2093 3321 2132 3326 —-
2159 3303 2182 3325 ¹¹
2203 3302 2294 3343 Sap„
2317 3309 2377 3334 vm

1371 3356 1421 3394 16,
1443 3354 1493 3386 17.
1513 3370 1554 3378 ·—
1575 3352 1596 3371 ¹²
1615 3353 1725 3390 Prov.,
1745 3359 1806 3392 vu,
1830 3354 1877 3383 11.

1411 3419 1456 3461 (a)
1480 3418 1562 3451 Caet.
1582 3417 1662 3449 edit.
1683 3416 1776 3450 dicit.

2429 1553 2567 1580 Necessa-

2445 1594 2488 1620 ria
2507 1597 2550 1622 est

2435 1635 2555 1663 festina-

2426 1678 2568 1708 1161761611-

2425 1720 2447 1747 ti
2468 1720 2498 1747 in
2518 1729 2565 1749 re-

2449 1763 2548 1798 quiem

2426 1803 2552 1839 ingredi.
