2634 3853
301 87 378 126 200

300 173 426 224 tiam3
448 184 595 214 omnes
618 172 663 213 in
695 172 810 212 viam
841 184 961 212 suam
994 171 1326 219 declinaverunt,

299 243 595 297 unusquisque
614 243 666 284 ad
695 242 915 283 avaritiam
943 254 1065 282 suam
1083 272 1093 289 ,
1114 253 1139 281 a
1158 253 1327 281 summo

301 326 436 366 usque
456 314 508 355 ad
527 313 819 354 novissimum.
843 311 1004 361 Venite,
1026 324 1247 352 sumamus
1270 311 1329 351 vi-

301 396 431 434 num,
474 387 515 424 et
553 384 808 435 impleamur
834 382 1046 422 ebrietate.
1075 398 1093 419 »
1123 381 1261 434 Igitur
1285 382 1329 421 in

301 467 406 496 auro
437 455 658 495 obscurato
699 452 920 493 subversio
953 452 1182 492 sanctitatis
1211 451 1329 492 intel-

302 525 472 576 ligitur;
506 525 549 564 in
569 523 706 564 colore
727 526 888 563 mutato
903 554 913 571 ,
933 522 1152 563 subversio
1176 522 1329 562 hones-

305 592 420 642 tatis;
441 593 484 632 in
501 592 773 645 dispersione,
794 592 984 632 studium
1012 591 1266 644 cupiditatis,
1293 593 1333 631 et

306 662 601 715 consequentis
620 662 910 712 dissensionis;
939 662 983 702 in
1004 661 1240 715 platearum
1264 673 1331 701 ca-

307 734 405 789 pite,
427 733 672 786 exemplum
703 733 1004 786 perversitatis
1040 732 1118 773 [bi
1143 731 1335 785 praemit-

305 806 408 846 titur
427 804 578 857 Aleph,
615 805 667 845 ad
704 804 1000 845 excitationem
1038 802 1334 854 intelllgentiae

305 874 547 928 spiritualis,
565 887 613 915 ac
632 875 667 914 si
686 874 841 915 diceret
860 873 959 914 illud
985 874 994 893 ¹
1021 888 1030 912 :
1056 888 1075 911 (ι
1089 872 1193 913 Cum
1213 872 1335 913 vide-

306 945 399 986 ritis
419 945 774 987 abominationem
795 943 1061 985 desolationis
1075 975 1086 994 ,
1109 956 1205 996 quae
1226 944 1335 985 dicta

305 1019 365 1056 est
403 1029 427 1056 a
463 1016 630 1056 Daniele
669 1015 896 1068 propheta,
938 1018 1120 1056 stantem
1162 1016 1204 1055 in
1244 1016 1334 1056 loco

304 1090 462 1136 sancto,
485 1086 558 1139 qui
578 1086 703 1138 legit,
728 1086 951 1138 intelligat.
971 1101 989 1124 n

356 1160 396 1198 9..
411 1158 524 1200 Beth.
542 1158 591 1209 (a)
605 1157 712 1199 Filii
727 1157 853 1206 Sion,
864 1160 941 1197 etc.
956 1157 1029 1197 Hic
1042 1158 1229 1210 deplorat
1242 1159 1337 1199 sub-

305 1229 541 1270 versionem
562 1228 771 1269 dictarum
788 1239 1067 1281 personarum
1080 1229 1124 1268 in
1135 1229 1304 1281 speciali
1324 1245 1331 1270 :

304 1300 417 1353 quod
433 1299 570 1353 primo
590 1302 814 1352 pertractat
843 1302 1052 1352 quantum
1085 1300 1138 1341 ad
1164 1301 1337 1341 infectos

304 1370 568 1420 carnalitate;
600 1370 784 1411 secundo
798 1402 811 1422 ,
833 1374 1041 1424 quantum
1061 1371 1113 1411 ad
1135 1373 1337 1413 exceden-

305 1446 366 1483 tes
382 1442 426 1482 in
445 1442 681 1490 severitate,
703 1441 762 1482 ibi
779 1453 788 1481 ε
807 1442 963 1484 Manus
984 1441 1224 1491 mulierum,
1238 1446 1335 1492 etc.;

305 1512 428 1553 tertio
446 1524 500 1552 ex
520 1512 600 1552 hoc
619 1512 741 1552 infert
767 1512 997 1552 Dominum
1017 1524 1089 1552 eos
1103 1514 1218 1564 juste
1238 1513 1339 1552 afili-

306 1595 432 1636 gere,
481 1583 539 1623 ibi
588 1598 595 1622 :
651 1583 880 1635 Complevic
899 1585 1106 1626 Dominus
1154 1585 1339 1635 fm'orem

306 1664 446 1705 suum,
469 1657 546 1695 etc.
580 1654 628 1694 Iu
648 1655 786 1707 prima
823 1658 941 1708 parte
974 1655 1113 1708 primo
1151 1655 1341 1708 deplorat

308 1725 596 1766 carnalitatem
616 1725 916 1778 praelatorum,
956 1726 1024 1766 vel
1062 1726 1310 1767 clericorum
1328 1743 1338 1777 ;

309 1797 494 1837 secundo
514 1796 830 1849 religiosorum,
855 1797 911 1836 ibi
935 1812 943 1836 :
970 1797 1252 1840 candidiores
1266 1809 1344 1839 ηα-

309 1870 460 1918 zaroei,
483 1871 579 1918 etc.;
601 1868 724 1909 tertio
745 1869 873 1909 simul
894 1869 1134 1920 amborum,
1158 1869 1216 1909 ihi
1235 1882 1244 1909 z
1261 1870 1342 1912 Me-

311 1938 397 1980 lius
425 1939 510 1989 fuit
532 1939 683 1980 occ-isis
700 1971 710 1988 ,
732 1942 810 1979 etc.
841 1938 890 1978 In
908 1939 1047 1992 prima
1066 1942 1184 1992 parte
1204 1940 1343 1992 primo

311 2009 449 2061 tangit
468 2009 750 2060 carnalitatis,
771 2014 820 2050 ut
847 2009 1005 2050 dictum
1034 2013 1119 2060 est,
1153 2011 1342 2052 infectio-

310 2092 429 2130 nem3
453 2081 637 2121 secundo
663 2083 990 2134 consequentem
1009 2080 1206 2122 Ecclesiae
1232 2082 1341 2122 mul-

311 2151 497 2204 tiplicem
526 2151 766 2202 laesionem,
791 2152 849 2192 ibi
883 2167 891 2192 :
916 2151 1005 2194 Sed
1026 2155 1065 2194 et
1083 2152 1239 2202 lamice,
1263 2157 1343 2195 etc.

368 2222 450 2263 Pro
470 2223 608 2275 primo
642 2222 739 2263 dicit
762 2237 771 2263 :
796 2222 925 2274 Filii,
950 2223 1025 2264 ubi
1049 2224 1186 2277 primo
1212 2228 1347 2265 osten-

313 2294 373 2335 dit
395 2294 624 2347 quierant,
645 2294 794 2335 deinde
825 2294 928 2347 quid
960 2297 1061 2335 sunt
1094 2309 1102 2335 :
1138 2295 1347 2342 Quomodo

315 2366 534 2418 reputati?
554 2365 658 2405 Dicit
686 2376 790 2416 ergo
812 2379 820 2404 :
843 2365 950 2407 Filii
978 2365 1095 2416 Sion,
1119 2366 1159 2407 id
1177 2369 1253 2417 est,
1277 2367 1350 2407 Ec-

317 2437 468 2488 clesiae,
491 2437 662 2490 inclyti,
685 2438 727 2479 id
755 2441 833 2488 est,
867 2438 1044 2490 gloriosi
1065 2442 1104 2479 et
1126 2438 1264 2491 gloria
1287 2440 1349 2480 di—

318 2508 411 2560 gni,
433 2512 471 2550 et
491 2510 640 2551 amicti
654 2519 759 2551 auro
777 2510 931 2561 primo,
954 2513 1162 2562 quantum
1180 2510 1231 2550 ad
1250 2510 1348 2551 vitaz

319 2579 632 2631 perfectionem,
647 2579 852 2632 quoinoclo
866 2581 1053 2632 reputati
1069 2584 1173 2621 sunt
1187 2581 1236 2621 in
1246 2591 1350 2622 rasa

321 2650 482 2692 testea?
505 2649 547 2690 id
566 2652 643 2700 est,
664 2649 802 2700 lutea,
833 2653 873 2690 et
908 2650 959 2690 de
979 2649 1215 2690 carnalium
1246 2652 1352 2692 sola-

320 2720 480 2761 tiorum
499 2720 718 2761 desiderio.
765 2719 880 2762 Vasa
901 2724 1051 2773 testeag,
1088 2732 1175 2761 non
1206 2733 1349 2772 aurea,

323 2787 390 2828 vel
411 2792 630 2840 argentea,
653 2788 726 2829 sed
753 2788 868 2830 lutea
891 2804 899 2829 :
928 2801 1003 2829 vas
1024 2789 1136 2829 enim
1172 2792 1353 2830 testeum

322 2863 384 2900 est
403 2859 567 2901 luteum
592 2860 847 2912 judicatum.
871 2862 885 2882 ²
910 2876 929 2899 «
950 2860 1077 2901 lsrael
1096 2861 1207 2902 satus
1224 2865 1284 2902 est
1308 2862 1355 2902 in

322 2931 565 2972 nationibus
588 2932 707 2984 quasi
724 2945 801 2973 vas
820 2932 1107 2973 immundum.
1134 2947 1154 2970 ›>
1178 2932 1355 2974 Indura—

323 3004 415 3041 tum
435 3003 498 3042 est
517 3002 577 3042 eis
596 3002 760 3055 lutum,
792 3004 891 3057 quia
928 3004 1094 3045 difficile
1133 3004 1355 3056 corrigun-

324 3075 409 3112 tur.
433 3074 447 3096 ³
473 3087 493 3110 (ι
523 3071 744 3114 Peccatum
786 3074 894 3116 luda
930 3075 1132 3127 scriptum
1165 3078 1228 3115 est
1248 3075 1356 3128 stylo

325 3144 476 3194 ferreo,
499 3146 541 3185 et
573 3156 718 3196 ungue
744 3144 1030 3186 adamantino.
1056 3159 1076 3183 υ
1103 3149 1116 3170 ¹·
1141 3161 1161 3184 α
1182 3146 1261 3195 Qui
1281 3146 1357 3188 do-

370 3225 534 3267 'Matth.‚
561 3233 657 3267 xxw,
681 3229 727 3259 15.
755 3244 795 3251 —
821 3228 831 3246 ²
858 3230 939 3268 ose„
967 3235 1045 3267 vm,
1074 3229 1104 3260 8,
1127 3245 1167 3250 —
1185 3228 1196 3247 ³
1216 3228 1357 3267 Jerem.,

325 3280 412 3314 xvii,
431 3276 512 3305 1.—
531 3274 544 3294 δ
563 3273 682 3314 Ecca„
698 3281 785 3314 1111,
803 3276 832 3306 7.
852 3292 887 3297 -
909 3276 922 3297 ⁸
941 3274 1032 3307 Psal.
1050 3282 1092 3315 υ,
1107 3277 1139 3307 9.
1153 3292 1194 3298 -
1213 3275 1226 3296 6
1242 3276 1352 3316 Prota,

325 3327 373 3361 1x,
391 3323 443 3362 16,
464 3322 558 3353 17.—
578 3320 590 3343 ⁷
610 3321 746 3362 Mami„
765 3328 842 3362 1111,
865 3323 958 3353 25.—
975 3323 986 3341 ⁸
1002 3323 1082 3362 Im„
1102 3329 1222 3362 xxxiv,
1250 3324 1298 3354 14.
1316 3340 1356 3346 —-

327 3367 338 3384 ²⁴
359 3367 430 3407 lob,
447 3375 568 3409 xxxix,
586 3370 634 3401 14.

642 81 915 125 EXPOSITIO
946 81 998 123 IN
1029 60 1475 124 LAMENTATIONE'S
1504 80 1741 123 JEREMLE
1771 80 2081 123 PROPHETAE.

1399 173 1462 210 cet
1480 171 1662 218 fatuum,
1684 169 1804 222 quasi
1837 170 1911 222 qui
1931 171 2197 223 conglutinat
2218 175 2382 214 testam.
2403 188 2423 211 υ

1405 241 1517 291 Opus
1543 251 1748 281 manuum
1768 240 1907 293 fiyuli‚
1928 240 1971 282 id
1987 245 2064 292 est,
2085 242 2254 294 diaboli,
2277 243 2351 296 qui
2371 245 2431 284 ta-

1401 309 1461 350 les
1479 311 1586 350 fecit.
1610 310 1789 362 Figulus
1817 311 1985 352 mollem
2021 315 2179 352 terram
2214 326 2425 366 premens,

1401 380 1607 422 laboriose
1626 382 1750 434 fingit
1770 382 1823 422 ad
1843 394 1948 422 usus
1968 386 2133 424 nostros
2152 384 2430 437 unumquod-

1404 464 1487 504 que
1506 464 1593 493 vas.
1617 452 1697 494 Sed
1717 452 1885 493 tandem
1907 453 1950 492 in
1970 453 2052 493 fine
2072 454 2144 493 fiet
2163 453 2213 494 de
2229 454 2304 503 eis,
2317 455 2432 506 quod

1405 521 1501 561 dicit
1523 521 1715 564 Psalmus
1737 524 1750 545 ⁵
1773 538 1780 562 :
1800 538 1818 560 a
1830 522 2049 576 Tanquam
2074 535 2146 564 vas
2166 522 2313 576 Figuli
2332 535 2431 564 con-

1406 592 1568 643 fringes
1586 605 1671 634 eos.
1694 608 1712 630 n

1461 665 1498 702 3.
1526 662 1703 705 Ghimel.
1737 664 1876 706 Sedet
1897 664 2059 714 lamioe,
2084 666 2161 705 etc.
2195 664 2299 705 Ecce
2320 664 2436 705 dam-

1407 745 1512 774 num
1527 746 1581 774 ex
1599 735 1810 788 praedictis
1830 747 2089 788 consequens
2111 735 2335 788 multiplex
2355 735 2433 776 Ec-

1407 803 1544 845 clesiae
1564 820 1572 844 :
1595 805 1782 858 primum
1798 810 1859 846 est
1872 806 2040 847 diffusio
2053 806 2255 847 doctrinae
2266 818 2437 859 perver-

1408 888 1486 924 sae;
1506 876 1740 916 secundum
1761 881 1823 917 est
1856 879 2043 919 carentia
2064 878 2265 919 doctrinae
2285 888 2398 918 sanae
2425 892 2434 917 z

1412 946 1527 988 Filia
1549 945 1700 998 populi
1731 948 1814 988 mei
1841 947 2043 999 crudelis,
2074 951 2152 989 etc.
2187 947 2267 988 Pro
2300 947 2438 1000 primo

1410 1016 1536 1056 dicit:
1561 1016 1642 1058 secl
1674 1021 1712 1059 el
1739 1017 1897 1060 lamioe.
1932 1019 2077 1059 Lamia
2101 1022 2162 1059 est
2200 1022 2439 1059 monstrum

1410 1086 1570 1127 habens
1591 1091 1716 1140 caput
1736 1088 1998 1140 virgineum,
2023 1101 2175 1142 corpus
2197 1089 2438 1142 porcinum,

1409 1161 1450 1197 et
1459 1158 1636 1210 equinos
1648 1159 1788 1210 pedes,
1806 1159 2162 1208 crudelissimum,
2177 1159 2337 1200 dictum
2347 1172 2372 1200 a
2385 1160 2443 1201 la-

1409 1231 1680 1280 mentatione,
1697 1231 1816 1282 quasi
1837 1230 1996 1272 [amens
2018 1231 2075 1282 h„
2097 1230 2225 1271 Juxta
2239 1229 2438 1281 litteram,

1409 1299 1642 1340 Jerusalem
1663 1300 1754 1340 vult
1771 1301 1908 1341 dicere
1942 1301 1985 1340 in
2005 1301 2277 1342 solitudinem
2297 1301 2440 1342 redac-

1410 1374 1512 1420 tam,
1537 1374 1577 1411 et
1598 1374 1785 1411 monstra
1817 1372 1875 1412 ibi
1907 1371 2004 1412 talia
2029 1371 2251 1412 habitasse.
2279 1371 2359 1412 Per
2378 1371 2439 1412 la-

1414 1440 1519 1480 mias
1538 1452 1641 1492 ergo
1657 1441 1962 1492 intelliguntur
1983 1441 2169 1482 haeretici
2183 1473 2192 1490 ,
2215 1441 2282 1481 vel
2301 1441 2443 1494 hypo-

1413 1511 1544 1560 critae,
1567 1512 1612 1552 in
1631 1512 1735 1553 facie
1755 1512 1988 1564 simplices,
2009 1512 2053 1551 in
2073 1515 2219 1552 ventre
2238 1512 2442 1563 carnales,

1414 1582 1459 1622 in
1498 1583 1678 1632 pedibus
1720 1583 1842 1636 equi,
1881 1586 1920 1623 et
1960 1581 2189 1622 instabiles.
2225 1582 2344 1623 Tales
2380 1583 2445 1623 la-

1415 1653 1513 1693 miae
1534 1652 1708 1706 vulpina
1721 1653 1964 1694 crudelitate
1987 1652 2447 1703 feroce5,nudaverunt

1415 1735 1658 1774 mammam,
1673 1724 1800 1774 idest,
1814 1724 1943 1765 libere
1957 1723 2184 1776 praedicant.
2195 1724 2444 1775 doctrinam,

1415 1795 1570 1835 scilicet
1592 1795 1848 1847 pestiferam
1871 1795 2138 1837 lactaverunt
2158 1794 2318 1836 catulos
2332 1805 2445 1844 suos,

1416 1867 1459 1907 id
1478 1870 1558 1915 est,
1581 1866 1790 1920 simplices
1821 1867 1865 1906 in
1893 1866 2092 1907 haeresim
2131 1866 2377 1907 seducentes
2398 1871 2411 1892 ⁶
2436 1880 2445 1906 :

1425 1954 1444 1976 a
1465 1937 1544 1986 Qui
1564 1940 1626 1978 est
1653 1937 1882 1990 parvulus,
1907 1937 2086 1978 declinet
2114 1937 2167 1977 ad
2189 1949 2271 1977 me.
2303 1936 2354 1978 Et
2375 1949 2450 1978 ve-

1420 2009 1534 2050 cordi
1562 2009 1700 2050 locuta
1731 2012 1792 2050 est
1827 2024 1836 2050 :
1874 2009 2008 2062 Aquae
2041 2009 2210 2049 furtivae
2244 2008 2451 2049 dulciores

1421 2083 1531 2120 sunt.
1554 2095 1572 2117 n
1591 2080 1675 2120 Hoc
1686 2082 1826 2120 autem
1843 2083 1978 2120 totum
1991 2082 2050 2120 est
2064 2081 2235 2132 propter
2252 2078 2451 2119 iuertIam

1422 2150 1723 2204 praelatorum⁷
1748 2166 1757 2192 ;
1800 2151 1939 2191 «Cum
1974 2150 2208 2190 dormirent
2237 2150 2448 2201 homines,

1422 2222 1538 2262 venit
1560 2221 1759 2262 inimicus
1778 2223 1886 2274 ejus,
1909 2224 1948 2261 et
1970 2220 2323 2274 superseminavit
2341 2221 2448 2260 ziza-

1422 2292 1507 2332 nia.
1530 2295 1571 2329 »⁸
1591 2292 1681 2332 «Ibi
1700 2292 1862 2332 invenit
1881 2292 2010 2332 lamia
2029 2291 2268 2344 requiem.»
2298 2292 2339 2331 F
2338 2291 2418 2333 ilia
2439 2304 2449 2331 ε

1424 2375 1518 2404 ecce
1544 2376 1567 2404 e
1587 2367 1732 2404 contra
1765 2363 1948 2403 desectus
1982 2363 2184 2403 doctrinae
2220 2373 2358 2412 sanae,
2381 2361 2456 2402 uhi

1425 2436 1563 2488 primo
1583 2435 1729 2487 arguit
1751 2434 1946 2486 praelatos
1966 2433 2010 2472 in
2025 2433 2213 2474 doctrina
2233 2433 2457 2484 negligen-

1425 2509 1511 2556 ῖθε;
1535 2506 1720 2546 secundo
1740 2505 1921 2557 explicat
1955 2503 2138 2556 amplius
2162 2503 2358 2544 laesiones
2377 2502 2456 2544 Ec-

1427 2577 1563 2617 clesiae
1583 2575 1679 2616 inde
1701 2574 2011 2626 provenientes,
2031 2574 2086 2612 ibi
2113 2586 2122 2611 :
2144 2572 2341 2615 Acllioesit
2371 2574 2455 2615 lin-

1426 2658 1526 2700 qua.
1544 2646 1646 2686 Dicit
1665 2645 1800 2697 igitur
1823 2659 1830 2683 :
1851 2644 1966 2685 Filia
1977 2643 2127 2695 populi
2142 2645 2239 2692 mei,
2258 2646 2355 2684 etc.;
2376 2644 2456 2684 hoc

1428 2718 1581 2758 dicitur
1601 2717 1651 2757 de
1673 2718 1813 2756 monte
1834 2713 1950 2764 Sion,
1967 2715 2012 2754 in
2031 2725 2116 2766 quo
2130 2717 2219 2753 erat
2231 2714 2454 2766 templum,

1428 2787 1541 2841 quod
1561 2790 1768 2839 tanquam
1787 2785 1872 2825 filia
1886 2798 1911 2825 a
1929 2784 2086 2838 populo
2097 2784 2335 2825 amabatur.
2358 2784 2458 2825 Haec

1430 2859 1530 2910 filia,
1553 2860 1764 2911 quantum
1793 2856 1845 2898 ad
1866 2856 2124 2905 sacerdotes,
2145 2855 2187 2895 id
2221 2857 2302 2905 est,
2334 2867 2460 2896 excu-

1430 2931 1593 2980 bantes,
1613 2927 1799 2970 crudelis
1822 2958 1832 2977 ‚
1854 2928 1981 2980 quasi
2002 2926 2182 2968 struthio
2213 2926 2262 2967 in
2281 2924 2457 2968 deserte.

1431 3000 1622 3042 Struthio
1640 2999 1756 3053 ponit
1788 3010 1869 3039 ova
1884 3010 1960 3038 sua
1984 2997 2029 3037 in
2054 2999 2191 3037 tractu
2212 2996 2396 3048 viarum,
2419 3000 2461 3039 et

1430 3084 1516 3112 non
1551 3071 1678 3121 fovet,
1711 3070 1799 3120 sed,
1838 3073 1885 3110 ut
1921 3067 2076 3109 dicitur
2111 3068 2139 3118 ⁹,
2168 3082 2187 3105 a
2207 3067 2462 3120 derelinquit

1432 3145 1476 3184 in
1497 3147 1609 3184 terra
1630 3155 1711 3184 ova
1730 3154 1822 3192 sua,
1844 3155 1863 3179 υ
1888 3144 1929 3182 θῖ
1961 3139 2230 3181 obliviscitur
2251 3140 2363 3193 quod
2386 3151 2460 3192 pes

1431 3214 1646 3256 conculcet
1663 3226 1728 3264 ea,
1746 3216 1820 3254 aut
1838 3212 1982 3253 bestiae
1993 3211 2088 3263 agri
2101 3213 2334 3252 conterant.
2353 3210 2457 3260 Quae

1471 3324 1515 3363 (a)
1535 3322 1617 3354 caet.
1633 3321 1713 3353 edit.
1730 3329 1786 3351 uec
1806 3317 2022 3357 versit-ulum,
2042 3327 2098 3350 nec
2126 3318 2278 3350 litteram
2294 3317 2458 3356 indicant,

1431 3372 1463 3400 et
1481 3370 1528 3400 sic
1547 3367 1710 3408 deinceps.
1725 3384 1764 3390 —
1786 3365 1828 3406 (b)
1850 3365 1926 3406 Leq.
1942 3365 2146 3399 lamentans,
