2634 3853
956 177 1231 221 EXPOSITIO
1261 177 1315 219 IN
1344 176 1460 219 CAP.
1489 176 1598 219 vill.

214 280 307 320 tum
340 274 681 329 requisitionem,
703 272 855 315 dicitur
886 285 896 314 z
925 271 1137 314 Venerunt
1157 279 1234 311 au-

214 352 294 392 tem
334 346 392 389 ad
430 345 551 388 illum
587 347 723 388 mater
762 347 800 386 et
835 344 989 395 fratres
1027 340 1145 393 ejus,
1185 339 1237 379 ad

213 429 318 472 quos
336 418 457 459 debet
476 417 664 471 specialis
684 416 856 457 affectus
878 413 1026 455 haberi
1046 426 1056 462 ;
1080 411 1132 452 ad
1152 423 1237 451 ma-

212 492 319 532 trem
339 489 533 543 quidem,
555 487 756 541 quoniam
776 485 955 527 dicitur¹
981 498 990 525 :
1023 498 1043 522 «
1068 482 1239 524 Honora

212 565 376 614 patrem
418 562 541 601 tuum
557 591 568 610 ,
611 561 650 600 et
693 560 874 598 matrem
924 558 1066 606 tuam,
1095 568 1115 592 ›)
1159 556 1237 594 etc.

214 631 264 672 Et
289 630 438 672 Tobias
458 633 472 655 ²
497 645 506 671 ε
539 629 786 671 «Honorem
810 626 984 668 habebis
1004 625 1130 666 matri
1154 628 1240 666 tuae

213 702 411 744 omnibus
449 703 597 744 diebus
629 701 728 744 vitae
762 700 869 753 ejus.
899 712 918 736 ›>
962 698 1027 739 Ad
1063 698 1236 747 fratreS,

212 773 255 814 id
273 774 355 824 est,
380 773 640 827 propinquos
661 774 701 812 et
723 771 948 822 cognatos;
983 768 1029 808 in
1055 768 1240 810 Levitico

213 843 365 884 dicitur
386 846 421 884 ³:
449 858 468 882 ε(
487 842 645 894 Diliges
662 840 849 882 amicum
868 842 993 880 tuum
1015 838 1122 879 sicut
1140 837 1241 890 teip-

213 926 324 956 sum.
345 929 364 953 »
391 914 554 955 Horum
578 913 724 965 igitur,
747 911 904 964 quibus
927 910 1103 951 debetur
1130 921 1242 962 prae-

214 987 338 1040 cipua
370 986 554 1038 affectio,
586 984 867 1026 introducitur
895 983 1136 1037 requisitio;
1171 981 1242 1023 sed

213 1070 299 1099 non
331 1059 524 1111 poterant
556 1057 799 1110 pertingere
827 1067 902 1109 per
931 1055 1108 1108 seipSOS,
1131 1053 1242 1095 unde

215 1129 383 1171 additur
410 1143 420 1171 ε
452 1129 507 1171 Et
533 1139 619 1171 mm
644 1131 843 1180 poterant
877 1126 996 1169 adire
1030 1137 1123 1168 eum
1150 1135 1242 1178 prce

216 1199 360 1249 turba;
398 1202 438 1240 et
470 1199 564 1241 ideo
593 1199 863 1252 requirebant
899 1209 974 1251 per
1009 1196 1240 1245 nuntium,

214 1273 385 1324 propter
405 1271 518 1324 quod
538 1270 707 1322 additur
728 1270 786 1322 (v.
807 1270 897 1319 c,20):
921 1270 979 1311 Ec
994 1269 1243 1310 nunciatum

216 1344 277 1384 est
307 1342 403 1384 illi:
437 1343 575 1384 Mater
607 1345 682 1384 tua
709 1345 748 1384 ec
780 1341 934 1391 fratres
965 1341 1054 1390 tui,
1089 1339 1243 1392 quibus

215 1412 394 1453 multam
424 1412 551 1453 debes
579 1411 845 1452 affectionem
877 1410 1039 1450 ratione
1069 1409 1244 1462 propin-

214 1482 405 1536 quitatiS,
426 1485 543 1526 stant
565 1483 678 1535 foris
703 1482 886 1524 volentes
909 1484 947 1524 te
973 1480 1142 1530 videre,
1169 1491 1245 1532 per

215 1554 413 1595 affectum
437 1553 662 1594 charitatis.
685 1552 738 1594 Et
765 1552 823 1593 sic
851 1551 1073 1593 efficaciter
1099 1551 1242 1604 requi-

216 1625 341 1676 ritur,
369 1626 417 1665 ut
435 1625 487 1665 ad
506 1623 764 1677 propinquos
782 1625 987 1672 transeat,
1009 1623 1077 1665 vel
1097 1625 1241 1674 exeat,

216 1698 308 1737 tum
342 1697 511 1749 propter
547 1697 745 1735 naturam
782 1694 1118 1746 agnoscendam,
1151 1696 1245 1734 tum

215 1766 387 1817 propter
406 1764 654 1805 charitatem
672 1763 998 1817 rependendam.
1013 1763 1148 1816 Super
1165 1763 1245 1804 hoc

216 1837 361 1876 autem
380 1835 477 1876 dicit
497 1835 638 1887 glossa
651 1835 679 1886 ⁴,
701 1835 814 1888 quod
838 1834 906 1875 hic
926 1834 1245 1887 tergiversando

217 1906 461 1948 nuntiatum
480 1908 542 1947 est
567 1905 752 1957 Christo,
773 1908 822 1946 ut
842 1905 1018 1946 sciretur
1038 1906 1072 1946 si
1092 1906 1243 1947 doctri-

218 1990 319 2019 nam
345 1977 601 2031 relinqueret
628 1980 798 2031 propter
826 1977 1065 2018 humanum
1082 2009 1091 2026 ,
1117 1989 1246 2030 quem

219 2061 323 2102 erga
349 2051 528 2089 matrem
558 2051 598 2089 et
625 2049 773 2089 fratres
800 2048 993 2099 haberet,
1031 2049 1245 2089 affectum.

220 2121 414 2162 Sciebant
433 2121 548 2161 enim
576 2120 679 2161 illud
705 2132 794 2161 esse
814 2132 987 2170 verum,
1018 2120 1131 2172 quod
1153 2120 1249 2160 dici-

218 2198 291 2233 tur
311 2196 347 2233 ⁵:
371 2206 391 2231 ε(
414 2191 547 2233 Nemo
571 2204 764 2245 unquam
796 2204 966 2232 carnem
1001 2204 1123 2233 suam
1153 2192 1248 2234 odio

220 2263 383 2306 habuit.
404 2278 424 2302 »
451 2266 503 2305 Et
528 2264 588 2305 sic
606 2264 804 2306 volebant
824 2264 1007 2317 experiri
1034 2263 1137 2316 quid
1156 2275 1247 2304 am-

220 2335 331 2389 plius
351 2337 603 2388 acceptaret,
630 2336 777 2376 utrum
807 2335 1070 2375 affectionem
1096 2347 1248 2387 paren-

221 2408 336 2457 tum,
361 2418 414 2446 an
436 2405 716 2446 eruditionem
736 2405 1052 2458 discipulorum.

275 2476 468 2518 Secundo
486 2489 603 2528 vero,
632 2479 840 2529 quantum
869 2476 920 2516 ad
947 2475 1251 2528 discipulorum

222 2547 576 2601 praeelectionem,
600 2546 741 2588 subdit
763 2547 828 2599 (v.
854 2545 927 2598 c21)
949 2560 957 2586 z
985 2546 1064 2593 Qui
1082 2556 1251 2598 respon-

225 2619 327 2662 dens
344 2618 465 2661 dixit
480 2618 537 2660 ad
550 2628 638 2661 ecs.-
652 2618 792 2660 Mater
804 2628 912 2667 mea,
929 2620 967 2659 ec
982 2618 1136 2668 fratres
1153 2619 1248 2668 mei,

222 2690 268 2733 lez·
286 2693 389 2734 sunt
410 2691 485 2741 qm·
504 2689 672 2732 verbum
692 2690 774 2732 Dei
796 2688 983 2731 audiunt
1001 2692 1039 2732 et
1067 2690 1248 2740 faciunt.

224 2762 271 2803 In
301 2774 386 2815 quo
414 2762 595 2803 ostendit
625 2761 739 2815 quod
776 2761 918 2813 magis
949 2761 1252 2815 discipulorum

222 2833 528 2884 eruditionem,
557 2845 686 2886 quam
711 2835 936 2886 parentum
963 2833 1247 2883 affectionem3

224 2906 264 2945 et
282 2905 397 2957 quod
422 2904 560 2957 magis
589 2904 828 2958 acceptabat
853 2904 1100 2957 discipuIOS,
1122 2917 1252 2958 quam

224 2977 504 3030 propinquos;
521 2980 560 3018 et
572 2977 685 3030 quod
702 2977 840 3029 magis
855 2979 1038 3030 acceptat
1052 2977 1252 3018 affectum

225 3047 445 3089 doctorum
465 3048 517 3090 ad
537 3048 782 3101 discipulos,
806 3060 935 3100 quam
954 3051 1180 3101 parentum
1200 3049 1253 3089 ad

224 3117 348 3159 filios.
370 3118 421 3159 Et
438 3121 539 3160 nota
558 3119 670 3172 quod
689 3121 859 3172 propter
878 3121 1103 3172 parentum
1124 3119 1250 3160 affec-

225 3189 343 3240 tum,
362 3191 403 3230 et
422 3189 718 3241 indigentiam,
741 3192 781 3230 et
800 3189 1137 3243 requisitionem,
1166 3202 1253 3231 non

226 3259 349 3300 debet
376 3260 519 3301 doctor
546 3261 825 3302 intermittere
855 3261 1135 3303 eruditionem
1154 3262 1253 3303 doc-

227 3331 378 3372 trinae:
413 3331 457 3372 in
488 3344 572 3385 quo
603 3333 741 3386 magis
772 3333 925 3375 invitat
960 3334 1087 3381 facto,
1124 3346 1253 3387 quam

270 3440 277 3460 ¹
301 3439 422 3478 Exod„
447 3447 513 3476 xx,
540 3441 590 3470 12.
619 3457 651 3461 —-
678 3441 692 3462 ²
713 3440 800 3481 Tob.‚
826 3448 871 3479 iv,
896 3442 926 3472 3.
948 3458 989 3463 —
1015 3442 1025 3457 ³
1044 3441 1159 3479 Lem‘t„
1180 3448 1252 3481 xix,

231 3490 279 3520 18.
301 3504 341 3511 —
361 3488 375 3510 ὁ
394 3487 499 3520 Gloss.
521 3488 555 3519 in
574 3487 707 3528 Mamm,
731 3497 760 3520 c.
784 3495 839 3528 xl,
861 3488 923 3519 sub
945 3488 1003 3520 fin.
1026 3507 1061 3511 —
1086 3489 1098 3510 5
1118 3488 1252 3529 Epltes„

2260 180 2337 218 427

1312 279 1439 321 supra
1459 265 1703 308 invitaverit
1722 267 1866 310 verbo.
1891 266 1943 307 Et
1967 267 2067 306 nota
2086 266 2197 318 quod
2217 266 2339 306 audi-

1311 340 1423 380 tores
1440 339 1562 381 vocat
1586 338 1765 389 matreS,
1796 337 1841 377 in
1872 339 2080 390 quantum
2105 347 2180 389 per
2211 336 2339 376 docu—

1312 412 1504 452 mentum
1529 409 1632 451 alios
1656 410 1885 462 generant,
1914 408 2149 449 secundum
2174 407 2278 448 illud
2297 407 2337 447 ⁶:

1320 498 1338 522 (1
1362 482 1499 524 Filioli
1521 482 1627 531 mei,
1652 492 1759 534 quos
1781 480 1936 521 iterum
1965 479 2180 532 parturio,
2212 478 2342 518 donec

1313 554 1519 594 formetur
1543 552 1729 593 Christus
1749 552 1792 592 in
1811 551 1947 594 vobis.
1975 565 1994 588 n
2017 549 2184 591 Fratres
2203 549 2340 596 vocat,

1313 625 1359 665 in
1387 625 1594 677 quantum
1618 635 1693 676 per
1719 623 1901 664 verbum
1926 622 2187 674 generantur
2206 621 2246 659 et
2268 618 2343 660 filii

1316 697 1388 737 Dei
1403 697 1527 746 fiunt,
1545 694 1778 735 secundum
1789 693 1895 734 illud
1904 694 1917 715 ⁷
1931 707 1939 734 ε
1956 691 2176 733 «Narrabo
2188 702 2344 731 nomen

1314 772 1439 810 tuum
1458 768 1656 808 fratribus
1674 767 1794 818 meis,
1820 781 1838 804 n
1859 769 1936 807 etc.
1959 766 2010 807 Et
2028 766 2080 806 ad
2099 765 2290 806 Hebroeos
2307 765 2341 806 ⁸:

1322 855 1341 879 ε(
1359 839 1451 881 Νο11
1471 838 1741 879 confunditur
1759 838 1908 878 fratres
1938 848 2009 878 eos
2026 848 2204 878 vocare:
2227 850 2245 873 ›)
2271 835 2346 888 qui

1316 910 1431 951 enim
1453 910 1634 951 verbum
1650 908 1722 950 Dei
1748 908 1996 961 suscipiunt,
2017 907 2078 946 illi
2099 906 2346 946 inseruntur

1316 984 1520 1034 tanquam
1549 979 1678 1033 stipiti
1699 978 1893 1028 radicali,
1924 980 1965 1018 et
1985 989 2060 1030 per
2086 988 2346 1029 consequens

1316 1053 1514 1105 rigantur
1541 1064 1616 1105 per
1646 1052 1874 1092 humorem
1906 1049 2089 1102 Spiritus
2121 1048 2276 1097 sancti,
2307 1050 2348 1088 et

1317 1124 1410 1165 ideo
1437 1123 1680 1165 efficiuntur
1704 1122 1781 1163 filii
1809 1121 1881 1163 Dei
1908 1121 2020 1171 vivi,
2045 1120 2277 1162 secundum
2295 1119 2344 1159 il-

1316 1196 1392 1238 lud
1412 1200 1456 1236 ⁹:
1495 1211 1514 1235 «
1548 1195 1756 1245 Quoniam
1790 1196 1932 1235 autem
1965 1193 2064 1234 estis
2092 1193 2192 1244 filii,
2233 1191 2348 1232 misit

1318 1268 1426 1309 Deus
1446 1267 1641 1321 spiritum
1660 1266 1756 1307 Filii
1779 1266 1847 1307 sui
1866 1266 1913 1305 in
1928 1264 2053 1305 corda
2072 1266 2234 1313 vestra,
2263 1262 2346 1303 cla-

1317 1341 1520 1379 mantem.
1558 1352 1577 1376 »
1606 1340 1684 1379 etc.
1718 1336 1768 1378 Et
1798 1337 1918 1387 ideo,
1952 1337 2161 1389 quantum
2195 1335 2349 1387 praeest

1318 1409 1488 1462 spiritus
1519 1408 1655 1458 carni,
1690 1410 1729 1448 et
1759 1407 1897 1459 gratia
1927 1408 2113 1455 naturae,
2145 1407 2185 1445 et
2205 1404 2350 1446 divina

1318 1479 1538 1529 humanis,
1567 1482 1607 1520 et
1633 1481 1792 1520 aeterna
1815 1477 2004 1527 caducis;
2036 1478 2203 1517 tantum
2232 1487 2348 1528 prae-a

1318 1552 1452 1593 fertur
1470 1551 1687 1604 generatio
1714 1549 1963 1604 spiritualis,
1987 1560 2083 1602 quoe
2102 1551 2161 1590 est
2181 1547 2348 1590 verbum

1319 1625 1438 1674 vitoe,
1460 1623 1723 1675 generationi
1745 1621 1923 1671 carnaii;
1947 1622 1987 1661 et
2006 1620 2099 1661 ideo
2125 1620 2225 1660 huic
2245 1630 2351 1672 pree-v

1318 1695 1489 1736 ferenda
1514 1697 1590 1736 est.
1613 1694 1719 1735 Nam
1746 1695 1918 1747 propter
1937 1692 2053 1732 illam
2078 1702 2207 1733 verus
2235 1703 2349 1744 prae-

1319 1767 1477 1807 dicator
1496 1766 1590 1819 plus
1611 1765 1793 1806 afficitur
1820 1764 1872 1805 ad
1897 1763 2005 1804 filios
2032 1764 2257 1815 generatos
2276 1773 2350 1815 per

1319 1837 1683 1891 praedicationem,
1706 1848 1835 1889 quam
1862 1835 1914 1876 ad
1934 1835 2126 1888 parentes
2146 1833 2345 1876 carnales.

1320 1908 1436 1958 Quod
1460 1911 1586 1961 patet,
1609 1908 1711 1961 quia
1731 1906 1905 1960 apostoli
1920 1918 1996 1960 pro
2018 1906 2077 1946 eis
2098 1905 2351 1946 confirman-

1320 1980 1382 2020 dis
1408 1979 1650 2021 effuderunt
1677 1978 1936 2031 sanguinem
1966 1977 2215 2030 proprium,
2245 1976 2352 2016 sicut

1321 2052 1447 2092 etiam
1467 2051 1655 2091 Christus
1672 2051 1840 2101 fecerat,
1867 2049 1940 2102 qui
1960 2051 2023 2089 est
2039 2048 2239 2100 Magister
2255 2059 2350 2088 om-

1321 2123 1457 2163 nium.
1474 2122 1524 2163 Et
1539 2122 1745 2175 quoniam
1766 2121 1826 2161 illi
1847 2120 1923 2162 soli
1944 2131 2089 2160 semen
2105 2118 2221 2161 verbi
2242 2120 2352 2159 recte

1321 2194 1572 2247 suscipiunt,
1587 2193 1661 2246 qui
1673 2193 1815 2233 audita
1826 2194 2098 2246 exequuntur
2110 2205 2119 2241 3
2135 2190 2228 2231 ideo
2242 2191 2353 2230 recte

1322 2266 1509 2307 additur:
1533 2266 1610 2318 qui
1629 2264 1799 2306 verbum
1816 2264 1893 2306 Dei
1909 2263 2097 2306 audiunt
2112 2264 2148 2304 el
2166 2262 2351 2313 faciunt.

1324 2338 1352 2360 1⁰
1369 2337 1490 2378 «Non
1510 2336 1625 2376 enim
1645 2335 1859 2375 auditores
1878 2334 1984 2386 legis
2000 2332 2103 2386 Justi
2122 2334 2222 2373 sunt
2241 2331 2353 2384 apud

1322 2408 1478 2457 Deum3
1506 2406 1577 2447 sed
1604 2407 1780 2446 factores
1809 2405 1919 2456 legis
1943 2403 2305 2457 justificabuntur.
2328 2417 2347 2440 »

1323 2478 1374 2519 Et
1392 2477 1568 2520 Iacobus
1588 2478 1616 2501 ¹¹
1633 2491 1672 2517 z«
1691 2476 1833 2516 Estote
1851 2476 2026 2516 factores
2045 2474 2164 2515 verbi
2178 2504 2188 2523 ,
2210 2475 2250 2514 et
2268 2485 2353 2514 non

1323 2550 1534 2591 auditores
1572 2549 1760 2597 tantum,
1792 2546 1982 2587 fallentes
2009 2544 2302 2598 vosmetipsos.
2329 2558 2349 2582 ι)

1322 2619 1443 2661 Tales
1462 2620 1573 2661 enim
1589 2619 1759 2672 praet'ert
1773 2617 1960 2659 Christus
1978 2615 2183 2669 parentali
2202 2627 2356 2667 cogna-

1323 2691 1424 2732 tioni
1462 2703 1573 2742 suae,
1608 2690 1739 2740 intra,
1783 2688 1857 2729 ubi
1887 2687 2041 2729 dicitur
2070 2688 2126 2728 12;
2154 2701 2173 2725 ((
2203 2685 2358 2727 Beatus

1325 2764 1471 2803 venter
1490 2762 1564 2815 qui
1583 2764 1624 2802 te
1644 2759 1840 2814 portavit,
1864 2761 1905 2800 et
1924 2759 2057 2799 ubera
2076 2770 2172 2811 quae
2189 2757 2355 2798 suxisti.

1324 2833 1378 2874 At
1408 2833 1478 2874 ille
1509 2832 1640 2874 dixit:
1672 2831 1894 2881 Quinimo,
1928 2829 2040 2870 beati
2072 2829 2148 2882 qui
2178 2828 2358 2870 audiunt

1324 2904 1507 2945 verbum
1523 2903 1611 2954 Dei,
1629 2904 1670 2943 et
1684 2900 1928 2942 custodiunt
1944 2899 2062 2940 illud.
2075 2913 2094 2936 »
2110 2898 2197 2939 Hoc
2215 2901 2357 2939 autem

1325 2975 1442 3026 dicit,
1482 2986 1569 3015 non
1602 2973 1703 3027 quia
1734 2974 1915 3012 matrem
1955 2972 2217 3021 contemnat,
2259 2982 2357 3010 cum

1325 3047 1443 3088 illam
1470 3059 1559 3100 prae
1580 3045 1778 3087 omnibus
1798 3042 2015 3093 dilexerit3
2045 3042 2118 3084 sed
2136 3044 2184 3082 ut
2210 3053 2356 3082 exem-

1325 3118 1395 3171 plo
1414 3118 1605 3160 ostendat
1626 3116 1740 3170 quod
1760 3114 1952 3168 praecipit
1970 3113 2079 3155 infra
2093 3114 2121 3139 ¹³
2138 3127 2177 3156 2«
2196 3112 2239 3154 Si
2259 3112 2356 3165 quis

1324 3189 1442 3233 venit
1470 3190 1523 3231 ad
1550 3201 1641 3240 me,
1674 3190 1715 3229 et
1741 3198 1829 3228 non
1857 3185 1943 3228 odit
1971 3188 2136 3240 patrem
2164 3196 2289 3226 suum
2315 3185 2357 3225 et

1325 3264 1528 3314 matrem,
1548 3262 1590 3303 et
1609 3271 1811 3312 uxorem,
1832 3260 1873 3301 et
1898 3258 2029 3311 filios,
2050 3260 2092 3301 et
2112 3258 2284 3309 fratres,
2315 3258 2357 3298 et

1327 3403 1358 3435 v,
1376 3397 1426 3427 29.
1447 3395 1513 3418 -θ
1535 3394 1624 3431 Ο(ι[.,
1644 3401 1690 3433 Ν,
1714 3395 1763 3425 19.
1786 3409 1824 3415 -
1846 3391 1857 3412 7
1882 3391 1969 3423 Psal,
1993 3398 2066 3430 xxi,
2087 3392 2138 3422 23.
2154 3407 2194 3412 —-
2215 3391 2225 3408 ⁸
2241 3388 2355 3430 Helm,

1326 3445 1498 3482 11,11.—
1519 3443 1533 3465 ⁹
1553 3441 1642 3481 Gal.,
1669 3448 1713 3480 lv,
1735 3442 1765 3471 G.
1786 3457 1826 3462 —
1851 3440 1876 3462 ¹⁰
1893 3440 1997 3477 Rom„
2020 3445 2058 3477 11,
2084 3440 2135 3468 125.
2161 3437 2354 3475 —1¹Jac.,

1326 3496 1350 3529 1,
1368 3491 1419 3522 22.
1443 3508 1479 3513 -
1504 3491 1525 3510 ¹2
1543 3489 1622 3529 11111,
1641 3496 1690 3528 XI,
1715 3490 1766 3527 27,
1786 3489 1838 3519 28.
1858 3504 1897 3510 —
1917 3486 1943 3507 ¹³
1962 3485 2039 3525 lull,
2057 3492 2128 3525 xm,
2149 3486 2199 3517 26.
