2634 3853
277 170 354 208 616

276 257 493 297 internum
514 255 768 297 desiderium
793 258 833 297 et
853 255 1134 306 devotionem,
1156 266 1302 295 secun-

277 326 380 366 dum
400 326 505 366 illud
525 326 685 369 Psalmi
703 328 713 349 ¹
739 341 747 367 :
779 341 797 364 α
816 325 956 366 Sitivit
974 325 1117 365 anima
1137 337 1231 365 mea
1251 325 1303 365 ad

277 389 413 437 Deum
432 397 592 438 fontem
608 397 778 446 vivum3
801 395 969 448 quando
989 395 1159 435 veniam
1175 398 1216 435 et
1235 406 1305 448 ap-

277 467 433 520 parebo
450 469 547 507 ante
572 467 720 507 faciem
750 466 886 506 Dei?»
920 465 972 505 Ili
999 466 1111 506 servi
1140 465 1210 505 Dei
1230 465 1300 506 de-

277 538 378 578 bent
411 537 661 590 praedicare,
697 536 930 576 secundum
966 535 1069 575 illud
1105 536 1300 577 Jsctioe³z

284 623 303 647 α
322 607 490 657 Venite,
525 610 566 647 et
600 606 874 647 ascendamus
913 606 965 646 ad
1002 609 1190 647 montem
1221 606 1304 647 Do-

279 678 404 728 mini,
433 680 473 718 et
500 677 551 717 ad
579 677 752 717 domum
779 676 850 717 Dei
885 676 1033 726 Jacob,
1068 679 1108 717 et
1143 677 1306 717 docebit

279 759 376 798 nos,
399 762 418 785 n
443 750 519 788 etc.
538 762 547 796 ;
578 747 680 800 quia
699 746 935 787 secundum
955 746 1058 787 illud
1080 747 1123 786 in
1142 749 1302 799 Apoca-

278 818 394 871 lypsi
414 821 427 843 ³
451 831 459 858 :
492 833 510 856 t(
539 817 589 858 Et
621 818 693 870 qui
729 817 864 867 audit,
899 817 1006 857 dicat
1031 831 1040 858 ε
1070 816 1230 858 Veni.»
1256 817 1306 859 Et

277 888 379 941 quia
418 887 524 928 nihil
559 890 727 928 tantum
758 887 913 928 excitat
949 888 1225 939 desiderium,
1260 891 1307 930 ut

277 958 421 1003 veniat
439 958 492 999 ad
514 957 669 1009 Deum,
691 960 901 1011 quantum
922 958 1201 1000 consideratio
1220 959 1307 1000 illo-

275 1041 374 1071 rum
413 1029 713 1082 praemiorum,
750 1030 842 1070 ideo
875 1029 1015 1069 subdit
1042 1044 1050 1069 :
1083 1032 1188 1081 quia
1212 1031 1307 1082 jam

273 1104 433 1155 parata
445 1105 547 1144 sunt
560 1101 718 1143 omnia.
737 1100 887 1141 Parata
906 1102 1003 1140 sunt
1015 1100 1303 1143 habitacula&

288 1187 307 1212 α
339 1171 386 1212 In
423 1171 548 1212 domo
590 1170 723 1224 patris
759 1171 845 1212 mei
884 1172 1124 1212 mansiones
1161 1173 1307 1215 multae

279 1245 393 1284 sunt.
415 1241 460 1283 Si
486 1253 572 1295 quo
591 1242 756 1292 minus,
788 1242 990 1283 dixissem
1008 1242 1129 1283 vobis
1164 1258 1171 1283 ε
1206 1244 1308 1296 quia

278 1313 388 1354 vado
401 1312 523 1354 vobis
535 1324 684 1366 parare
697 1312 854 1353 locum.
871 1312 921 1353 Et
938 1313 973 1352 si
984 1313 1127 1353 abiero
1147 1315 1187 1353 et
1205 1326 1308 1366 prae-

278 1395 485 1437 paravero
521 1384 642 1425 vobis
677 1384 841 1434 locum,
888 1383 1046 1424 iterum
1082 1384 1226 1435 venio,
1268 1387 1310 1426 et

279 1455 481 1508 accipiam
502 1466 578 1497 vos
596 1455 648 1496 ad
666 1455 894 1508 meipsum.
912 1468 932 1492 n
953 1454 1056 1495 Item
1073 1458 1309 1508 praeparata

280 1530 380 1568 sunt
399 1526 580 1578 grandia
598 1526 611 1547 ⁵
634 1540 642 1566 :
677 1541 695 1565 α
715 1525 869 1567 Oculus
889 1537 976 1566 non
995 1525 1114 1576 vidit,
1134 1529 1174 1567 et
1193 1527 1310 1568 auris

280 1610 368 1639 non
387 1597 568 1647 audivit,
601 1608 678 1638 nec
707 1597 750 1637 in
784 1608 854 1637 cor
882 1597 1067 1637 hominis
1097 1599 1307 1649 ascendit,

282 1669 396 1722 quod
416 1668 671 1721 praeparavit
700 1667 810 1708 Deus
836 1668 911 1717 iis,
948 1669 1020 1720 qui
1047 1668 1229 1720 diligunt
1257 1670 1307 1710 il-

281 1740 417 1780 lum.»
435 1739 665 1791 Acceptum
685 1740 745 1778 est
763 1738 814 1778 de
834 1738 975 1780 Ιεαῑα6
991 1753 998 1778 :
1016 1753 1034 1777 α
1052 1738 1205 1780 Oculus
1224 1752 1310 1781 non

282 1809 408 1860 vidit,
428 1809 558 1860 Deus,
580 1809 738 1861 absque
758 1810 821 1859 te,
846 1820 943 1861 quae
961 1812 1207 1863 praeparasti
1234 1824 1308 1853 ex-

281 1879 544 1934 pectantibus
561 1882 648 1920 te.»
672 1878 776 1920 Item
789 1883 1025 1932 praeparata
1038 1884 1100 1921 est
1115 1884 1282 1923 mensa⁷
1301 1898 1309 1923 z

289 1968 308 1991 «
329 1951 491 1994 Parasti
510 1951 554 1991 in
575 1953 800 2004 conspectu
828 1963 923 1993 meo
953 1964 1143 1994 mensam
1162 1955 1312 1996 adver-

283 2035 355 2065 sus
375 2035 446 2064 eos
462 2023 535 2076 qui
556 2023 760 2064 tribulant
780 2035 864 2074 me,
880 2036 899 2061 n
924 2026 1004 2064 etc.
1027 2024 1130 2066 Item
1150 2038 1313 2079 praepa-

283 2096 430 2147 parata
449 2097 510 2135 est
540 2105 693 2146 sponsa
719 2106 816 2134 cum
844 2094 895 2134 iis
927 2095 1000 2147 qui
1028 2096 1311 2148 praedestinati

284 2167 382 2206 sunt
403 2166 455 2206 ad
475 2165 608 2207 vitam
624 2165 637 2187 ⁸
663 2180 671 2206 ;
700 2167 954 2207 «Venerunt
982 2167 1144 2220 nuptiae
1170 2169 1310 2221 Agni,

286 2239 326 2278 et
353 2248 464 2277 uxor
492 2238 585 2289 ejus
612 2237 872 2289 praeparavit
905 2248 976 2286 se3
999 2252 1017 2274 »
1055 2238 1174 2289 quia,
1209 2240 1315 2280 sicut

286 2307 440 2348 dicitur
459 2310 473 2331 ⁹
495 2320 504 2345 ε
536 2321 554 2343 α
576 2305 678 2355 Quae
699 2310 858 2358 paratae
879 2310 1023 2358 erant,
1046 2308 1316 2350 intraverunt

287 2389 385 2419 cum
404 2389 452 2419 eo
473 2377 524 2418 ad
544 2378 737 2430 nuptias,
762 2381 801 2419 et
822 2378 963 2419 clausa
981 2381 1044 2420 est
1058 2381 1205 2432 Janua.
1227 2396 1246 2419 n

343 2451 408 2489 18.
432 2449 484 2491 Et
504 2453 718 2501 coeperzmt
734 2450 863 2499 simul
884 2460 1035 2492 omnes.
1053 2450 1151 2491 Post
1167 2452 1317 2493 invita-

288 2521 447 2561 tionem
466 2519 753 2572 plurimorum
771 2552 781 2570 ,
804 2521 995 2573 sequitur
1014 2521 1083 2561 hic
1102 2523 1316 2564 excusatio

289 2592 557 2638 vocatorum,
591 2590 692 2643 quia
723 2590 845 2630 multi
873 2591 1050 2631 veniunt
1083 2592 1133 2631 ad
1165 2593 1313 2644 fidem,

290 2662 363 2715 qui
384 2665 527 2703 tamen
546 2662 694 2703 nolunt
716 2662 937 2715 pervenire
957 2675 1093 2716 usque
1116 2665 1168 2704 ad
1187 2664 1319 2704 chari-

290 2736 444 2783 tatem,
470 2735 640 2785 propter
668 2732 872 2774 vitiorum
888 2733 1167 2785 pronitatem,
1188 2748 1318 2788 quam

291 2806 336 2845 in
355 2804 637 2845 excusationis
655 2804 850 2845 velamen
863 2808 1099 2846 assumunt.
1122 2806 1176 2848 Εῑ
1195 2816 1320 2859 coepe-

291 2875 539 2918 runtsz‘mul
567 2886 705 2918 omnes
737 2885 955 2918 excusare.
989 2876 1160 2918 Glossa:
1196 2892 1215 2916 «
1234 2878 1321 2919 Ex-

292 2949 410 2988 cusat
429 2959 472 2987 se
492 2947 630 2987 omnis
649 2947 723 3000 qui
744 2947 837 2998 plus
855 2949 1023 2988 terrena
1037 2960 1166 3000 quam
1182 2950 1322 2990 coeles-

292 3019 351 3059 tia
377 3017 537 3069 diligit,
573 3017 737 3058 etiamsi
768 3018 821 3058 ad
855 3017 1036 3058 coelestia
1075 3031 1120 3059 se
1149 3020 1321 3061 tendere

294 3088 418 3128 dicat.
436 3100 455 3124 n
482 3086 690 3136 Quoniam
710 3099 815 3140 ergo
835 3088 990 3140 triplex
1010 3091 1074 3129 est
1091 3090 1212 3131 radix
1229 3102 1320 3131 om-

294 3158 360 3199 nis
393 3159 569 3211 peccati,
606 3170 702 3210 quae
738 3171 816 3200 nos
847 3160 1023 3200 retrahit
1063 3172 1087 3200 a
1118 3160 1321 3202 charitate

337 3267 347 3286 ¹
369 3265 458 3296 Psal.
481 3273 558 3304 xm,
580 3266 608 3296 3.
630 3281 671 3288 —-
690 3266 703 3286 ²
722 3266 800 3304 lsa„
822 3273 866 3303 11,
888 3268 917 3298 3.
939 3283 977 3289 —
997 3267 1011 3288 ³
1030 3267 1139 3307 Apoc„
1162 3275 1248 3307 xxii,
1272 3268 1320 3299 17.

296 3330 336 3336 —
355 3312 365 3329 ⁴
384 3312 492 3351 Joan„
513 3319 583 3352 xw,
603 3313 667 3343 2-3.
689 3329 724 3334 ——
748 3312 790 3342 51
815 3313 904 3351 Corn,
924 3320 962 3349 Π,
983 3315 1014 3345 9.
1038 3331 1072 3336 —-
1095 3315 1106 3330 ‘¹
1129 3315 1208 3351 Isa„
1229 3321 1322 3353 mxiv,

297 3361 327 3390 4.
348 3375 388 3381 —-
408 3360 417 3377 ⁷
438 3358 528 3390 Psal.
551 3366 644 3397 xxu,
664 3360 694 3391 5.
718 3376 760 3382 -
779 3359 789 3376 Β
812 3359 922 3399 Αροε.,
945 3368 1026 3398 xix,
1047 3362 1076 3390 7.
1096 3377 1136 3383 —
1155 3361 1168 3382 ⁹
1192 3361 1321 3401 Mami„

296 3412 379 3444 xxv,
402 3408 451 3436 10.
473 3422 514 3428 -
537 3406 563 3427 ¹⁰
586 3405 702 3445 Eccli„
732 3413 772 3443 x,
801 3407 911 3436 14—15.
936 3423 974 3429 —
1002 3408 1025 3427 ¹¹
1051 3408 1152 3448 Aug„
1172 3407 1211 3438 de
1234 3407 1322 3439 verb.

298 3453 405 3492 Dum„
424 3461 524 3485 serui.
547 3460 679 3492 xxxin,
700 3453 742 3484 al.
764 3460 850 3492 exn,
870 3461 904 3483 n.
927 3458 956 3484 2.
981 3470 1020 3476 —
1045 3455 1068 3475 ¹2
1087 3454 1158 3492 Job,
1179 3463 1250 3495 xm,
1271 3459 1320 3489 2¹5.

1001 166 1285 207 EVANGELII
1316 166 1503 232 SANCTI
1535 168 1683 210 LUCAE

1375 256 1551 308 Christi,
1574 257 1667 298 ideo
1689 257 1759 297 hic
1778 258 1857 298 tria
1879 270 2038 310 genera
2055 261 2281 303 hominum
2303 262 2400 303 cita-

1375 326 1534 367 tionem
1557 327 1688 380 hujus
1719 327 2036 380 reprobantium
2067 331 2314 383 introducit,
2337 344 2400 373 se-

1378 398 1564 438 cundum
1610 399 1846 440 triformem
1887 401 2200 444 excusationem
2239 418 2248 443 ε
2296 415 2401 456 qua-

1377 480 1475 508 rum
1504 469 1641 521 prima
1672 469 1789 511 venit
1818 482 1872 510 ex
1906 470 2133 512 ambitione
2165 474 2400 526 superbiae3

1377 539 1582 590 secunda,
1624 552 1677 580 ex
1714 539 1993 581 sollicitudine
2029 542 2242 594 avaritiae;
2282 544 2405 585 tertia

1378 619 1501 658 vero,
1524 621 1576 649 ex
1598 609 1772 650 libidine
1793 609 1991 652 lasciviae.

1431 680 1574 721 Primo
1595 681 1742 732 igitur,
1762 683 1969 733 quantum
1991 682 2043 723 ad
2071 683 2255 735 primam
2274 696 2402 726 excu-

1379 751 1604 800 sationem,
1637 763 1734 804 quae
1766 751 1882 792 venit
1913 764 1967 793 ex
1997 753 2228 795 ambitione
2256 765 2407 808 super-

1377 820 1486 871 biae,
1509 821 1607 862 dicit
1627 835 1635 862 z
1660 821 1828 864 Primus
1850 822 1970 865 dixit
1997 823 2065 865 illi
2084 836 2098 864 .·
2132 824 2288 866 Villam
2308 828 2406 868 emi.

1379 891 1457 932 Iste
1488 892 1650 944 primus
1677 894 1739 933 est
1757 893 1991 944 superbuS,
2015 895 2089 946 qui
2121 906 2287 947 semper
2315 897 2408 938 vult

1377 961 1567 1002 obtinere
1601 962 1832 1015 primatum
1864 964 1892 988 ¹⁰
1917 977 1925 1004 :
1954 963 2167 1004 «Initium
2198 965 2408 1017 superbiae

1377 1033 1585 1084 hominis,
1609 1035 1843 1085 apostatare
1863 1046 1888 1075 a
1917 1034 2022 1086 Deo,
2043 1036 2246 1088 quoniam
2275 1037 2329 1076 ab
2349 1049 2409 1080 ‘eo

1379 1103 1451 1155 qui
1470 1103 1566 1144 fecit
1585 1103 1733 1153 illum,
1767 1104 1938 1145 recessit
1959 1116 2031 1145 cor
2061 1107 2175 1158 ejus,
2204 1106 2409 1158 quoniam

1379 1173 1552 1214 initium
1571 1174 1708 1214 omnis
1725 1175 1882 1226 peccati
1900 1177 1962 1216 est
1983 1176 2196 1229 superbia.
2218 1191 2237 1214 1)
2269 1175 2410 1230 HuJus

1380 1248 1442 1286 est
1461 1244 1608 1286 villam
1627 1257 1787 1297 emere,
1824 1246 1926 1298 quia
1953 1247 2060 1287 nihil
2092 1247 2208 1288 aliud
2231 1249 2409 1300 quaerit,

1380 1329 1509 1370 quam
1529 1316 1739 1357 dominari
1768 1318 1809 1357 et
1837 1328 2033 1369 praeesse.
2065 1316 2183 1358 Unde
2201 1318 2410 1370 Augusti-

1380 1399 1462 1428 nus
1478 1389 1529 1428 ¹¹:
1547 1402 1566 1425 α
1586 1387 1633 1427 In
1653 1388 1794 1439 empta
1813 1386 1912 1428 villa
1930 1387 2161 1429 dominatio
2180 1391 2352 1430 notatur
2373 1392 2414 1430 et

1382 1457 1596 1511 superbla.
1618 1456 1781 1497 Habere
1801 1456 1915 1497 enim
1931 1457 2077 1498 villam
2090 1490 2100 1508 ,
2124 1458 2318 1500 homines
2333 1460 2413 1500 sibi

1382 1530 1425 1569 in
1454 1528 1525 1569 illa
1550 1528 1756 1578 subdere,
1788 1527 1998 1581 superbiae
2036 1528 2190 1570 vitium
2222 1530 2415 1582 prImum

1383 1601 1499 1639 notat
1516 1599 1579 1651 (b).
1594 1613 1612 1636 n
1634 1598 1752 1638 Hanc
1772 1599 2083 1651 exemptionem
2096 1600 2192 1640 facit
2204 1601 2415 1653 superbus

1385 1670 1522 1711 dando
1537 1670 1725 1710 animam
1739 1670 1783 1709 in
1801 1669 2050 1710 servitutem
2065 1669 2232 1721 diaboli,
2247 1654 2347 1723 quia
2360 1672 2387 1693 ¹²
2403 1685 2412 1712 ε

1390 1755 1408 1779 c‹
1429 1740 1562 1782 Omne
1583 1740 1765 1781 sublime
1784 1739 1921 1790 videt,
1944 1740 2090 1793 etipse
2108 1742 2172 1782 est
2192 1752 2270 1782 rex
2289 1753 2417 1795 super

1384 1811 1605 1853 universos
1624 1811 1732 1851 filios
1752 1810 1976 1863 superbiae.
1999 1824 2017 1848 ›>
2053 1810 2171 1852 Unde
2203 1811 2305 1852 dum
2325 1811 2418 1853 vult

1386 1894 1476 1923 esse
1513 1882 1711 1923 dominus
1753 1881 2005 1932 hominum,
2046 1881 2225 1923 efficitur
2269 1893 2417 1924 servus

1385 1953 1610 2004 vitiorum,
1637 1955 1677 1993 et
1706 1952 1800 1993 haec
1829 1954 1893 1992 est
1919 1951 2041 1994 valde
2065 1952 2178 1994 mala
2196 1955 2418 2005 permuta-

1386 2026 1459 2066 tio.
1482 2023 1600 2066 Unde
1619 2024 1715 2064 talis
1734 2023 1890 2064 fatetur
1909 2034 1953 2064 se
1973 2034 2168 2074 servum,
2193 2034 2291 2064 cum
2313 2024 2416 2065 sub-

1387 2097 1474 2137 dit:
1501 2096 1554 2139 Et
1572 2105 1733 2138 necesse
1754 2094 1882 2137 habeo
1914 2094 2032 2137 eoeire
2053 2098 2091 2138 et
2118 2093 2261 2137 videre
2279 2094 2416 2137 illam.

1388 2167 1505 2208 Hanc
1540 2166 1832 2207 necessitatem
1867 2165 2026 2206 inducit
2063 2165 2282 2218 superbia,
2321 2177 2419 2219 quae

1388 2238 1485 2279 facit
1503 2237 1723 2278 hominem
1744 2247 1994 2278 evanescere
2008 2267 2018 2285 ‚
2035 2238 2076 2277 et
2092 2237 2277 2289 quodam
2293 2237 2419 2278 modo

1389 2308 1509 2348 extra
1542 2318 1586 2346 se
1611 2306 1726 2346 exire
1756 2306 1784 2330 ¹³
1821 2319 1829 2345 :
1855 2320 1874 2343 (ι
1894 2303 1958 2344 Ex
1990 2306 2030 2344 te
2067 2304 2200 2344 exibit
2229 2304 2419 2356 cogitans

1390 2378 1533 2418 contra
1562 2375 1791 2416 Dominum
1812 2374 2042 2424 malitiam,
2068 2377 2210 2415 mente
2234 2377 2419 2427 pertrac-

1389 2450 1483 2489 tans
1503 2446 1912 2500 praevaricationem.
1936 2460 1954 2483 »
1981 2445 2032 2486 Et
2050 2446 2150 2499 quia
2167 2445 2321 2487 vitium
2338 2446 2422 2499 pal-

1390 2519 1463 2559 liat
1482 2530 1526 2559 se
1546 2518 1626 2558 sub
1646 2517 1772 2571 pallio
1794 2517 2088 2570 virtutiS,quia
2101 2518 2311 2569 superbus
2329 2518 2423 2560 vult

1391 2588 1525 2631 videri
1545 2588 1720 2629 humilis
1738 2619 1748 2637 ,
1774 2588 1867 2629 ideo
1888 2588 2027 2629 subdit
2050 2603 2058 2628 ε
2091 2589 2203 2641 11090
2237 2593 2300 2639 le,
2321 2588 2422 2632 habe

1393 2671 1455 2701 me
1475 2662 1736 2701 excusatum.
1762 2658 1906 2700 Glossa
1921 2659 1948 2680 Γ*
1972 2673 2012 2698 :<‹
2032 2657 2113 2700 Ora
2131 2670 2209 2711 pro
2223 2670 2306 2709 me,
2325 2659 2426 2711 quia

1393 2731 1522 2772 homo
1553 2732 1744 2783 peccator
1778 2742 1890 2770 sum.
1925 2728 2120 2781 Seipsum
2151 2729 2349 2769 humiliat
2379 2730 2426 2770 in

1394 2815 1511 2854 voce,
1533 2815 1632 2843 cum
1655 2801 1871 2854 superbiat
1901 2802 1944 2841 in
1978 2801 2115 2842 corde.
2138 2814 2157 2838 »
2183 2799 2302 2843 Unde
2322 2800 2423 2841 Gre-

1395 2873 1544 2927 gorius
1565 2874 1591 2895 15
1614 2888 1622 2913 ;
1652 2887 1670 2911 (‹
1693 2871 1918 2913 Humilitas
1947 2873 2066 2913 sonat
2092 2871 2137 2912 in
2168 2883 2292 2922 voce;
2322 2871 2426 2917 dum

1395 2947 1538 2987 autem
1557 2944 1703 2985 venire
1724 2942 1984 2993 contemnit,
2005 2942 2202 2995 superbia
2218 2944 2281 2983 est
2300 2942 2346 2982 in
2363 2954 2427 2983 ac-

1396 3017 1522 3057 tione.
1533 3030 1552 3053 »
1566 3015 1686 3056 Tales
1707 3013 1986 3065 designantur
2001 3024 2076 3065 per
2094 3012 2186 3053 illos
2202 3013 2252 3053 de
2271 3012 2427 3065 quibus

1396 3086 1549 3127 dicitur
1570 3085 1596 3107 ¹⁶
1620 3097 1630 3126 :
1648 3084 1797 3125 «Genu
1816 3083 1927 3124 flexo
1945 3085 2042 3123 ante
2057 3094 2171 3133 eum,
2198 3082 2428 3124 illudebant

1397 3219 1438 3225 —
1457 3201 1482 3223 ¹³
1506 3200 1611 3238 ΝαΙι.,
1631 3208 1661 3238 1,
1685 3202 1735 3231 11.
1758 3216 1799 3222 --
1825 3199 1848 3220 ¹⁸·
1869 3199 1978 3230 Gloss.
2006 3197 2156 3229 interlin.
2185 3197 2220 3229 in
2247 3198 2338 3229 hunc
2360 3198 2427 3231 loc.

1399 3258 1441 3280 ex
1461 3249 1561 3288 Greg.
1580 3265 1621 3271 —
1645 3247 1672 3269 ¹5
1694 3247 1809 3287 Greg.,
1836 3247 1871 3278 in
1899 3246 2042 3285 Evanq„
2065 3244 2157 3278 hom.
2186 3252 2309 3285 xxxm,
2337 3254 2373 3276 n.
2396 3247 2426 3277 4.

1401 3313 1436 3318 -
1459 3296 1486 3317 1⁶
1508 3294 1645 3333 Matth.‚
1670 3301 1780 3333 xxvii,
1803 3294 1854 3325 29.

1442 3361 1486 3401 (α)
1520 3360 1645 3391 Forsan
1680 3357 1852 3399 leqemlum
1883 3355 2016 3397 gaudia.
2047 3373 2082 3378 -
2116 3355 2161 3398 (b)
2191 3355 2289 3397 Apud
2320 3357 2427 3398 ipsum

1398 3409 1497 3448 Any„
1527 3406 1607 3438 edit.
1633 3404 1814 3445 Benedict„
1845 3403 1968 3444 leyieur
1989 3403 2154 3444 subdere,
2177 3403 2344 3436 dominari
2367 3404 2426 3435 de-

1400 3456 1511 3488 lectat.
1532 3453 1660 3486 Vitium
1679 3451 1817 3492 malum,
1839 3449 1955 3483 vitium
1972 3450 2130 3491 primum.
