2634 3853
133 502 236 526 Neces-

131 541 200 566 sitas

113 583 216 615 quotu-

125 625 203 659 piem

1010 183 1281 224 EXPOSITIO
1316 184 1368 225 IN
1398 183 1509 226 CAP.
1544 183 1609 225 IX.

262 286 359 314 cmu
380 304 391 323 ‚
421 272 623 325 quoniam
657 283 824 313 11000550
849 273 911 312 051
938 271 1104 324 impleri
1134 272 1278 312 omnia

254 356 350 396 quae
370 342 521 395 scripta
539 345 651 382 sunt.
668 357 686 379 ))
707 342 757 382 Ε1
777 344 870 395 post
890 341 1085 382 subditur
1105 355 1113 382 :
1134 356 1152 379 «
1170 342 1278 394 Ape-

254 413 339 453 ruit
368 412 449 451 illis
479 424 649 452 sensum
685 415 733 452 ut
772 412 1054 463 intelligerent
1087 411 1276 464 Scriptu-

254 494 336 523 ras.
372 497 390 520 »
416 482 519 523 Dicit
543 486 683 523 autem
711 498 719 523 ;
745 483 936 534 Oportet,
967 481 1008 521 id
1028 483 1109 531 est,
1132 494 1274 522 neces-

254 552 414 592 sarium
450 555 538 602 est,
573 565 660 593 non
692 552 960 604 simpliciter,
982 551 1053 591 sed
1083 563 1136 591 ex
1163 564 1276 604 [1100-

253 624 492 676 sumptione
521 616 675 665 divinae
709 623 991 676 dispositionis
1023 625 1063 662 01
1097 624 1274 675 promis-

253 695 402 745 sionis,
422 695 653 736 secundum
673 695 774 735 illud
793 695 803 716 ¹
825 708 833 734 ε
856 709 874 731 (ι
895 693 1004 733 Deus
1023 696 1164 733 autem
1180 706 1276 746 quae

253 766 557 818 praenuntiavit
581 778 655 818 per
681 777 728 806 05
752 764 945 805 omnium
974 764 1277 816 prophetarum

252 838 338 889 pati
376 837 588 878 Christum
621 849 775 886 suum,
819 834 1010 887 implevit
1046 835 1116 875 510.
1151 849 1168 871 >)
1203 834 1278 875 Vel

256 908 452 959 Oportet,
474 908 517 948 id
546 911 606 948 est
625 940 634 958 ,
671 909 957 959 opportunum
985 908 1045 946 est
1079 908 1119 946 et
1149 918 1275 959 expe·

253 977 395 1029 diens,
425 979 550 1030 juxta
584 978 697 1031 quod
728 976 996 1029 prophetavit
1029 976 1204 1029 Caiphas
1227 981 1241 1002 2
1266 992 1274 1017 :

259 1048 475 1100 «Expedit
509 1048 630 1089 vobis
676 1050 723 1088 ut
755 1059 866 1087 unus
904 1047 1112 1087 moriatur
1149 1047 1277 1087 homo

252 1129 330 1170 pro
350 1118 526 1170 populo,
549 1120 694 1158 0111011
720 1119 806 1157 1010
832 1129 937 1168 gens
966 1119 1130 1168 pereat,
1152 1131 1170 1153 ›>
1196 1120 1273 1157 010.

258 1188 452 1239 oportet,
491 1188 695 1240 inquam,
737 1187 870 1228 multa
904 1188 1023 1239 pati,
1065 1188 1164 1239 quia
1202 1200 1278 1240 pro

254 1258 400 1297 multis
429 1257 653 1298 animabus
684 1257 965 1307 redimendis,
1007 1257 1151 1297 multis
1187 1257 1278 1297 cul-

254 1327 318 1379 pis
361 1328 625 1368 remittendis
656 1360 666 1377 ,
712 1328 858 1368 multis
904 1328 1091 1367 reatibus
1139 1328 1275 1368 absol-

254 1396 399 1437 vendis
419 1400 432 1421 3
456 1411 464 1437 :
494 1412 513 1435 κ
533 1397 623 1449 Ipse
652 1398 901 1438 vulneratus
933 1400 994 1437 est
1014 1399 1183 1449 propter
1205 1397 1279 1436 ini-

254 1467 433 1520 quitates
483 1470 648 1507 nostras
670 1499 679 1517 ,
715 1467 882 1507 attritus
913 1471 1083 1520 propter
1121 1467 1278 1507 scelera

254 1540 412 1578 nostra.
435 1552 455 1576 ))
481 1536 682 1590 Sequitur
706 1552 714 1578 :
734 1553 752 1576 a
772 1538 924 1578 Omnes
942 1550 1019 1578 nos
1038 1538 1159 1590 quasi
1178 1550 1278 1579 oves

255 1609 495 1650 erravimus
519 1623 528 1648 :
548 1609 843 1661 unusquisque
862 1609 904 1648 111
928 1609 1041 1650 viam
1062 1621 1184 1649 suam
1206 1609 1276 1649 de·

255 1679 448 1729 clinavit,
471 1682 512 1720 01
530 1680 669 1732 posuit
696 1680 901 1720 Dominus
933 1680 977 1719 in
1005 1692 1054 1720 eo
1075 1680 1279 1732 iniquita-

254 1751 340 1789 tem
373 1749 568 1789 omnium
600 1752 808 1790 nostrum.
832 1749 1028 1790 »Passus
1060 1752 1121 1789 est
1152 1749 1279 1789 etiam

255 1818 389 1859 multa
416 1822 457 1859 et
476 1831 659 1871 magna;
683 1832 830 1872 passus
862 1823 923 1860 est
948 1820 1072 1860 etiam
1094 1831 1118 1859 a
1138 1820 1280 1860 multis

255 1890 296 1928 et
316 1889 503 1940 magnis;
520 1892 690 1942 propter
708 1890 819 1942 quod
834 1890 947 1930 addit
967 1904 976 1930 ε
996 1890 1049 1931 Ec
1067 1891 1281 1942 reprobari

256 1969 283 1999 a
313 1959 552 2001 senioribus
583 1963 619 2001 et
644 1960 915 2012 principibus
946 1960 1213 2002 sacerdotum
1243 1964 1281 2003 et

256 2028 423 2070 scribis.
454 2028 648 2070 Seniores
677 2030 972 2083 praecellebant
1002 2031 1251 2083 antiquitate
1268 2063 1279 2084 ,

255 2099 465 2151 principes
501 2100 747 2141 auctoritate
778 2115 787 2150 ;
826 2100 897 2140 sed
936 2101 1082 2141 scribae
1120 2102 1282 2143 ratione

256 2169 483 2221 doctrinae3
506 2173 554 2211 ut
580 2171 638 2210 sic
657 2170 906 2223 impleretur
924 2171 1029 2212 illud
1048 2174 1062 2196 ¹·
1084 2186 1093 2212 :
1123 2172 1282 2213 «Filios

255 2240 439 2281 enutrivi
460 2243 502 2281 et
521 2240 704 2282 exaltavi
722 2255 731 2290 ;
755 2241 835 2293 ipsi
855 2244 999 2282 autem
1030 2246 1281 2294 spreverunt

255 2321 339 2350 me.
371 2324 390 2347 >³
415 2310 466 2351 Et
497 2311 599 2363 quia
628 2311 765 2364 passio
798 2311 948 2351 Christi
983 2313 1157 2363 gravior
1194 2316 1283 2354 erat

254 2379 364 2420 inter
389 2392 536 2420 omnes
556 2381 791 2432 passiones,
809 2381 902 2421 ideo
922 2381 1090 2422 additur
1111 2397 1120 2423 z
1141 2383 1195 2425 Ec
1215 2394 1281 2425 oc-

256 2449 372 2500 cidi,
395 2450 552 2491 scilicet
579 2454 768 2503 oportet,
801 2453 1036 2493 secundum
1067 2453 1172 2494 illud
1201 2456 1285 2496 Da-

257 2520 385 2562 nielis
405 2524 418 2546 ⁵
443 2535 451 2561 :
478 2536 497 2560 <‹
517 2521 734 2563 Occidetur
754 2522 954 2564 Christus.
976 2538 995 2561 ›)
1019 2524 1101 2565 Sed
1128 2538 1181 2566 ne
1201 2538 1286 2566 cre-

257 2589 426 2630 deretur
453 2591 564 2643 quod
584 2591 770 2643 invitus,
793 2593 886 2634 ideo
905 2595 1049 2637 Isaias
1066 2595 1079 2616 ⁶
1102 2610 1110 2635 :
1139 2611 1158 2634 «
1178 2596 1284 2637 Tra-

258 2659 361 2700 didit
389 2660 434 2700 111
460 2664 641 2702 1110110111
666 2663 853 2704 animam
879 2676 1016 2708 suam.
1043 2680 1063 2703 n
1085 2665 1165 2707 Sed
1186 2668 1286 2719 quia

256 2731 395 2783 passio
432 2732 525 2772 haec
561 2733 819 2775 vivificativa
853 2737 942 2775 erat
983 2738 1282 2788 mortuorum,

257 2800 350 2841 ideo
378 2802 519 2844 addit:
544 2803 604 2845 Et
631 2805 759 2847 tertia
790 2805 860 2847 die
885 2812 1097 2859 resurqet,
1131 2821 1286 2850 secun-

258 2871 360 2912 dum
379 2872 482 2914 illud
509 2874 667 2916 Oseoe⁷z
690 2890 709 2913 «
722 2874 964 2917 Vivificabit
980 2889 1057 2918 nos
1075 2882 1168 2931 post
1180 2880 1287 2921 duos

259 2942 372 2993 dies,
405 2944 450 2984 in
476 2945 544 2986 die
573 2946 696 2987 tertia
728 2947 944 2988 suscitabit
976 2961 1068 2989 nos.
1101 2964 1121 2988 »
1149 2950 1288 3004 HujUs

260 3012 447 3063 figuram
468 3015 566 3056 dicit
581 3016 777 3058 Salvator
792 3019 1055 3070 praecessisse
1070 3020 1116 3060 in
1130 3021 1150 3061 J
1154 3033 1235 3062 0110
1247 3022 1260 3043 ⁸
1275 3037 1283 3063 :

267 3098 286 3121 ε(
306 3082 422 3124 Sicut
441 3085 521 3127 fuit
547 3087 697 3139 Jonas,
722 3102 741 3125 ›>
766 3092 844 3129 etc.
879 3089 943 3130 Ex
976 3089 1044 3130 his
1075 3091 1208 3143 igitur
1235 3093 1284 3132 li-

261 3156 385 3205 quet,
407 3166 504 3207 quae
537 3157 590 3197 sit
619 3159 804 3210 perfecta
835 3159 932 3200 fidei
951 3160 1122 3211 notitia,
1144 3162 1188 3202 in
1205 3175 1289 3215 qua

262 3222 414 3264 Christi
441 3226 641 3269 fundatur
657 3228 858 3280 Ecclesia,
879 3230 1034 3271 scilicet
1054 3243 1128 3284 per
1157 3245 1288 3286 quam

303 3352 314 3372 ¹
337 3352 424 3392 Act„
448 3361 507 3393 111,
530 3356 580 3388 18.
596 3373 637 3379 —
656 3357 667 3375 ²
685 3357 792 3398 Joan.,
814 3366 869 3399 xi,
889 3361 940 3391 50.
961 3377 1003 3383 -—
1020 3360 1033 3381 ³
1053 3362 1133 3402 lsa„
1153 3369 1235 3402 Lm,
1256 3364 1287 3403 5,

261 3399 292 3430 6.
313 3415 354 3423 —
371 3401 385 3422 ¹·
403 3402 484 3435 Isau
505 3411 529 3442 1,
553 3406 584 3433 23.
604 3420 646 3428 --
662 3406 673 3423 ⁵
696 3405 794 3445 Dan„
814 3414 862 3447 lx,
882 3408 934 3438 26.
954 3425 990 3429 —
1013 3410 1024 3426 ὓ
1045 3410 1123 3448 Isca,
1142 3417 1216 3449 L111,
1237 3412 1287 3441 12.

260 3460 302 3468 —
320 3443 332 3465 ⁷
354 3449 441 3488 050,
464 3456 508 3489 v1,
529 3451 559 3480 3.
581 3468 616 3473 —
641 3450 655 3472 ⁸
673 3451 811 3492 Matth„
831 3461 897 3493 xii,
928 3456 981 3486 40.
1001 3472 1041 3478 -
1058 3456 1072 3477 ⁹
1091 3456 1208 3495 Ecclz'„
1229 3465 1287 3498 xv,

2294 193 2367 231 461

1348 273 1605 326 approbatur
1636 272 1806 314 divinus
1835 272 1988 322 honor,
2009 275 2259 326 reprobatur
2287 277 2368 318 hu-

1348 355 1500 383 manus
1519 355 1649 393 error,
1670 343 1869 384 asseritur
1887 343 2102 395 Mediator,
2127 348 2166 385 et
2180 348 2373 396 agnosci-

1348 415 1418 453 tur
1439 413 1682 465 Reparator.

1402 486 1467 523 23.
1495 484 1668 526 Dicebat
1689 487 1831 526 autem
1852 485 1909 526 ad
1928 495 2085 535 omnes,
2104 488 2181 525 etc.
2200 485 2372 526 Ostenso

1348 552 1525 603 qualiter
1552 554 1741 595 Christus
1769 556 2001 596 secundum
2036 555 2160 596 fidem
2190 558 2252 596 est
2270 567 2374 607 cog-

1347 623 1601 671 noscendus,
1624 624 1691 664 hic
1723 627 1904 666 secundo
1933 626 2167 666 ostenditur
2195 626 2375 678 qualiter

1348 705 1422 746 per
1441 705 1609 733 crucem
1637 698 1696 734 est
1723 696 1971 747 imitandus,
1996 697 2096 749 qnia
2126 696 2228 737 fides
2259 708 2375 736 mor-

1348 765 1421 802 tua
1436 766 1498 803 est
1517 764 1605 804 sine
1625 766 1836 816 operibus.
1869 766 2078 815 Quoniam
2104 770 2246 808 autem
2265 767 2376 808 diffi-

1349 833 1425 874 cile
1444 837 1506 874 est
1527 838 1691 886 portare
1719 848 1887 876 crucem
1902 868 1911 885 ,
1937 837 2030 877 ideo
2053 838 2105 877 ad
2125 838 2204 878 hoc
2223 837 2376 878 invitat

1349 904 1613 957 quadruplici
1635 906 1986 957 consideratione,
2007 907 2161 947 scilicet
2186 920 2239 947 ex
2271 920 2375 948 con-

1349 975 1600 1016 sideratione
1615 976 1680 1016 sui
1695 977 1871 1029 exempli
1895 1009 1905 1027 ,
1925 977 2082 1030 proprii
2103 977 2292 1029 periculi,
2307 978 2377 1018 fu-

1348 1045 1435 1084 turi
1450 1045 1596 1097 Judicii
1620 1078 1633 1095 ¹,
1664 1049 1704 1086 et
1722 1047 1846 1098 regni
1866 1047 1997 1088 divini
2023 1060 2032 1087 z
2056 1050 2104 1087 ut
2123 1047 2157 1087 si
2177 1059 2263 1087 non
2286 1059 2375 1087 mo-

1349 1118 1449 1155 vent
1474 1116 1653 1165 monita,
1676 1120 1875 1157 moveant
1893 1118 2107 1170 exempla,
2130 1117 2199 1158 vel
2229 1117 2376 1157 saltem

1350 1186 1550 1238 pericula,
1567 1187 1635 1228 vel
1656 1190 1765 1227 certe
1780 1188 1922 1228 futura
1934 1188 2107 1240 judicia,
2120 1188 2187 1229 vel
2208 1187 2376 1228 tandem

1350 1257 1568 1308 promissa.
1606 1257 1747 1298 Primo
1784 1258 1917 1309 igitur
1950 1258 2103 1298 invitat
2143 1258 2377 1298 considera-

1349 1327 1462 1367 tione
1495 1328 1559 1367 sui
1592 1328 1797 1380 exempli,
1820 1341 1917 1368 cum
1946 1329 2072 1369 dicit:
2098 1328 2269 1370 Dicebat
2300 1339 2375 1369 au-

1351 1401 1433 1438 tem
1453 1397 1511 1438 act
1531 1407 1671 1439 omnes
1691 1412 1706 1438 .·
1727 1398 1780 1438 Sz'
1799 1400 1896 1450 quis
1919 1399 2009 1440 vult
2027 1402 2120 1450 post
2138 1410 2201 1440 me
2218 1400 2374 1449 venire,

1351 1467 1392 1507 id
1411 1471 1492 1517 051,
1516 1480 1584 1508 me
1613 1468 1769 1508 imitari
1801 1469 1852 1508 ad
1885 1469 1997 1521 quod
2029 1481 2114 1509 non
2148 1481 2256 1520 cogo
2274 1501 2283 1518 ,
2306 1470 2378 1510 sed

1351 1537 1501 1578 invito.
1524 1538 1620 1578 Ideo
1639 1538 1737 1578 dicit
1755 1553 1763 1579 :
1784 1538 1831 1581 St
1845 1541 1941 1591 quis
1962 1539 2052 1581 vult
2071 1539 2084 1561 ⁹
2104 1553 2112 1579 ε
2136 1554 2154 1577 (ι
2170 1539 2213 1580 Si
2235 1540 2378 1581 volue-

1351 1608 1411 1647 ris
1431 1609 1627 1649 mandata
1647 1621 1836 1660 servare,
1861 1610 2172 1650 conservabunt
2192 1613 2246 1650 te.
2268 1625 2287 1647 ›>
2311 1610 2380 1651 Se-

1352 1678 1497 1730 quitur
1522 1692 1530 1719 :
1560 1693 1579 1716 «
1608 1678 1815 1731 Apposuit
1846 1679 1920 1719 tibi
1951 1692 2101 1732 aquam
2133 1684 2173 1721 et
2200 1681 2374 1732 ignem:

1352 1748 1405 1788 ad
1424 1749 1537 1801 quod
1562 1748 1771 1799 volueris,
1796 1749 1967 1802 porrige
1997 1763 2173 1791 manum
2201 1754 2334 1791 tuam.
2354 1765 2373 1788 ›)

1353 1817 1470 1859 Unde
1491 1818 1813 1872 Chrysostomus
1834 1820 1886 1860 ¹⁰:
1917 1836 1935 1859 ε(
1955 1820 1999 1861 Si
2022 1822 2116 1874 quis
2136 1834 2290 1862 aurum
2311 1822 2380 1862 da-

1353 1891 1436 1939 ret,
1457 1892 1529 1929 aut
1552 1890 1800 1930 thesaurum
1829 1895 2080 1943 apponeret,
2102 1904 2188 1932 non
2211 1895 2381 1933 vocaret

1354 1972 1449 1999 cum
1471 1959 1694 2011 violentia,
1719 1961 1789 2001 sed
1810 1965 2028 2002 currerent
2047 1974 2193 2003 omnes
2216 1977 2224 2002 :
2247 1963 2380 2004 multo

1355 2030 1495 2082 magis
1515 2031 1568 2071 ad
1589 2043 1637 2071 ea
1657 2044 1753 2084 quae
1775 2034 1872 2072 sunt
1890 2033 1935 2072 111
1961 2033 2086 2074 000115.
2111 2033 2153 2074 Si
2172 2033 2284 2074 enim
2305 2046 2381 2074 na-

1354 2103 1451 2141 tura
1467 2113 1612 2142 rerum
1632 2102 1855 2154 persuadet
1874 2115 2058 2154 currere,
2076 2104 2110 2143 si
2124 2116 2210 2145 non
2229 2104 2380 2155 curris,

1356 2184 1441 2212 non
1458 2184 1502 2212 es
1519 2172 1676 2224 dignus
1696 2173 1896 2225 accipere.
1918 2188 1937 2211 n
1957 2173 2052 2214 Ideo
2072 2174 2194 2215 dicit:
2221 2174 2267 2216 Sz‘
2286 2175 2383 2227 quis

1356 2243 1447 2285 vult
1465 2243 1709 2295 exemplum
1729 2255 1873 2284 meum
1896 2244 2030 2296 sequi,
2048 2245 2222 2297 abneqet
2240 2249 2385 2288 Semet-

1356 2313 1499 2363 ipsum
1519 2325 1593 2364 per
1614 2313 1902 2354 omnimodam
1928 2314 2213 2354 humilitatem
2227 2345 2237 2363 ‚
2260 2314 2384 2366 capti-

1357 2382 1494 2422 vando
1517 2395 1691 2423 sensum
1713 2414 1723 2432 ‚
1756 2383 1955 2423 affectum
1985 2386 2025 2424 et
2051 2383 2311 2424 intellectum
2339 2384 2384 2424 in

1358 2453 1509 2493 Christi
1528 2454 1779 2506 obsequium
1795 2469 1806 2504 ;
1828 2455 1942 2507 quod
1963 2457 2079 2495 notat
2097 2455 2142 2494 in
2165 2454 2244 2495 hoc
2270 2454 2384 2507 quod

1358 2523 1456 2564 dicit
1478 2537 1488 2564 ε
1513 2524 1804 2577 Semetipsum.
1828 2524 1878 2565 Et
1896 2525 1977 2566 hoc
1997 2527 2061 2566 est
2078 2525 2301 2566 consilium
2318 2526 2344 2547 ¹¹
2370 2539 2379 2566 :

1365 2608 1384 2632 <‹
1416 2593 1604 2634 Humilia
1633 2595 1755 2636 valde
1786 2595 1981 2648 spiritum
2014 2597 2136 2636 tuum
2162 2609 2208 2633 :n
2235 2598 2275 2636 01
2306 2595 2385 2636 1100

1358 2665 1531 2717 quidem
1547 2666 1827 2707 necessarium
1849 2670 1912 2707 est
1930 2666 2087 2708 volenti
2107 2666 2229 2719 sequi
2249 2666 2386 2706 humi-

1358 2735 1443 2776 lem
1462 2736 1690 2777 Christum.
1707 2736 1825 2777 Unde
1846 2737 2078 2788 Gregorius
2090 2737 2135 2777 in
2154 2736 2298 2777 Glossa
2318 2739 2348 2761 ¹²
2370 2750 2384 2776 .·

1367 2805 1485 2846 «Nisi
1500 2807 1595 2859 quis
1613 2819 1638 2847 a
1657 2807 1791 2860 seipso
1811 2807 1989 2858 deficiat,
2009 2808 2061 2849 ad
2081 2820 2194 2859 eum,
2218 2808 2291 2860 qui
2310 2820 2385 2848 su-

1359 2889 1436 2929 pra
1461 2880 1554 2927 est,
1579 2890 1666 2918 11011
1685 2879 2008 2931 appropinquat.
2031 2892 2049 2916 »
2077 2878 2158 2919 Sed
2189 2878 2269 2919 hoc
2301 2890 2387 2919 non

1360 2948 1535 2998 sufficit3
1553 2951 1593 2989 et
1611 2948 1704 2989 ideo
1715 2949 1828 2989 addit
1843 2961 1853 2989 ε
1869 2950 1925 2991 Ec
1942 2948 2059 2991 tollat
2081 2960 2245 2991 crucem
2264 2959 2387 2991 suam

1361 3019 1576 3072 quotidie,
1612 3031 1686 3072 per
1721 3019 1965 3060 continuam
1997 3020 2310 3071 austeritatem,
2339 3022 2387 3060 ut

1361 3090 1490 3143 possit
1519 3090 1655 3132 dicere
1680 3090 1784 3130 illud
1814 3090 1936 3131 Pauli
1959 3091 1986 3112 ¹³
2023 3104 2032 3131 :
2057 3089 2258 3131 «Christo
2290 3102 2386 3131 con-

1361 3161 1473 3202 fixus
1485 3173 1582 3203 sum
1598 3161 1725 3201 011101.
1751 3176 1770 3198 »
1790 3161 1840 3201 Ε1
1859 3161 1962 3202 item
1976 3160 2003 3183 ¹⁴
2019 3176 2028 3204 :
2052 3161 2259 3214 «Semper
2276 3173 2388 3201 mor-

1362 3231 1634 3272 tificationem
1663 3233 1763 3272 Jesu
1785 3231 1938 3272 Christi
1969 3232 2015 3272 in
2045 3243 2216 3284 corpore
2243 3233 2388 3271 nostro

1364 3364 1413 3401 15,
1437 3362 1486 3391 16.
1507 3378 1546 3384 -
1567 3362 1594 3383 ¹⁰
1613 3361 1802 3403 Chrysost.,
1826 3361 1860 3392 in
1883 3361 2022 3400 Matth„
2049 3361 2143 3392 hom.
2171 3368 2240 3401 LVI,
2269 3361 2311 3393 al.
2337 3369 2392 3403 ιν,

1363 3417 1397 3439 11.
1418 3411 1447 3439 1.
1467 3425 1509 3431 -
1526 3409 1550 3430 1¹
1571 3409 1690 3449 Ecclc'.,
1714 3417 1774 3448 vn,
1797 3410 1847 3440 19.
1867 3425 1907 3432 -
1930 3410 1953 3431 ¹²
1970 3410 2085 3449 Greg.,
2106 3408 2142 3447 in
2160 3407 2261 3440 huncl
2283 3418 2337 3441 00.
2354 3427 2394 3433 -

1364 3456 1389 3478 1³
1410 3455 1500 3496 Gal„
1522 3464 1565 3496 11,
1589 3458 1639 3488 19.
1657 3473 1697 3480 -
1718 3456 1746 3478 ¹⁸
1763 3457 1789 3487 11
1813 3456 1902 3492 Cor„
1922 3463 1969 3495 ιν,
1991 3457 2042 3488 10.
