2634 3853
304 179 380 218 178

301 264 438 316 posita
453 262 635 305 miseriae
657 272 802 308 causa,
826 258 967 300 subdit
995 257 1120 297 latius
1141 255 1326 307 explica-

301 335 460 376 tionem
481 334 664 376 miseriae
680 365 690 383 ,
711 333 752 371 id
782 335 843 371 est
867 342 1002 383 poenae
1038 329 1205 379 culpam
1225 339 1323 367 con-

301 406 527 458 sequentis.
552 404 724 444 Poenam
759 400 994 441 manifestat
1030 398 1182 450 triplici
1210 409 1323 437 com-

300 476 514 528 paratione
537 487 546 514 :
572 474 707 525 primo
733 483 807 523 per
829 468 1161 520 compassionem
1183 472 1322 507 extra-

300 558 479 587 neorum
499 542 831 589 transeuntium;
855 539 1038 579 secundo
1064 550 1138 590 per
1163 539 1322 589 impro-

299 617 472 656 bitatem
500 612 838 655 adversariorum
870 609 1190 658 insultantium,
1224 608 1279 647 ibi
1314 622 1322 648 :

299 690 565 739 Aperuerunc
597 692 724 734 super
757 685 794 722 te
832 690 876 722 os
913 690 1063 729 suum;
1098 679 1220 719 tertio
1252 690 1326 731 per

299 756 654 809 comparationem
676 753 727 793 ad
758 752 953 792 divinum
988 750 1224 802 judicium,
1258 749 1325 789 vel

297 829 348 868 ad
385 827 590 867 ultionem
629 824 872 865 divinarum
919 821 1321 869 comminationum,

296 898 354 938 ibi
388 912 396 938 :
428 898 542 938 Fecit
576 896 781 938 Dominus
811 902 928 945 quoe,
960 894 1036 931 etc.
1074 891 1154 931 Pro
1187 890 1324 942 primo

297 969 395 1009 dicit
414 983 421 1008 :
448 968 700 1010 Plauserunc
719 974 843 1016 super
870 967 906 1004 te
928 962 1204 1014 Synagogam
1225 991 1235 1009 ,
1258 959 1325 1000 vel

297 1039 550 1086 Ecclesiam,
579 1049 661 1077 non
694 1034 901 1082 laetantis,
931 1032 1000 1072 sed
1033 1030 1325 1082 compatientis

297 1109 474 1159 affectu,
506 1111 553 1148 ut
584 1106 683 1147 dicit
717 1105 874 1145 Glossa.
903 1102 996 1143 Non
1028 1102 1140 1141 enim
1173 1101 1218 1140 in
1247 1101 1325 1140 hoc

296 1179 538 1227 insultatio,
581 1177 652 1217 sed
697 1176 785 1216 sola
824 1185 1030 1214 manuum
1072 1171 1326 1222 intelligitur

297 1250 471 1300 collisio;
494 1261 591 1302 quae
608 1247 834 1300 aliquando
855 1245 1079 1298 gaudium,
1096 1242 1325 1295 aliquando

297 1321 642 1369 admonitionem,
667 1317 894 1369 aliquando
907 1314 1241 1367 compassionem
1264 1313 1325 1352 in-

299 1393 421 1433 dicat.
451 1391 604 1440 Aliter,
643 1389 676 1428 si
699 1387 750 1428 de
780 1387 929 1439 plausu
957 1385 1139 1425 miseriae
1171 1383 1322 1423 intelli-

298 1463 432 1515 gitur,
454 1461 503 1501 de
522 1459 706 1500 inimicis
725 1457 990 1508 intelligitur.
1017 1455 1166 1496 Omnes
1188 1458 1326 1496 trans-

299 1536 438 1574 euntes
475 1541 552 1583 per
583 1530 699 1572 viam
730 1541 744 1567 .·
777 1539 830 1567 ex
869 1538 954 1579 quo
988 1526 1127 1576 magis
1158 1525 1327 1565 videtur

299 1602 592 1655 compatiendo
618 1599 724 1647 dici,
758 1610 889 1650 quam
922 1596 1139 1636 minando.
1179 1595 1327 1636 Omnes

299 1675 585 1722 transeuntes,
610 1671 683 1723 qui
701 1670 874 1709 fuerunt
893 1668 1108 1716 extranei,
1130 1667 1232 1718 quia
1251 1678 1327 1717 per

297 1744 379 1784 hoc
397 1743 509 1796 quod
540 1741 828 1788 transierunt,
864 1738 1033 1778 aliunde
1065 1737 1256 1786 venisse,
1287 1738 1329 1776 et

299 1813 380 1855 alio
407 1814 578 1854 tendere
603 1812 944 1852 demonstrantur
969 1823 977 1848 :
1002 1807 1173 1848 aliunde
1196 1819 1325 1848 vene-

297 1886 400 1925 runt
430 1883 639 1935 sanguine
658 1881 833 1930 diversi3
867 1880 947 1919 alio
976 1878 1155 1919 tendunt
1187 1878 1325 1917 inten-

298 1955 443 1995 tione:
467 1957 507 1994 et
537 1956 679 1993 tamen
710 1954 828 1991 tanta
860 1950 940 1990 erit
970 1948 1196 1998 desolatio,
1231 1961 1327 2001 quae

299 2025 455 2065 alienos
491 2024 543 2064 ad
582 2022 914 2075 compassionem
954 2020 1174 2060 inclinaret
1211 2019 1326 2059 illam

299 2096 567 2136 afflictionem
586 2094 788 2134 videntes
827 2091 1127 2141 sibilaverunt,
1153 2102 1241 2142 pree
1261 2090 1329 2130 ad-

299 2165 524 2206 miratione
562 2179 571 2204 :
615 2163 760 2203 sibilus
799 2162 914 2202 enim
953 2162 1140 2202 diversas
1172 2161 1328 2201 indicat

300 2237 542 2278 affectiones
581 2249 589 2275 z
629 2234 852 2287 aliquando
895 2235 1205 2284 contemptum3
1251 2232 1325 2271 ali-

302 2320 413 2360 quan
420 2307 472 2347 do
485 2305 718 2354 fastidium3
733 2303 958 2356 aliquando
970 2303 1304 2355 desperationem
1316 2317 1324 2352 3

302 2377 529 2431 aliquando
553 2375 840 2416 blandimenta
868 2374 1069 2414 insinuat.
1107 2375 1163 2413 Et
1195 2384 1330 2415 move-

301 2453 404 2491 runt
423 2448 567 2500 capita
595 2457 693 2497 sua,
718 2458 805 2498 prae
830 2447 1021 2497 stupore,
1046 2444 1154 2484 sicut
1173 2444 1327 2496 praedi-

300 2520 366 2561 xit
384 2525 396 2544 ¹
421 2533 430 2559 :
459 2534 478 2557 «
500 2518 659 2558 Ponam
679 2529 750 2557 eos
779 2517 823 2556 in
851 2519 1068 2568 stuporem
1095 2518 1135 2554 et
1165 2514 1209 2554 in
1232 2515 1330 2555 sibi-

300 2591 405 2631 lum.
441 2605 459 2627 »
498 2588 730 2629 Commotio
770 2586 916 2638 capitis
953 2585 1180 2637 aliquando
1216 2585 1328 2625 indi-

304 2660 550 2712 gnationem
568 2691 577 2709 ,
613 2657 840 2709 aliquando
871 2656 1185 2696 insultationem
1204 2687 1213 2704 ,
1251 2656 1330 2695 ali-

303 2731 472 2784 quando
504 2729 716 2777 dolorem,
739 2726 966 2779 aliquando
996 2726 1329 2778 desperationem

305 2799 514 2853 exprimit.
549 2798 665 2850 Ergo
704 2798 747 2837 in
787 2796 966 2848 plausu,
998 2796 1251 2848 compassio;
1287 2798 1329 2836 in

304 2870 440 2920 sibilo,
462 2868 703 2918 admiratio3
726 2868 770 2907 in
790 2867 976 2907 motione
997 2866 1157 2919 capitis,
1182 2867 1328 2919 despe-

303 2942 411 2984 ratio
430 2940 698 2991 intelligitur.
730 2938 805 2979 Vel
835 2938 878 2977 in
913 2938 1065 2990 plausu
1094 2950 1327 2989 manuum,

304 3012 458 3053 ablatio
478 3010 696 3063 potentiae3
718 3010 763 3049 in
778 3008 914 3058 sibilo,
937 3008 1092 3048 ablatio
1103 3009 1326 3059 doctrinae;

304 3086 348 3126 in
372 3084 557 3126 motione
577 3082 745 3133 capitis,
767 3080 920 3120 ablatio
940 3080 1079 3119 omnis
1100 3080 1273 3120 honoris
1290 3083 1331 3120 et

307 3155 457 3208 gloriae
474 3153 735 3204 designatur.
761 3150 897 3202 Super
920 3150 1058 3200 filiam
1077 3150 1327 3198 Jerusalem,

304 3226 346 3266 id
370 3226 445 3274 est,
469 3222 633 3276 plebem
648 3220 667 3260 J
675 3220 878 3269 udaicam,
898 3220 1082 3260 (licentes
1103 3231 1116 3258 .·
1138 3220 1329 3261 Hseccine

306 3299 366 3338 est
388 3294 486 3336 urbs
511 3292 689 3345 perfecti
714 3290 899 3340 decoris,
930 3303 1027 3342 quae
1049 3290 1148 3329 olim
1178 3290 1331 3331 seilicet

303 3378 393 3408 esse
409 3364 589 3412 solebat,
618 3360 827 3413 ,claudium
849 3362 1058 3402 universce
1085 3365 1233 3410 terroe,
1255 3360 1331 3401 Ju-

345 3448 357 3470 ¹
374 3448 508 3486 ,lm-em„
529 3454 604 3484 XIX,
622 3447 652 3476 8.
672 3461 712 3466 —-
731 3443 743 3462 2
763 3445 843 3484 Jsa„
864 3451 916 3482 LV,
940 3446 990 3474 12.
1008 3460 1047 3465 —
1068 3442 1108 3481 (a)
1139 3443 1218 3473 Cret.
1245 3442 1326 3475 edit.

648 170 920 217 EXPOSITIO
950 169 1004 210 IN
1034 166 1478 209 LAMENTATioNES
1506 167 1743 208 JEREMIAE
1774 166 2083 208 PROPHETAE.

1403 255 1506 296 daeae
1533 268 1542 296 :
1566 255 1685 304 Quod
1706 257 1876 307 propter
1894 255 2102 307 templum
2122 254 2350 306 dicebatur,
2376 256 2429 296 ad

1401 326 1513 377 quod
1545 328 1606 365 ter
1642 326 1686 364 in
1718 336 1830 364 anno
1863 325 2163 373 ascendebant,
2198 324 2351 364 scilicet
2384 324 2426 364 in

1402 394 1575 446 Pascha,
1599 398 1640 436 et
1660 396 1703 435 in
1735 395 1991 443 Pentecoste,
2013 397 2053 434 et
2072 394 2333 447 Scenopegia
2356 396 2423 446 (a).

1415 469 1419 471 ’
1455 465 1688 514 Moraliter,
1730 477 1804 517 per
1839 464 1955 504 viam
1992 465 2236 513 transeunt,
2275 465 2347 516 qui
2385 465 2428 503 in

1400 536 1593 587 praesenti
1610 536 1697 577 vita
1715 536 1767 575 ad
1782 534 1962 587 patriam
1981 533 2228 586 quotidiano
2242 535 2430 586 profectu

1400 605 1594 645 tendunt.
1619 606 1649 645 Ii
1670 617 1795 657 super
1817 596 2106 644 multitudinis
2119 602 2331 643 miseriam
2346 615 2432 643 ma·

1400 687 1480 715 nus
1494 675 1714 727 plaudunt,
1730 675 1830 727 quia
1845 673 2051 725 exemplis
2063 685 2240 725 operum
2255 685 2431 714 suorum

1401 756 1471 786 eos
1497 745 1549 785 ad
1574 746 1685 786 bona
1704 758 1832 798 opera
1859 744 2119 785 accendunt:
2136 743 2150 764 2
2173 758 2192 781 <‹
2212 742 2372 784 Montes
2392 746 2432 783 et

1401 815 1525 856 colles
1562 816 1794 855 cantabunt
1825 826 1969 855 coram
2008 813 2127 853 vobis
2162 813 2354 864 laudem,
2393 816 2433 853 et

1400 886 1544 926 omnia
1564 887 1684 938 ligna
1705 886 1896 938 regionis
1920 885 2120 938 plaudent
2142 897 2288 924 manu.
2309 899 2328 922 »
2353 883 2432 925 Per

1399 957 1587 1007 sibilum,
1611 957 1684 1009 qui
1705 956 1830 997 scribi
1849 968 1935 996 non
1955 957 2103 1008 potest,
2127 954 2432 1008 inexplicabilis

1400 1027 1628 1068 consolatio
1644 1059 1653 1077 ,
1684 1026 1753 1067 vel
1785 1026 2019 1078 compassio
2048 1026 2329 1077 intelligitur,
2352 1028 2429 1066 etc.

1399 1097 1450 1138 Et
1470 1110 1597 1150 supra
1624 1097 1815 1149 exposita
1836 1099 1949 1136 sunt.

1452 1168 1552 1209 Phe.
1562 1169 2029 1220 Aperueruntsuperte,
2040 1169 2118 1207 etc.
2133 1166 2237 1207 Ecce
2250 1167 2433 1207 secundo

1399 1241 1624 1281 declaratio
1656 1252 1794 1293 poenae
1826 1251 1900 1292 per
1932 1239 2250 1291 improbitatem
2280 1239 2432 1280 adver-

1400 1311 1611 1350 sariorum
1625 1341 1634 1359 ,
1657 1321 1840 1362 quorum
1873 1309 2119 1361 improbitas
2139 1309 2432 1349 manifestatur

1400 1381 1537 1434 primo
1551 1393 1605 1421 ex
1623 1380 1759 1431 signis
1777 1380 1841 1432 (b),
1859 1379 2008 1420 deinde
2027 1391 2079 1419 ex
2098 1379 2239 1419 verbis
2263 1394 2270 1419 :
2288 1380 2340 1421 Et
2359 1379 2432 1421 cli-

1400 1458 1559 1494 oeerunt
1591 1466 1600 1492 z
1628 1451 1950 1493 Devorabz'mus.
1985 1450 2119 1502 Signa
2140 1450 2311 1502 quidem
2334 1453 2434 1490 sunt

1401 1523 1656 1571 cachinnUS,
1688 1522 1859 1572 sibilus,
1883 1524 1923 1562 et
1943 1521 2091 1561 deinde
2126 1521 2334 1561 fremitus.
2358 1521 2432 1562 Ca-

1401 1594 1584 1634 chinnus
1603 1592 1874 1642 intelligitur,
1898 1603 1996 1631 cum
2023 1595 2281 1642 aperuerunt
2309 1602 2437 1643 super

1402 1668 1438 1706 te
1467 1675 1510 1706 os
1538 1675 1662 1706 suum
1687 1673 1828 1704 omnes
1850 1662 2023 1703 inimic-i
2053 1662 2133 1702 tui.
2164 1661 2437 1713 Aperuerunt

1401 1747 1521 1786 ergo,
1550 1733 1713 1786 supple,
1739 1732 1791 1772 ad
1811 1731 2108 1782 animandum3
2135 1732 2434 1784 sibilaverunt,

1399 1805 1692 1859 provocand0;
1728 1808 1768 1846 ec
1794 1805 2058 1855 fremuerunt
2092 1802 2308 1853 dentibus,
2331 1804 2435 1844 deti-

1400 1876 1555 1917 nendo.
1579 1876 1633 1917 Et
1654 1875 1864 1916 dixerunt
1881 1887 1894 1912 :
1909 1885 2002 1914 ecce
2018 1873 2254 1924 indignatio
2272 1878 2437 1914 ostensa

1400 1948 1445 1987 in
1463 1947 1630 1987 verbis:
1653 1946 1807 1999 primo,
1832 1944 2110 1994 crudelitatis3
2134 1944 2283 1985 deinde
2294 1944 2437 1998 impiae

1397 2016 1698 2070 jucunditatis,
1735 2016 1793 2056 ibi
1829 2030 1838 2056 t
1874 2015 1942 2056 En
1978 2015 2065 2056 ista
2097 2018 2159 2057 esc
2184 2015 2277 2057 dies
2308 2027 2436 2068 quam

1402 2087 1737 2140 expectabamus.
1772 2085 1876 2125 Dicit
1904 2097 2010 2136 ergo
2042 2097 2052 2124 ε
2090 2086 2152 2127 Et
2180 2085 2388 2128 dioeerunt
2421 2101 2437 2127 .-

1402 2159 1707 2201 Devorabimus
1732 2168 1846 2207 eam,
1868 2156 1911 2196 id
1931 2159 2018 2206 est,
2041 2157 2180 2208 poenis
2199 2157 2251 2198 ad
2271 2157 2437 2198 libitum

1402 2230 1668 2271 destruemus
1690 2243 1699 2268 ι
1724 2230 1796 2269 En
1818 2229 1904 2268 isla
1924 2230 1986 2269 est
2010 2227 2128 2278 dies,
2150 2239 2279 2281 quam
2292 2239 2439 2282 expec-

1403 2301 1615 2351 tabamus,
1662 2298 1956 2347 desiderando;
2005 2299 2270 2349 invenimus,
2317 2312 2435 2352 quae-

1401 2371 1554 2421 10011ος
1585 2370 1792 2420 vidimus,
1816 2368 2062 2409 exultando.

1457 2440 1758 2493 Spiritualiter,
1799 2439 1960 2479 inimici
1994 2438 2210 2490 Ecclesiae,
2250 2440 2439 2482 haeretici

1403 2524 1530 2564 super
1559 2511 1787 2552 Ecclesiam
1817 2523 1890 2551 ora
1925 2511 2146 2563 aperiunt,
2175 2512 2344 2564 quando
2370 2513 2438 2555 vel

1403 2583 1616 2635 simplices
1657 2582 1886 2631 invadunt,
1918 2581 1988 2624 vel
2020 2586 2233 2635 aucupant
2267 2583 2341 2636 (b);
2371 2585 2440 2625 vel

1402 2654 1614 2704 laetantur,
1638 2665 1735 2693 cum
1765 2653 1950 2693 defectus
1971 2653 2118 2695 vident
2139 2654 2438 2695 ecclesiastica-

1402 2737 1498 2765 rum
1520 2736 1816 2777 personarum.
1843 2724 1889 2764 In
1910 2724 2033 2764 sibilo
2052 2724 2208 2765 blanda
2227 2727 2270 2766 et
2291 2725 2440 2767 callida

1402 2795 1659 2847 intelligitur
1693 2794 1934 2847 persuasio,
1969 2806 2056 2846 qua
2086 2795 2295 2847 simplices
2325 2797 2437 2837 deci-

1403 2866 1539 2918 piunt.
1554 2858 1763 2906 Fremunt
1776 2865 1987 2917 dentibus,
2002 2865 2103 2918 quia
2113 2878 2164 2906 ex
2177 2879 2336 2918 magna
2347 2868 2439 2909 avi·
2456 2861 2460 2863 ’

1409 2936 1539 2977 ditate
1559 2935 1886 2988 procedunt.Vel
1905 2936 2043 2976 dicas:
2066 2936 2226 2977 inimici
2246 2937 2442 2989 aperiunt

1403 3018 1450 3047 os
1470 3019 1546 3059 per
1564 3006 1950 3057 machinationem;
1974 3006 2143 3046 sibilant
2162 3018 2238 3059 per
2254 3018 2439 3059 sugges-

1402 3077 1563 3117 tionem
1586 3089 1596 3116 :
1626 3077 1816 3117 fremunt
1844 3077 2057 3127 dentibus,
2087 3077 2366 3129 pertrahendo
2387 3079 2440 3120 ad

1402 3147 1723 3188 subversionem
1744 3150 1784 3187 et
1802 3149 2004 3187 aeternam
2024 3147 2354 3189 damnationem.

1455 3216 1584 3266 Nota,
1611 3217 1725 3269 quod
1756 3217 1825 3257 hic
1856 3218 2047 3256 mutatur
2073 3218 2176 3258 ordo
2195 3218 2432 3271 alphabeti3

1403 3286 1502 3339 quia
1537 3287 1770 3327 secundum
1805 3286 2114 3338 Hieronymum
2142 3290 2183 3328 et
2214 3288 2435 3330 Rabanum

1401 3357 1472 3397 hic
1495 3347 1667 3409 ponitur
1685 3356 1766 3398 Phe
1788 3359 1884 3397 ante
1915 3357 2027 3408 Ain,
2055 3370 2153 3399 cum
2174 3371 2197 3400 e
2224 3360 2434 3401 contrario

1403 3438 1693 3479 scenophegia.—
1713 3438 1755 3477 (b)
1778 3440 1858 3471 Item
1877 3439 2012 3480 linguis.
2028 3457 2069 3464 —-
2090 3442 2126 3481 (c)
2150 3443 2230 3474 Item
2252 3444 2431 3483 occupant.
