2587 3845
26 2643 166 2671 Memoria

36 2683 150 2711 duobus

24 2725 118 2752 modis
129 2734 165 2753 ex

24 2765 137 2794 colitur.

1144 158 1314 202 CAPUT
1345 161 1394 200 ll.

186 252 333 295 eodem
364 251 501 292 calore
526 249 667 302 frigus
696 248 822 289 nubis
841 248 894 289 ad
920 247 1120 288 interiora
1146 247 1211 289 fu-

187 325 330 375 gante,
348 321 461 362 etsie
472 332 548 374 per
558 320 749 361 accidens
762 321 902 372 partes
915 317 1028 358 illius
1045 317 1212 358 nebulae

186 392 486 442 condensante,
500 392 609 431 etsie
624 392 903 442 aggravante,
924 389 1017 429 etin
1031 401 1141 440 aqua
1159 388 1209 440 (a)

186 465 333 516 postea
357 462 610 503 resolvente.
634 465 644 486 1
670 475 688 498 «
708 459 856 500 Subito
882 471 954 499 aer
973 461 1150 510 cogetur
1169 459 1213 498 in

184 533 332 583 nubes,
375 535 415 573 et
446 535 599 573 ventus
634 531 844 572 transiens
880 529 1049 581 fugabit
1080 541 1206 570 eas.»

184 608 195 648 ἶ
237 607 278 644 4.
297 604 351 645 Ei
369 613 520 645 nomen
547 606 755 652 nostrum,
776 604 855 642 etc.
887 600 962 641 Hic
982 600 1214 641 ostenditur

185 686 309 716 causa
325 673 485 715 motiva
512 685 566 714 ex
584 675 703 726 parte
730 673 872 722 famae,
895 671 964 712 'vel
995 670 1180 712 nominis
1202 683 1213 711 :

184 747 226 786 et
240 745 378 797 primo
403 744 594 797 tangitur
621 743 746 783 famae
779 741 976 792 aboliti03
1011 741 1209 791 secundo,

183 815 420 857 abolitionis
448 815 569 864 ratio,
602 814 660 855 ibi
683 828 692 854 :
721 813 872 855 Umbra
903 813 1016 855 enim
1049 813 1211 854 transi-

186 890 271 936 ius,
290 887 372 927 etc.

237 955 343 997 Dicit
371 967 477 1008 ergo
499 969 508 997 :
529 957 590 998 Et
617 965 788 1005 nomen,
817 954 938 1007 quasi
959 954 1067 994 dicat
1090 968 1098 994 ε
1122 953 1213 994 Non

184 1029 352 1069 tantum
379 1027 560 1068 essentia
576 1027 645 1068 vel
665 1026 902 1067 substantia
933 1028 1076 1066 nostra
1096 1028 1211 1065 tran-

185 1098 284 1138 sibit
303 1097 346 1138 in
372 1097 578 1148 nihilum,
599 1097 671 1138 sed
694 1100 733 1139 ei
762 1107 911 1139 nornen
934 1099 1147 1146 nosirwn3
1173 1095 1214 1136 id

185 1170 261 1218 est,
281 1168 393 1208 fama
418 1168 557 1220 quoad
583 1179 829 1220 personam,
862 1166 1113 1209 oblivionem
1142 1177 1211 1208 ac-

185 1238 316 1290 cipiet
355 1248 427 1290 per
472 1242 658 1289 tempus,
692 1237 734 1277 id
775 1240 851 1287 est,
887 1236 1086 1290 temporis
1117 1237 1212 1277 diu-

184 1308 432 1349 turnitatem
446 1312 460 1333 ²
473 1322 482 1346 :
494 1313 498 1317 ⁴
508 1322 526 1344 «
540 1307 701 1347 Nomen
715 1306 946 1359 impiorum
959 1309 1208 1358 putrescet.»

184 1377 242 1421 Ei
257 1387 376 1419 nemo
390 1377 557 1419 habebit
578 1377 823 1418 memoriam
855 1386 1026 1429 operum
1052 1381 1215 1418 nostro-

185 1458 280 1490 rum
299 1448 438 1501 quoad
463 1447 612 1489 vitam.
635 1447 648 1469 ³
673 1445 914 1486 «Memoria
945 1447 1038 1498 eJus
1071 1450 1215 1499 pereat

185 1518 236 1559 de
254 1521 380 1560 terra.
403 1533 423 1557 n
448 1518 551 1559 ltem
585 1518 629 1557 in
659 1517 826 1558 Psalmo
846 1517 859 1538 ¹*
888 1531 897 1557 ε
926 1532 944 1555 <‹
965 1516 1094 1558 Periit
1129 1529 1214 1558 me-

185 1589 321 1630 moria
339 1600 488 1630 eorum
521 1600 622 1629 cum
654 1588 809 1629 sonitu.
833 1602 852 1625 »
881 1587 931 1628 Et
951 1599 973 1627 e
994 1590 1141 1628 contra
1164 1588 1176 1609 ⁵
1202 1603 1209 1628 :

192 1659 276 1701 «In
293 1661 498 1701 memoria
517 1663 675 1700 aeterna
707 1660 786 1700 erit
811 1660 1004 1711 justus.»
1037 1659 1117 1700 Sed
1137 1659 1210 1699 oh-

179 1731 342 1784 jicitur,
365 1732 480 1784 quod
498 1743 625 1784 opera
650 1731 885 1771 multorum
916 1730 1210 1783 reproborum,

184 1801 340 1843 scilicet
361 1801 475 1853 Cain,
507 1801 755 1852 Pharaonis,
786 1800 978 1851 Neronis,
1011 1803 1106 1851 etc.,
1139 1801 1211 1841 ad-

183 1871 269 1913 huc
289 1875 592 1914 memorantur.
616 1872 864 1921 Dicendum,
886 1871 999 1923 quod
1032 1871 1212 1912 verbum

181 1942 295 1983 istud
313 1945 377 1983 est
407 1942 588 1984 verbum
614 1942 892 1994 reproborum
917 1956 926 1981 :
951 1944 992 1982 et
1018 1942 1110 1983 ideo
1126 1954 1212 1983 non

181 2016 243 2054 est
263 2013 566 2055 inconveniens
604 2013 739 2054 dicere
776 2013 880 2054 illud
916 2025 1006 2055 esse
1037 2014 1207 2055 falsum.

181 2082 255 2126 Vel
273 2083 519 2134 dicendum,
540 2084 653 2136 quod
684 2096 770 2124 non
803 2087 1098 2125 memorantur
1129 2097 1213 2126 me-

180 2154 317 2195 moria
334 2154 558 2205 laudabili,
577 2154 645 2195 vel
663 2154 725 2195 eis
744 2154 863 2205 utili;
887 2155 938 2196 de
968 2155 1048 2196 hac
1067 2159 1211 2197 autem

179 2227 369 2280 loquitur
387 2227 470 2267 bic.
492 2226 574 2268 Sed
592 2227 812 2279 objicitur,
834 2228 946 2280 quod
978 2229 1212 2270 multorum

180 2297 461 2350 reproborum
480 2297 587 2337 facta
606 2297 786 2338 celebria
811 2300 852 2338 et
872 2297 1101 2339 laudabilia
1119 2312 1208 2341 me-

180 2369 416 2408 morantur.
437 2367 502 2407 Ad
520 2367 600 2407 hoc
617 2367 840 2408 dicendum
855 2400 865 2419 ,
888 2369 1000 2421 quod
1021 2369 1210 2421 ipsorum

181 2449 268 2478 non
287 2437 472 2488 fuerunt,
495 2438 567 2478 sed
584 2437 656 2478 Dei
682 2437 727 2477 in
747 2438 872 2490 ipsis,
901 2439 1139 2479 secundum
1159 2440 1208 2480 il-

181 2506 282 2547 lud⁶
304 2520 313 2546 :
341 2522 360 2546 (ι
379 2505 530 2548 Omnia
548 2518 675 2560 opera
694 2510 836 2547 nostra
857 2511 1056 2560 operatus
1077 2521 1122 2549 es
1134 2521 1209 2550 no-

183 2577 264 2628 bis,
285 2577 477 2618 Domine.
501 2592 520 2616 n

237 2649 277 2687 ὃ.
306 2647 371 2688 Ad
407 2648 731 2689 memorandum
765 2652 906 2689 autem
940 2649 1025 2690 duo
1064 2651 1208 2703 requi-

182 2719 362 2769 runtur,
404 2717 562 2759 scilicet
599 2719 718 2760 fortis
758 2719 1000 2772 impressio,
1049 2724 1090 2761 et
1130 2722 1208 2762 fre-

183 2799 318 2841 quens
355 2788 566 2830 reiteratio
606 2803 616 2830 :
657 2793 698 2830 et
735 2793 967 2843 utrumque
1001 2791 1204 2844 excludit,

181 2869 280 2900 cum
298 2859 440 2900 subdit
475 2871 486 2901 :
515 2859 674 2902 Umbroe
691 2863 806 2902 enini
834 2862 1061 2913 transitus,
1082 2875 1207 2915 prop-

181 2931 244 2970 ter
280 2930 523 2972 transeundi
561 2930 843 2972 velocitatem.
885 2931 898 2952 ⁷
940 2948 959 2971 «
992 2932 1087 2973 Dies
1119 2945 1211 2973 nos-

180 3000 235 3041 tri
254 3000 361 3042 sicut
380 3001 535 3042 umbra
563 3014 692 3054 super
724 3005 900 3054 terram,
937 3006 979 3044 et
1003 3004 1122 3045 nulla
1149 3009 1212 3045 est

181 3082 316 3112 mora.
337 3086 357 3110 n
388 3071 560 3124 Umbrce,
583 3072 773 3125 inquam,
796 3075 1008 3118 transitus
1028 3080 1088 3117 esi
1102 3079 1206 3118 icm-

178 3152 261 3193 pus
276 3146 483 3194 nostrum,
513 3143 556 3183 id
588 3146 674 3193 est,
713 3144 828 3196 quod
865 3145 917 3185 ad
950 3146 1209 3187 voluntatem

180 3215 368 3254 nostram
378 3213 626 3266 faciendam,
642 3226 729 3255 non
739 3214 811 3256 Dei
821 3216 1100 3268 expendimus
1116 3232 1125 3258 :
1136 3218 1209 3259 sed

224 3341 235 3362 ¹
255 3341 327 3384 Job,
348 3351 485 3385 xxxvii,
506 3346 559 3376 21.
583 3361 622 3369 —
640 3346 654 3366 2
671 3345 781 3385 Prov.,
805 3353 848 3386 x,
869 3349 898 3383 7,
916 3364 958 3371 —
977 3348 988 3366 ³
1010 3347 1087 3389 Job,
1107 3355 1207 3391 xviii,

183 3389 234 3421 Π.
251 3406 287 3412 —-
307 3390 321 3411 '0
339 3390 428 3422 Psal.
448 3399 497 3432 ix,
517 3393 549 3424 7.
569 3408 610 3416 -
630 3393 644 3415 ⁶
662 3392 753 3425 Psal.
775 3400 848 3434 erl,
865 3395 896 3426 7.
915 3411 957 3417 —
974 3395 988 3417 ⁶
1009 3396 1088 3437 Isa.,
1108 3403 1205 3437 xxvi,

182 3437 235 3467 12.
253 3452 295 3460 —
315 3436 326 3457 ⁷
349 3438 359 3468 l
380 3438 547 3478 Paralia,
566 3447 670 3479 XXIX,
695 3440 745 3471 18.
767 3457 802 3462 —
827 3441 838 3458 ⁸
858 3441 955 3474 Psal.
980 3450 1097 3482 LXXIV,
1117 3444 1150 3475 3.
1169 3460 1204 3466 —

2267 180 2317 217 15

1290 248 1495 289 Dominus
1515 251 1770 305 quandoque
1783 255 1862 294 sibi
1882 257 2054 310 accipiet
2064 258 2203 311 ipsum
2213 265 2316 304 tem-

1288 331 1368 372 pus
1391 333 1401 361 ε
1424 318 1641 361 Psalmus²³
1656 335 1664 361 :
1681 321 1785 364 Cum
1804 337 2000 379 accepero
2019 332 2200 382 tempus,
2216 344 2313 385 ego,

1288 393 1373 431 etc:
1388 391 1533 434 Einon
1548 397 1611 436 esi
1636 397 1817 438 reversio
1839 398 1944 447 finis
1972 402 2124 449 nostri,
2147 405 2318 455 propter

1290 461 1494 501 redeundi
1541 463 1935 516 impossibilitatem.
1974 473 1987 494 ⁹
2028 485 2047 509 (ι
2079 470 2317 524 Antequam

1289 530 1468 581 vadam,
1500 536 1539 573 et
1570 546 1655 574 non
1692 539 1901 588 revertar,
1924 553 1942 576 n
1991 543 2069 581 etc.
2106 542 2318 593 Quoniam

1288 602 1543 655 consiqnuta
1573 608 1656 654 esi,
1692 605 1848 648 scilicet
1867 610 2054 652 reversio
2077 616 2243 663 nostra,
2276 613 2318 654 id

1288 674 1374 722 est,
1408 673 1487 713 sub
1524 673 1665 725 sigillo
1710 677 1864 719 clausa.
1902 679 2043 722 Glossa
2085 694 2094 721 z
2132 698 2151 721 (ι
2185 685 2319 724 consi-

1288 745 1434 794 gnata,
1456 745 1575 796 quasi
1602 758 1688 787 non
1709 760 1932 800 apparenS,
1954 752 2057 804 quia
2080 764 2166 793 non
2196 756 2271 794 est.
2294 770 2312 791 n

1288 813 1330 852 E
1332 815 1350 854 i
1370 823 1490 856 nemo
1510 818 1739 860 revertitur
1758 819 1810 859 ad
1830 820 1976 872 vitam,
2001 822 2155 863 scilicet
2173 836 2320 865 secun-

1288 882 1392 924 dum
1415 896 1688 927 communem
1721 888 1879 939 legem.
1911 890 2102 934 Psalmus
2130 893 2158 915 ¹⁰
2179 908 2187 935 :
2210 909 2229 933 α
2250 894 2320 935 Se-

1288 954 1465 1007 pulchra
1480 956 1632 998 domus
1646 958 1815 1000 illorum
1828 961 1871 1001 in
1886 965 2110 1014 aeternum,
2128 979 2147 1002 ›)
2167 965 2321 1006 scilicet

1288 1026 1524 1067 secundum
1564 1029 1807 1081 opinionem
1836 1031 2014 1073 istorum
2041 1049 2049 1075 ε
2075 1034 2147 1075 sed
2175 1047 2320 1076 secun-

1289 1095 1392 1136 dum
1435 1098 1656 1140 veritatem
1701 1113 1851 1142 omnes
1890 1104 2145 1159 quandoque
2174 1118 2316 1147 resur-

1290 1170 1394 1218 gent
1414 1180 1488 1219 per
1509 1168 1709 1211 virtutem
1736 1172 1942 1214 divinam.
1966 1174 2082 1216 Unde
2106 1180 2134 1201 ¹¹
2160 1191 2199 1217 z«
2219 1177 2316 1219 Om-

1288 1249 1363 1278 nes
1381 1238 1554 1290 quidem
1574 1252 1865 1293 resurgemus,
1887 1259 1907 1282 ›>

1344 1308 1587 1350 Notandum
1606 1315 1747 1352 autem
1759 1345 1771 1364 ,
1795 1316 1909 1366 quod
1927 1316 2014 1356 vita
2032 1320 2072 1357 et
2091 1321 2224 1359 status
2240 1320 2318 1360 im-

1287 1378 1456 1430 piorum
1479 1384 1750 1432 comparatur
1768 1384 1886 1424 fumo
1902 1388 2072 1438 propter
2092 1389 2318 1431 rationabi—

1287 1448 1339 1488 lis
1359 1449 1709 1503 obcaecationem,
1736 1454 1864 1504 infra,
1887 1456 1966 1496 hoc
1986 1457 2133 1499 eodem
2153 1462 2287 1513 capite
2304 1477 2312 1502 :

1287 1519 1536 1563 Eoecoecavii
1554 1532 1620 1564 eos
1642 1524 1814 1567 malitia
1834 1536 1988 1569 eorum.
2013 1528 2116 1570 item
2135 1532 2165 1556 ¹²
2188 1533 2315 1574 :«Ob-

1287 1595 1506 1632 scuratum
1535 1597 1596 1633 est
1625 1594 1827 1648 insipiens
1856 1610 1927 1638 cor
1955 1611 2119 1641 eorum.
2148 1616 2166 1639 n
2197 1603 2313 1644 Assi-

1288 1663 1461 1703 milatur
1480 1664 1622 1715 flatui,
1650 1670 1819 1718 propter
1839 1668 2072 1720 inquietam
2092 1671 2316 1715 irascibilis

1287 1735 1648 1785 perturbationem
1670 1736 1698 1758 ¹³
1719 1751 1726 1776 :
1757 1753 1775 1776 α
1795 1737 1916 1791 Impii
1937 1742 2058 1792 quasi
2085 1755 2202 1785 mare
2232 1747 2314 1786 fer-

1286 1816 1424 1854 vens;
1455 1820 1474 1843 ›)
1514 1806 1703 1847 scintillae
1724 1838 1736 1856 ,
1770 1813 1940 1860 propter
1979 1814 2315 1865 concupiscibilis

1286 1874 1665 1917 inflammationem
1692 1878 1720 1899 Γ*
1744 1892 1752 1917 :
1781 1894 1800 1917 (ι
1831 1879 1987 1921 Anima
2018 1884 2151 1925 calida
2186 1888 2313 1939 quasi

1286 1945 1402 1997 ignis
1423 1947 1574 1987 ardens
1595 1960 1682 1988 non
1700 1949 1998 2002 extinguetur;
2021 1968 2039 1990 ›>
2062 1956 2172 2005 aeri,
2192 1970 2315 2012 prop-

1285 2019 1350 2056 ter
1377 2017 1619 2058 intentionis
1645 2019 1927 2072 vacuitatem3
1957 2023 2112 2076 cineri,
2144 2032 2315 2081 propter

1286 2098 1465 2139 operum
1493 2089 1871 2132 infructuositatem
1892 2094 1920 2115 ¹⁵
1939 2108 1979 2133 z«
2000 2094 2136 2148 Opera
2164 2110 2313 2140 eorum

1285 2157 1479 2209 inutilia3
1516 2174 1536 2197 υ
1570 2160 1674 2200 nubi
1706 2161 1922 2213 densiori,
1959 2169 2128 2218 propter
2160 2171 2312 2220 gratiae

1284 2230 1612 2283 oppositionem3
1629 2233 1800 2274 nebulae
1820 2234 1990 2288 leviori,
2011 2243 2182 2292 propter
2197 2254 2314 2284 men-

1284 2301 1336 2341 tis
1367 2301 1646 2343 elevationem
1665 2335 1676 2353 ,
1709 2305 1799 2346 sive
1837 2306 2083 2360 elationem3
2117 2314 2310 2365 umbrae,

1284 2375 1454 2424 propter
1474 2374 1727 2414 exteriorem
1749 2376 2078 2422 simulationem.

1337 2445 1376 2482 6.
1418 2443 1566 2485 Venice
1600 2455 1717 2497 erqo,
1741 2450 1818 2487 etc.
1858 2447 1934 2488 Hic
1961 2450 2161 2494 describit
2178 2455 2311 2497 vitam

1282 2511 1486 2564 injustam
1516 2545 1528 2563 ,
1565 2517 1606 2553 et
1644 2515 1782 2566 primo
1820 2520 2014 2570 tangitur
2051 2522 2309 2575 injustorum

1283 2582 1504 2623 concordia
1537 2588 1578 2623 et
1608 2587 1758 2625 mutua
1790 2588 2023 2631 cohortatio
2051 2593 2103 2633 ad
2126 2597 2308 2648 propriae

1282 2652 1381 2693 vitae
1402 2653 1719 2696 dissolutionem
1737 2671 1747 2706 ;
1772 2660 1980 2710 secundo,
1998 2663 2213 2714 justorum
2233 2679 2307 2721 op-

1282 2723 1463 2775 pressio,
1485 2724 1543 2764 ibi
1565 2739 1572 2766 :
1599 2726 1920 2782 opprimamus,
1941 2735 2019 2773 etc.

1335 2792 1478 2836 Primo
1498 2807 1604 2848 ergo
1633 2799 1907 2842 cohortantur
1935 2815 1979 2844 se
1999 2805 2051 2846 ad
2070 2809 2308 2851 vacandum

1282 2863 1549 2907 dissolutioni
1567 2882 1575 2908 ;
1595 2869 1733 2921 primo
1751 2871 1957 2925 celeriter;
1975 2879 2157 2920 secundo
2176 2881 2309 2921 abun-

1281 2934 1442 2987 danter,
1466 2937 1525 2977 ibi
1547 2939 1604 2988 (v.
1627 2939 1663 2991 7)
1698 2954 1706 2981 :
1742 2942 1850 2985 Vino
1871 2947 2074 2998 pretioso,
2095 2951 2190 3000 etc.;
2224 2954 2307 2992 ter—

1282 3006 1338 3047 tio
1370 3007 1608 3060 evidenter,
1635 3011 1696 3050 ibi
1727 3012 1781 3064 (v.
1809 3016 1848 3064 8)
1876 3029 1884 3056 :
1910 3016 2174 3070 Goronemus,
2202 3025 2278 3062 etc.
2292 3035 2305 3074 3

1281 3080 1433 3129 quarto
1463 3081 1773 3134 communiter,
1804 3085 1872 3126 vel
1898 3088 2219 3142 universaliter,
2250 3093 2307 3132 ibi

1280 3148 1338 3197 (v.
1355 3148 1395 3200 9)
1413 3163 1422 3189 ι
1439 3148 1568 3192 Nemo
1590 3157 1796 3206 nostrum,
1816 3158 1910 3207 etc.;
1933 3159 2081 3211 quinto
2098 3161 2303 3214 hilariter,

1279 3217 1338 3259 ibi
1388 3233 1397 3259 :
1458 3219 1611 3273 Ubique
1663 3223 1956 3277 relinquamus
1972 3260 1983 3280 ,
2030 3232 2107 3272 etc.
2157 3232 2306 3273 Dicunt

1279 3351 1291 3369 ⁹
1307 3349 1380 3388 Job,
1401 3358 1438 3387 x,
1462 3352 1514 3383 21.
1538 3369 1578 3376 -·-
1602 3353 1627 3374 ¹⁰
1652 3353 1748 3385 Psal.
1772 3332 1900 3397 riwin,
1927 3359 1975 3391 12.
1996 3375 2035 3384 —-
2062 3361 2083 3379 ¹¹
2107 3360 2116 3391 l
2139 3360 2228 3403 Corn,
2247 3369 2305 3404 xv,

1280 3399 1373 3429 51.-
1399 3398 1424 3421 1²
1443 3397 1548 3437 Rom,
1571 3406 1600 3438 1,
1623 3401 1675 3432 21.
1699 3418 1735 3424 -
1759 3401 1785 3423 ¹3
1803 3403 1883 3445 ssa„
1900 3412 2006 3445 van,
2024 3408 2122 3438 20.—-
2141 3408 2167 3429 ¹¹⁰
2184 3409 2304 3450 Eoo-li„

1279 3451 1382 3484 xxm,
1402 3445 1456 3475 22.
1476 3461 1516 3469 —-
1538 3446 1566 3468 ¹⁵
1581 3446 1676 3486 Sap„
1699 3456 1754 3488 111,
1780 3451 1827 3481 Μ.
1850 3468 1890 3474 -
1909 3452 1950 3491 (a)
1968 3453 2042 3492 Ley.
2066 3463 2200 3495 aquam.
