2634 3853
218 267 296 306 44ss

215 352 312 392 dem
348 348 528 402 requirit
561 348 613 388 ad
651 349 843 387 nostrum
876 346 1089 386 meritum.
1127 345 1244 386 Unde

214 422 320 463 dixit
352 421 472 461 caecis
503 418 738 472 petentibus
765 416 994 457 illuminari
1016 417 1025 437 ¹
1051 430 1060 455 ε
1099 431 1118 454 (ι
1149 415 1244 456 Cre-

213 492 309 532 ditis
330 492 429 545 quia
458 491 537 531 1100
560 500 730 541 possum
759 488 890 526 facere
911 486 1061 526 vobis?
1096 486 1246 526 Dicunt

213 562 250 602 ei
275 574 285 601 :
314 561 478 613 Utique,
502 559 689 599 Domine.
712 556 829 597 Tunc
850 556 987 607 tetigit
1007 555 1150 596 oculos
1173 568 1242 596 eo-

212 643 325 680 rum,
349 632 486 672 dicens
509 643 516 669 :
541 627 781 669 Secundum
809 627 936 667 fidem
956 629 1141 667 vestram
1171 627 1246 666 fiat

211 702 344 742 vobis.
367 715 385 738 1)
417 700 467 740 Ε1
494 698 594 751 quia
620 697 788 738 difficile
813 699 902 738 erat
931 697 1099 738 credere
1128 708 1243 737 mor-

211 774 334 812 tuum
352 768 565 817 suscitari3
589 767 680 808 ideo
696 767 900 808 Dominus
922 768 966 807 in
983 768 1074 820 ipso
1095 768 1244 808 itinere

211 840 462 880 miraculum
494 839 618 889 fecit,
657 850 733 890 per
767 839 880 890 quod
914 838 1077 890 adjuvit
1115 838 1243 878 fidem

211 908 556 962 archisynagogi,
578 910 626 949 ut
655 908 714 948 sic
745 911 883 961 pateat
913 908 1017 949 illud
1047 920 1137 949 0550
1164 920 1242 949 ve-

210 993 308 1022 rum
344 981 455 1033 quod
485 980 638 1021 dieitur
656 980 669 1001 ‘³
694 992 702 1018 z
734 994 752 1018 a
785 979 934 1020 Fidelis
964 982 1106 1020 autem
1133 979 1243 1019 Deus

211 1055 286 1103 est,
318 1054 390 1105 qui
416 1064 501 1093 non
532 1052 716 1104 patietur
747 1063 823 1092 vos
854 1050 1004 1090 tentari
1040 1061 1169 1102 supra
1200 1050 1242 1090 id

945 256 1228 300 EVANGELII
1259 256 1449 299 SANCTI
1478 256 1626 300 LUCAE

1323 345 1374 386 Et
1409 346 1509 398 quia
1544 346 1832 386 testimonium
1871 349 2034 399 oportet
2069 347 2226 389 habere
2259 358 2345 387 non

1321 417 1488 456 tantum
1520 429 1545 456 a
1576 416 1836 464 domesticis,
1871 416 1944 456 sed
1971 417 2100 458 etiam
2119 417 2132 439 ⁸
2158 433 2176 456 (ι
2195 418 2247 458 ab
2279 417 2346 458 his

1322 486 1396 538 qui
1427 487 1527 526 soris
1562 490 1694 537 50111,
1730 501 1749 524 1)
1779 487 1872 527 ideo
1903 487 2117 540 discipulis
2149 488 2347 541 adjungit

1320 556 1425 596 duas
1464 568 1664 608 personas
1686 588 1696 606 ,
1733 569 1831 597 cum
1864 556 1962 596 dicit
1997 572 2005 596 ε
2038 557 2092 599 Ec
2118 562 2278 609 patrem
2308 564 2347 601 et

1321 629 1496 668 matrem
1513 627 1688 679 puella),
1710 629 1757 668 ut
1778 627 1865 667 sic⁹
1890 627 1971 666 «in
1996 638 2069 667 ore
2098 626 2281 667 duorum
2307 632 2348 668 et

1319 694 1450 735 trium
1483 697 1655 737 testium
1685 700 1763 737 stet
1794 711 1812 735 1)
1838 698 1976 737 fixum
2009 696 2198 737 veritatis
2226 697 2346 737 testi-

1321 766 1530 807 monium.
1554 766 1669 808 Unde
1689 765 1862 820 apparet
1881 767 1996 819 quod
2015 767 2248 807 secundum
2278 767 2344 807 lit-

1321 839 1454 878 teram
1487 840 1549 878 est
1568 839 1773 879 idoneitas
1806 838 2034 879 testimonii
2065 841 2275 891 quantum
2296 839 2349 880 ad

1318 918 1538 959 personas,
1560 911 1602 948 et
1632 911 1840 961 quantum
1871 908 1923 949 ad
1955 920 2186 949 numerum
2205 939 2215 959 ‚
2249 908 2349 960 quia

1318 977 1424 1018 nihil
1454 978 1580 1019 habet
1608 979 1872 1031 superfluum
1901 990 2039 1031 neque
2071 978 2344 1019 diminutum.

1373 1047 1617 1089 Secundum
1637 1049 1899 1100 spiritualem
1920 1048 2241 1100 intelligentiam
2268 1048 2349 1089 hoe

1317 1130 1405 1159 non
1426 1121 1546 1160 vacat
1564 1131 1590 1158 a
1609 1119 1826 1171 mysterio.
1849 1118 1955 1160 Nam
1986 1119 2133 1160 Petrus
2149 1150 2159 1169 ‚
2180 1120 2253 1171 (101
2281 1119 2348 1159 10-
2391 1133 2505 1159 Petrus.

1318 1190 1572 1240 terpretatur
1601 1199 1831 1241 aquescens
1847 1222 1857 1241 ,
1881 1190 2080 1241 designat
2098 1190 2225 1231 fidem
2244 1204 2253 1239 ;
2275 1190 2347 1231 Ja-
2367 1204 2507 1232 Jacobus.

1317 1260 1467 1310 cobus,
1495 1261 1569 1312 qui
1596 1262 1777 1304 luctator
1802 1262 2102 1314 interpretatur
2120 1293 2131 1312 ,
2153 1261 2348 1312 designat
2366 1282 2506 1307 munes,

212 1124 323 1176 quod
349 1124 520 1176 potestis
543 1135 551 1161 :
579 1122 651 1163 sed
680 1122 802 1162 faciet
828 1121 955 1162 etiam
982 1133 1077 1162 0010
1104 1123 1238 1161 tenta-

212 1195 326 1234 tione
345 1195 614 1246 proventum,
639 1195 685 1233 ut
705 1192 868 1244 possitis
889 1191 1110 1232 sustinere.
1135 1205 1154 1228 1)

265 1268 331 1305 51.
363 1265 418 1307 Ec
445 1275 540 1305 cum
573 1264 779 1312 venisset,
813 1265 890 1303 etc.
920 1262 997 1302 Ilic
1026 1261 1237 1312 secundo,

210 1338 304 1388 post
326 1335 577 1376 soliditatem
596 1334 691 1374 fidei
714 1333 994 1386 disponentis,
1014 1332 1240 1384 subjungit

209 1407 481 1458 Evangelista
508 1406 783 1447 idoneitatem
814 1404 1049 1445 testimonii
1080 1416 1239 1456 appro-

209 1479 362 1519 bantis.
380 1478 443 1518 Ad
463 1478 758 1531 probationem
776 1478 920 1530 autern
939 1475 1236 1525 suscitationis,

210 1549 443 1601 requiritur
472 1547 763 1588 testimonium
795 1546 845 1587 de
877 1546 965 1586 vita
994 1545 1179 1594 reddita,
1200 1546 1241 1585 et

207 1620 259 1661 de
285 1620 373 1661 vita
403 1619 580 1672 perdita.
613 1618 708 1659 ldeo
734 1618 997 1659 inducuntur
1023 1619 1148 1657 testes
1169 1628 1236 1657 re-

208 1695 352 1743 spectu
371 1690 605 1742 utriusque.
630 1689 772 1729 Primo
791 1688 937 1740 igitur,
962 1690 1170 1740 quantum
1186 1687 1239 1727 ad

207 1774 406 1814 personas
430 1762 601 1801 idoneas
621 1760 673 1801 ad
700 1758 1011 1799 testificandum
1031 1758 1082 1798 de
1103 1757 1235 1797 50501-

206 1833 363 1873 tatione
384 1831 662 1881 miraculosa,
684 1829 836 1871 dicitur
862 1843 871 1870 :
894 1829 947 1870 Ec
967 1839 1061 1869 cum
1092 1827 1237 1869 venis-

204 1909 268 1946 sec
300 1903 357 1946 acl
388 1903 580 1953 domum,
604 1901 678 1942 ubi
709 1900 866 1941 scilicet
891 1899 1032 1952 puella
1059 1898 1238 1939 debebat

205 1974 421 2026 suscitari,
443 1985 538 2027 quae
563 1974 652 2013 erat
672 1971 823 2012 domus
847 1970 1010 2020 luctus,
1033 1969 1085 2010 ad
1104 1980 1236 2021 quam

203 2046 306 2086 utile
334 2048 396 2086 est
414 2045 495 2094 ire,
518 2042 753 2084 seeundum
773 2041 877 2082 illud
896 2041 909 2062 ³
929 2055 938 2081 :
967 2055 987 2079 (1
1006 2039 1154 2080 Melius
1175 2041 1235 2080 est

204 2117 265 2157 ire
281 2116 333 2156 ad
352 2115 526 2156 domum
542 2114 697 2163 luctus,
713 2123 844 2164 quam
865 2111 918 2152 ad
938 2111 1117 2152 domum
1139 2122 1235 2150 con-

203 2187 322 2229 vivii.
356 2186 403 2226 In
434 2184 506 2225 illa
531 2183 646 2224 enim
675 2182 772 2222 finis
804 2183 1056 2222 cunctorum
1084 2180 1232 2220 admo-

201 2261 328 2299 netur
346 2256 593 2306 hominum,
613 2269 631 2292 »
661 2256 738 2294 etc.
769 2253 819 2293 Et
849 2252 949 2305 quia
977 2263 1065 2292 non
1093 2250 1232 2291 omni-

201 2328 283 2369 bus
301 2326 526 2380 aperienda
545 2327 643 2366 sunt
666 2323 818 2364 Christi
846 2323 1110 2363 sacramenta
1125 2351 1137 2371 ,
1164 2319 1233 2360 di-

202 2399 312 2440 citur
331 2396 476 2439 enim‘
508 2410 518 2438 ε
560 2411 578 2434 α
613 2395 771 2437 Servus
807 2392 939 2434 nescit
973 2391 1078 2444 quid
1111 2391 1235 2431 faciat

201 2469 398 2511 dominus
417 2469 509 2521 ejus
526 2482 536 2518 ;
560 2481 578 2504 11
603 2466 696 2507 ideo
715 2464 936 2506 subditur:
959 2462 1055 2505 Non
1073 2462 1233 2516 permi-

201 2540 261 2582 sit
279 2540 441 2582 intrare
466 2548 607 2580 secum
626 2547 876 2590 quemquam
890 2566 902 2585 ,
922 2533 1158 2575 secundum
1178 2532 1232 2572 11-

200 2610 274 2651 1οᾱ
291 2615 304 2636 5
321 2622 331 2651 :
354 2609 508 2652 «Multi
525 2608 688 2663 pacifici
702 2607 787 2648 sint
802 2607 875 2647 tibi
886 2637 898 2657 ‚
915 2608 956 2646 et
968 2603 1233 2645 consiliarius

201 2681 253 2721 sit
270 2681 347 2721 tibi
367 2692 482 2722 unus
501 2680 552 2721 de
572 2679 702 2720 mille.
728 2692 747 2715 1)
770 2677 876 2726 Quia
902 2687 1006 2718 vero
1038 2673 1233 2726 discipuli

201 2755 320 2793 erant
352 2753 444 2804 eJ‘us
475 2750 629 2799 amici,
661 2747 895 2789 secundum
921 2746 1034 2799 quod
1067 2745 1165 2786 dicit
1186 2745 1230 2785 ⁶:

208 2837 227 2860 (ι
243 2820 326 2863 Vos
344 2824 487 2863 autem
506 2820 594 2861 dixi
615 2819 771 2859 amicos
793 2830 804 2859 ε
827 2817 926 2870 quia
945 2816 1090 2858 omnia
1110 2827 1229 2869 (1033-

202 2904 387 2946 cumque
417 2891 562 2933 audivi
581 2903 606 2931 a
627 2890 749 2931 Patre
781 2901 896 2937 meo,
925 2890 1026 2929 nota
1046 2887 1125 2928 feci
1150 2899 1231 2928 vo·

201 2962 290 3014 bis3
316 2977 336 3001 1)
357 2963 449 3004 ideo
469 2974 555 3003 000
584 2973 732 3002 001005
752 2959 962 3010 excludit,
985 2958 1056 2999 sed
1077 2958 1232 3010 excipit

203 3035 255 3075 ab
286 3033 488 3084 exclusis,
522 3044 618 3073 cum
651 3031 792 3072 subdit
824 3045 833 3070 :
865 3029 965 3072 Nisi
998 3029 1167 3072 Petrum
1195 3031 1232 3071 et

202 3105 399 3147 ,Iacobum
439 3108 475 3145 ec
509 3103 710 3144 ,loannem
725 3132 737 3152 ‚
769 3101 845 3153 qui
883 3102 1004 3141 erant
1040 3098 1231 3152 discipuli

202 3174 468 3230 principales.
485 3172 602 3214 Unde
619 3172 685 3212 isti
699 3170 906 3223 assumpti
925 3173 1023 3211 sunt
1037 3170 1080 3209 in
1099 3172 1231 3210 trans-

202 3245 489 3298 figuratione⁷
523 3257 532 3284 :
568 3257 587 3281 (ι
617 3242 849 3294 Assumpsit
876 3241 996 3282 Jesus
1026 3239 1227 3290 Petrum,

203 3322 244 3360 et
261 3317 282 3360 J
286 3317 485 3368 acobum,
502 3316 544 3356 et
558 3313 763 3355 Joannem
782 3312 956 3353 fratrem
976 3311 1069 3364 ejus
1081 3342 1093 3363 ,
1108 3324 1127 3349 1)
1147 3312 1227 3353 ete.

246 3448 255 3468 ¹
276 3447 412 3485 Matth„
432 3454 487 3487 IX,
507 3446 558 3486 28,
579 3445 630 3476 29.
651 3460 690 3467 —
709 3442 723 3464 ¹
740 3442 751 3473 1
773 3441 863 3481 Cora,
883 3448 924 3481 x,
946 3441 997 3473 13.
1014 3457 1054 3464 -
1072 3439 1086 3462 ³
1104 3439 1229 3478 Eccle„

204 3498 265 3535 vn,
286 3498 314 3526 3.
330 3512 371 3518 —
388 3495 399 3512 ⁴
416 3494 525 3532 Joan„
549 3499 606 3530 xv,
630 3492 676 3522 15.
695 3507 734 3513 —
754 3489 767 3510 ὓ
785 3488 905 3526 Ecclz'.‚
922 3495 968 3524 vi,
986 3488 1020 3517 G.
1035 3503 1074 3510 —
1093 3488 1104 3505 ⁰
1117 3487 1226 3526 Jocm„

204 3549 263 3583 xv,
283 3543 332 3575 15,
352 3558 393 3566 -
412 3542 422 3560 ⁷
441 3541 519 3581 inf„
542 3547 590 3579 111,
614 3539 676 3577 28;
698 3535 833 3574 Mami„
854 3541 939 3574 xvu,
962 3537 991 3565 1.
1011 3550 1047 3556 —
1068 3534 1079 3551 ²⁵
1099 3533 1111 3564 1
1130 3533 1226 3573 Tim„

1317 1343 1434 1384 spem
1451 1346 1461 1380 ;
1483 1331 1681 1381 Joannes,
1703 1333 1778 1385 (101
1797 1333 2098 1384 interpretatur
2117 1333 2166 1374 in
2186 1342 2267 1384 quo
2287 1336 2347 1374 est

1316 1402 1483 1454 qratia,
1503 1402 1752 1443 charitatem
1771 1416 1781 1443 :
1805 1406 1844 1443 et
1858 1403 1925 1443 hae
1946 1406 2030 1443 tres
2050 1402 2227 1443 virtutes
2246 1405 2346 1442 sunt

1315 1469 1495 1510 Domino
1526 1470 1897 1520 familiarissimae,
1926 1472 1967 1510 et
2005 1472 2261 1510 concurrunt
2292 1469 2343 1510 ad

1314 1539 1628 1580 suscitationem
1647 1540 1876 1592 peccatoris
1895 1553 1919 1581 a
1939 1543 2075 1581 morte
2094 1571 2107 1591 ,
2143 1552 2238 1592 quae
2270 1540 2343 1580 de-

1314 1609 1511 1661 signatur
1528 1609 1571 1650 in
1595 1611 1867 1651 suscitatione
1897 1610 2066 1663 puellae.
2101 1609 2209 1650 Nam
2240 1609 2344 1649 fides

1313 1680 1528 1720 concurrit
1559 1681 1587 1702 1⁰
1618 1695 1626 1721 :
1663 1681 1784 1729 «Qui
1814 1680 1944 1720 credit
1974 1680 2019 1720 in
2052 1691 2144 1728 me,
2177 1677 2342 1718 etiamsi

1313 1754 1510 1792 mortuus
1537 1752 1685 1802 fuerit,
1718 1752 1850 1793 vivet.
1872 1766 1891 1789 1)
1929 1750 2130 1791 Similiter
2162 1762 2256 1803 spes
2278 1751 2302 1772 ¹¹
2328 1764 2336 1790 ε

1314 1836 1334 1860 c<
1356 1821 1461 1863 Ecce
1486 1822 1597 1863 oculi
1618 1821 1785 1863 Domini
1813 1835 1939 1875 super
1958 1824 2193 1863 metuentes
2210 1833 2309 1862 eum
2327 1853 2336 1873 ‚

1310 1894 1351 1932 et
1387 1892 1432 1932 in
1469 1892 1528 1933 eis
1570 1893 1644 1945 (101
1683 1895 1855 1945 sperant
1891 1905 2018 1946 super
2053 1891 2340 1932 misericordia

1310 1963 1430 2014 0105,
1463 1965 1510 2003 01
1543 1965 1665 2004 eruat
1695 1975 1720 2004 a
1750 1965 1886 2004 morte
1919 1963 2082 2003 animas
2121 1974 2284 2003 eorum.
2314 1975 2332 1999 12

1311 2032 1449 2074 Etiam
1468 2033 1652 2074 charitas
1668 2035 1697 2056 ¹²
1720 2048 1759 2075 εει
1773 2033 1821 2074 10
1840 2033 1920 2074 1100
1940 2033 2138 2086 apparuit
2157 2032 2339 2073 charitas

1308 2103 1381 2144 Dei
1398 2103 1441 2144 in
1460 2104 1603 2155 nobis,
1627 2105 1829 2157 quoniam
1853 2104 1992 2145 filium
2021 2115 2149 2145 suum
2181 2103 2335 2155 unige-

1308 2174 1448 2215 nitum
1468 2175 1582 2216 misit
1607 2175 1716 2216 Deus
1743 2177 1789 2216 in
1819 2176 2052 2226 mundum,
2075 2178 2123 2216 ut
2142 2176 2338 2217 vivamus

1308 2256 1383 2297 per
1401 2257 1515 2286 eum.
1534 2260 1553 2284 1)
1578 2246 1701 2288 Pater
1720 2249 1863 2288 autem
1882 2249 1923 2287 et
1949 2249 2085 2286 mater
2115 2248 2214 2286 sunt
2231 2245 2339 2296 legis

1308 2315 1498 2357 doctores
1520 2330 1529 2356 :
1553 2319 1685 2369 pater,
1707 2317 1781 2370 qui
1801 2317 1970 2358 instruit
1990 2317 2034 2357 in
2057 2317 2162 2367 fide,
2184 2327 2335 2357 secun—

1306 2386 1409 2427 dum
1429 2387 1533 2428 illud
1554 2388 1582 2411 ¹³
1602 2401 1611 2428 ι
1640 2403 1660 2427 ε(
1680 2388 1726 2428 In
1744 2387 1908 2429 Christo
1926 2388 2025 2429 Jesu
2046 2399 2120 2440 per
2139 2387 2336 2438 Evange-

1307 2457 1414 2498 lium
1443 2470 1524 2510 ego
1543 2470 1619 2500 vos
1639 2459 1794 2511 genui;
1817 2473 1836 2497 »
1863 2461 2014 2509 mater,
2037 2469 2134 2512 quae
2153 2457 2267 2500 fovet
2294 2457 2338 2497 in

1307 2528 1500 2569 moribus
1517 2529 1546 2551 ¹⁶
1568 2543 1577 2570 ε
1603 2545 1623 2569 (ι
1642 2529 1778 2571 Filioli
1798 2530 1906 2581 mei,
1928 2541 2035 2583 quos
2054 2530 2211 2570 iterum
2238 2539 2337 2581 par·

1306 2600 1439 2651 turio,
1463 2601 1594 2642 donec
1624 2601 1830 2642 formetur
1862 2601 2050 2642 Christus
2076 2600 2123 2641 in
2153 2599 2288 2642 vobis.
2315 2613 2335 2637 1)

1307 2670 1358 2712 Ε1
1377 2671 1428 2711 (10
1458 2671 1525 2711 1115
1556 2672 1601 2712 10
1633 2671 1870 2714 Proverbiis
1891 2672 1919 2697 ¹⁵
1942 2684 1952 2712 z
1974 2686 1995 2711 α
2018 2671 2227 2713 Conserva
2239 2700 2252 2720 ,
2276 2669 2337 2710 fili

1308 2741 1387 2792 mi,
1411 2744 1621 2794 praecepta
1647 2742 1778 2795 patris
1809 2743 1894 2793 tui,
1919 2746 1960 2784 et
1980 2755 2034 2783 ne
2061 2741 2248 2783 dimittas
2275 2740 2335 2781 le-

1308 2824 1410 2865 gem
1435 2813 1583 2853 matris
1614 2815 1714 2854 1000.
1749 2828 1769 2852 1)
1807 2813 1906 2854 Haec
1937 2817 2081 2855 autem
2107 2815 2208 2855 sunt
2239 2824 2336 2853 cum

1307 2882 1470 2924 Christo
1490 2884 1716 2926 suscitante
1736 2886 2013 2938 peccatorem.

1359 2954 1572 3006 Secundo,
1607 2958 1816 3008 quantum
1849 2955 1901 2996 ad
1935 2966 2135 3008 personas
2166 2953 2336 2994 idoneas

1304 3025 1572 3067 testificantes
1608 3026 1659 3066 de
1703 3029 1839 3067 morte
1882 3024 2066 3066 naturali
2091 3056 2102 3075 ,
2142 3023 2336 3065 subditur

1309 3096 1376 3148 (v.
1399 3097 1502 3149 52):
1527 3096 1705 3140 Flebant
1732 3101 1873 3140 autem
1906 3105 2069 3147 omnes,
2089 3099 2127 3138 et
2154 3095 2333 3147 planae-

1305 3167 1407 3211 bant
1437 3168 1556 3210 illam
1588 3172 1793 3222 tanqua-m
1831 3170 2066 3218 mortuam,
2099 3167 2334 3208 secundum

1305 3238 1531 3280 consilium
1562 3239 1855 3282 Ecclesiastici
1874 3237 1900 3260 ¹⁶
1924 3251 1933 3279 :
1970 3236 2110 3287 «Fili,
2141 3237 2186 3277 in
2216 3248 2334 3277 mor-

1303 3311 1427 3351 tuum
1446 3309 1605 3363 produc
1623 3310 1854 3362 lacrymas,
1874 3311 1916 3350 et
1931 3308 2052 3362 quasi
2073 3308 2165 3349 dira
2181 3319 2329 3361 passus

1304 3400 1364 3433 111,
1385 3394 1415 3425 7.
1436 3410 1476 3416 -
1502 3394 1510 3411 ⁵
1533 3393 1668 3433 Mami„
1694 3399 1800 3431 xvm,
1830 3393 1877 3423 16.
1904 3408 1942 3415 -
1964 3392 1990 3413 ¹·
2008 3392 2117 3431 Joan„
2139 3398 2194 3431 xi,
2219 3392 2271 3422 25.
2291 3407 2332 3413 —

1306 3440 1332 3462 ¹1
1352 3439 1443 3472 Psal.
1462 3447 1574 3483 xxxii,
1594 3441 1645 3479 18,
1666 3441 1716 3471 19.
1731 3456 1768 3462 -
1786 3439 1812 3460 ¹²
1833 3439 1843 3469 1
1860 3439 1970 3479 Joan„
1990 3446 2038 3478 1v‚
2059 3441 2090 3472 9.
2105 3454 2146 3462 -
2164 3438 2190 3460 1⁸
2209 3439 2221 3469 1
2239 3438 2332 3475 Cor„

1304 3494 1350 3526 ιν,
1372 3489 1424 3518 15.
1439 3503 1479 3510 —
1496 3487 1522 3508 ¹⁶
1541 3485 1632 3525 Gal„
1653 3493 1700 3526 lv,
1723 3487 1772 3518 19.
1790 3503 1826 3509 —
1845 3486 1872 3510 ¹⁶
1886 3488 1993 3524 Prov„
2014 3494 2039 3526 1,
2061 3487 2093 3518 8.
2108 3502 2148 3510 -
2167 3486 2192 3507 ¹⁶
2207 3484 2329 3521 Eccli„

1303 3541 1457 3575 xxxvffl,
1479 3534 1530 3566 16.
