2634 3853
260 264 337 301 472

258 353 370 391 trare
404 351 574 403 propter
609 347 808 388 nebulam
842 360 850 386 :
888 343 1138 396 impleverat
1170 341 1284 381 enim

257 422 394 474 gloria
411 421 574 462 Domini
590 421 765 460 domum
782 415 996 457 Domini.»
1014 413 1131 454 Unde
1148 412 1284 452 nubes

256 493 461 534 indicium
480 495 570 533 erat
596 500 788 542 superna}
811 486 958 539 gloriae
978 487 1018 525 et
1038 484 1280 536 majestatis.

255 564 307 605 Et
326 568 545 617 propterea
567 561 762 602 subditur
790 573 798 599 z
827 558 882 599 Ec
908 555 1172 599 obumbravit
1201 565 1283 606 eos,

255 641 294 679 et
323 637 567 679 timuerunt.
592 632 834 674 Sentiehant
852 629 966 670 enim
984 627 1173 669 divinam
1193 628 1282 668 vir-

254 711 388 749 tutem
418 707 464 747 in
499 706 627 754 nube,
655 703 706 744 de
731 715 815 756 qua
853 712 981 754 supra
1007 700 1016 721 ¹
1047 715 1054 740 :
1093 716 1111 738 «
1140 699 1283 741 Virtus

253 778 455 820 Altissimi
479 774 752 818 obumbrabit
775 774 850 814 tibi
873 787 882 814 :
908 788 926 811 1)
953 776 994 813 01
1011 772 1105 813 ideo
1124 771 1280 811 timue-

253 853 353 891 runt
380 851 551 902 propter
584 847 852 901 praesentiam
881 856 1062 887 summae
1094 842 1278 893 virtutis,

252 922 360 962 sicut
379 920 455 961 Job
484 919 557 972 qui
583 919 744 960 dicebat
766 920 781 942 ²
813 931 821 956 ε
850 932 869 955 «
895 916 1069 969 Semper
1089 914 1210 968 quasi
1230 914 1281 954 ti—

252 995 414 1034 mentes
434 1004 561 1044 super
582 1003 649 1031 me
668 991 825 1030 fluctus
845 988 970 1029 timui
998 987 1274 1028 Dominum.»

252 1064 303 1105 Ε1
327 1063 530 1104 Jeremias
548 1063 592 1102 ³:
619 1077 637 1100 «
658 1061 758 1110 Quis
782 1072 868 1100 non
884 1059 1045 1099 timebit
1065 1061 1129 1108 te,
1152 1069 1177 1098 0
1205 1069 1282 1097 rex

251 1135 509 1188 gentium‘2i>
532 1136 608 1175 etc.
633 1132 875 1173 Secundum
895 1130 1124 1183 mysticum
1138 1131 1281 1169 autem

251 1218 425 1247 sensum
466 1217 541 1258 per
587 1204 747 1245 nubem
784 1202 966 1254 intelligi
1012 1203 1147 1254 potest
1185 1212 1280 1241 caro

252 1277 402 1319 Christi
424 1291 432 1316 ε
457 1275 610 1329 primo,
632 1275 732 1328 quia
751 1276 1038 1327 contemperat
1056 1272 1202 1313 lumen
1222 1272 1282 1313 di-

249 1347 598 1390 vinitatisroculis
628 1346 796 1397 nostris,
822 1349 870 1386 ut
899 1345 1111 1398 possimus
1142 1344 1278 1384 inten-

250 1422 347 1461 dere
360 1424 373 1446 e.
390 1433 400 1462 :
428 1435 446 1458 (ι
465 1420 558 1461 Jam
575 1431 691 1459 nunc
709 1417 881 1459 veniam
900 1416 952 1457 ad
971 1419 1011 1456 te
1030 1416 1077 1456 in
1096 1415 1282 1468 caligine

250 1492 390 1543 nubis,
412 1494 460 1532 ut
489 1491 631 1531 audiat
661 1502 730 1530 me
757 1489 940 1542 populus
965 1487 1210 1540 loquentem
1230 1487 1282 1528 ad

251 1568 306 1605 te.
337 1579 356 1601 »
391 1562 584 1604 Secundo
618 1572 741 1611 vero,
774 1560 874 1613 quia
906 1562 966 1599 051
998 1558 1151 1600 divinae
1175 1558 1282 1598 lucis

251 1635 499 1676 vehiculum
518 1645 637 1686 seper
657 1635 814 1672 terram
833 1630 1115 1681 tenebrosam5
1137 1641 1282 1670 secun-

251 1707 353 1747 dum
374 1705 478 1745 illud
498 1704 511 1725 5
534 1718 542 1743 :
573 1718 591 1742 (ι
613 1703 814 1743 Dominus
835 1701 1029 1742 ascendet
1049 1713 1177 1753 super
1195 1713 1282 1741 nu-

250 1779 346 1818 bem
360 1777 514 1826 levem,
528 1778 569 1816 et
588 1774 854 1826 ingredietur
875 1772 1126 1825 AEgyptum.
1147 1787 1165 1810 ›)
1188 1771 1284 1812 Ter-

250 1849 325 1899 tio,
341 1847 445 1900 quia
461 1851 603 1887 ortum
622 1845 753 1886 traxit
767 1845 817 1885 de
838 1843 1120 1884 amaritudine
1140 1845 1180 1883 et
1199 1855 1285 1896 poe-

250 1920 423 1960 001110ῒο
448 1921 613 1959 naturae
632 1917 851 1966 humanae,
874 1915 1085 1956 mediante
1105 1914 1285 1966 Virgine

252 1991 403 2041 Maria;
428 1989 541 2043 quod
559 1990 796 2042 figuratum
823 1990 885 2028 est
903 1992 916 2013 ⁶
940 2001 950 2029 :
987 2002 1005 2025 (‹
1023 1986 1128 2027 Ecce
1149 1988 1282 2028 nube-

253 2062 348 2103 cula
372 2062 424 2115 (a)
448 2073 579 2114 parva
605 2060 724 2113 quasi
750 2059 983 2110 vestigium
1002 2058 1189 2099 hominis
1217 2071 1284 2099 as-

254 2134 455 2175 cendebat
486 2133 537 2173 de
571 2132 694 2172 mari.
728 2146 746 2169 ))
785 2130 966 2180 Quarto,
1000 2131 1100 2183 quia
1129 2143 1286 2183 aquam

257 2207 407 2258 gratiae
423 2204 634 2255 salutaris,
650 2216 780 2256 quarn
800 2203 952 2253 hausit,
975 2203 1019 2242 in
1037 2202 1102 2242 sui
1120 2202 1287 2254 origine

256 2277 449 2327 effundit,
467 2289 563 2317 cum
581 2275 770 2327 agitatur
784 2276 912 2315 vento
932 2273 1148 2314 orationis.
1170 2273 1286 2314 Unde

256 2349 408 2390 dicitur
437 2348 450 2369 ⁷
488 2362 497 2388 :
525 2364 545 2387 <‹
572 2346 775 2388 Medicina
806 2345 1002 2386 omnium
1039 2345 1085 2384 in
1116 2345 1287 2385 festina-

988 251 1268 295 EVANGELu
1299 228 1481 293 5ΑΝοΤι
1511 251 1661 293 LUCAE

1359 353 1529 393 gressus
1548 343 1711 395 Moyses
1729 342 1917 383 medium
1937 344 2118 396 nebulae,
2137 345 2322 386 ascendit
2339 345 2385 386 in

1359 415 1563 462 montem,
1587 427 1606 450 »
1633 413 1707 453 ubi
1726 413 1889 454 audivit
1908 413 2070 455 divinas
2090 416 2381 457 revelationes.

1359 482 1474 524 Unde
1494 486 1532 524 et
1551 496 1666 524 nunc
1686 483 1880 524 subditur
1899 483 1954 536 (v.
1975 485 2037 535 35)
2062 499 2070 526 ε
2091 486 2146 528 Ec
2164 496 2250 528 υοίι·
2271 488 2385 538 sacta

1359 557 1420 596 est
1447 554 1498 596 cle
1523 555 1629 596 nube
1649 555 1794 597 dicens
1814 567 1827 595 .·
1855 556 1937 597 Hic
1959 559 2017 598 esc
2036 556 2154 607 filius
2179 569 2293 600 meus
2313 560 2382 601 αι’-

1358 624 1501 667 lectus.
1524 625 1706 666 Discrete
1725 627 1866 678 ipsum
1889 626 2160 677 demonstrat,
2180 630 2228 668 ut
2244 632 2382 670 osten-

1359 696 1442 746 dat,
1467 697 1579 749 quod
1604 698 1692 749 ipse
1721 697 1835 737 solus
1855 699 1916 736 est
1937 697 2050 737 filius
2071 709 2146 749 per
2171 700 2381 739 naturam.

1358 765 1475 808 Unde
1495 767 1539 807 in
1560 767 1723 809 Psalmo
1744 768 1771 791 ¹⁰
1796 753 1850 808 :⁴«
1871 766 1934 807 Ex
1959 769 2079 807 utero
2108 769 2204 808 ante
2237 767 2384 809 lucife-

1357 849 1456 878 rum
1470 838 1600 890 genui
1614 841 1668 878 te.
1689 852 1707 875 »
1729 838 1778 879 Ε1
1794 840 2009 891 ponuntur
2024 837 2081 877 ibi
2100 837 2382 890 discretiones,

1357 911 1448 949 tum
1470 909 1515 949 in
1533 908 1614 949 hoc
1629 909 1740 962 quod
1755 909 1868 959 dicit,
1886 909 1988 958 Hz·0;
2009 911 2101 949 tum
2115 909 2159 948 in
2174 909 2255 950 hoc
2273 910 2386 962 quod

1357 979 1471 1030 dicit,
1495 981 1633 1029 Meus3
1666 982 1758 1020 10111
1786 980 1829 1020 in
1860 980 1940 1020 1100
1969 980 2082 1032 quod
2106 980 2219 1031 dicit,
2249 981 2383 1023 Dilec-

1357 1055 1424 1094 cus
1465 1065 1474 1090 z
1508 1052 1552 1091 in
1594 1064 1679 1104 quo
1720 1051 1902 1092 declarat
1936 1052 2234 1105 proprietatem
2283 1054 2385 1094 fllia-

1355 1122 1482 1162 tionis
1499 1122 1545 1162 in
1571 1122 1732 1163 Christo
1752 1135 1840 1163 esse
1863 1124 2141 1176 personalem,
2163 1126 2203 1165 et
2225 1137 2385 1166 conna-

1356 1193 1556 1244 turalem,
1587 1195 1627 1234 et
1662 1194 1935 1246 coaequalem.
1970 1194 2210 1236 Ostenditur
2241 1208 2386 1249 perso-

1356 1263 1464 1303 nalis
1497 1276 1571 1316 per
1601 1276 1837 1317 pronomen
1865 1265 1961 1312 Hic,
1984 1266 2096 1318 quod
2126 1268 2284 1306 certam
2312 1267 2384 1307 de-

1357 1337 1564 1375 monstrat
1594 1348 1833 1388 personam.
1873 1336 1989 1377 Unde
2017 1337 2105 1390 ipse
2140 1337 2300 1379 dicebat
2335 1340 2388 1381 ad

1357 1406 1759 1447 demonstrationem
1780 1419 1971 1461 personae
1992 1419 2080 1448 suae
2101 1408 2127 1430 ¹¹
2152 1420 2162 1448 :
2190 1424 2209 1447 α
2230 1408 2386 1449 Princi-

1357 1478 1491 1530 pium,
1512 1478 1586 1531 qui
1606 1481 1646 1519 et
1665 1478 1815 1532 loquor
1835 1480 1997 1521 vobis.»
2025 1480 2266 1521 Ostenditur
2286 1492 2383 1520 con-

1357 1549 1585 1600 naturalis,
1620 1562 1694 1602 per
1732 1551 1812 1591 1100
1858 1551 1973 1604 quod
2010 1551 2163 1592 dicitur
2197 1563 2207 1590 ε
2245 1552 2384 1603 Meu83

1359 1622 1593 1661 secundum
1611 1622 1715 1663 illud
1736 1623 1896 1664 Psalmi
1916 1626 1974 1660 ¹²:
2004 1635 2022 1659 (ι
2052 1622 2255 1663 Dominus
2281 1623 2389 1663 dixit

1359 1693 1410 1733 ad
1430 1705 1499 1732 me
1521 1707 1530 1732 :
1551 1693 1680 1734 Filius
1708 1705 1829 1734 meus
1849 1705 1893 1734 es
1917 1696 1979 1745 tu,
2005 1705 2085 1745 ego
2105 1694 2231 1734 hodie
2259 1695 2391 1747 genui

1358 1767 1421 1815 te3
1459 1779 1477 1803 ))
1517 1765 1620 1817 quia
1658 1765 1789 1806 alium
1824 1777 1910 1806 non
1947 1766 2074 1806 habet
2107 1767 2271 1818 patrem
2310 1765 2392 1806 nisi

1359 1836 1513 1887 Deum,
1542 1837 1595 1878 ad
1627 1839 1751 1890 cujus
1781 1837 2092 1878 distinctionem
2130 1837 2282 1879 dicitur
2314 1839 2344 1860 ¹³
2379 1854 2387 1879 :

1367 1909 1591 1949 «Ascendo
1615 1909 1666 1950 ad
1687 1911 1850 1962 patrem
1870 1921 2030 1960 meum,
2052 1911 2093 1949 et
2111 1912 2274 1961 patrem
2294 1922 2390 1951 ves-

1361 1983 1528 2021 trum.»
1565 1980 1805 2021 Ostenditur
1828 1980 1956 2021 etiam
1982 1981 2208 2034 coaequalis
2240 1982 2285 2022 in
2314 1982 2392 2024 hoc

1362 2051 1476 2104 quod
1509 2051 1622 2092 addit
1654 2066 1663 2091 :
1698 2051 1902 2102 Dilectus,
1934 2051 1977 2092 id
2006 2053 2080 2102 est,
2110 2052 2324 2106 praecipue
2352 2056 2393 2094 et

1362 2134 1529 2162 summe
1565 2121 1734 2163 electus.
1770 2121 1887 2163 Unde
1915 2122 1942 2144 st
1974 2137 1982 2162 :
2020 2122 2240 2164 «Dilectus
2274 2135 2394 2165 meus

1363 2194 1563 2234 candidus
1578 2196 1618 2233 et
1631 2193 1909 2243 rubicundae,
1923 2193 2079 2234 electus
2093 2206 2147 2234 ex
2161 2195 2388 2236 millibus.»

1363 2264 1413 2304 Et
1438 2265 1483 2304 in
1510 2264 1669 2306 ι1061711113
1694 2264 1742 2317 (b)
1763 2265 1791 2288 ¹5
1815 2278 1853 2302 :a
1875 2263 1997 2305 Pater
2016 2265 2156 2316 diligit
2178 2266 2332 2317 filium,
2355 2270 2396 2308 et

1363 2336 1509 2376 omnia
1519 2337 1779 2378 demonstrat
1789 2337 1841 2377 ei.
1854 2351 1873 2374 ))
1892 2335 1941 2378 Ε1
1953 2338 2054 2391 quia
2066 2339 2144 2379 ista
2153 2338 2309 2379 veritas
2319 2338 2392 2379 ad-

1364 2419 1413 2448 eo
1434 2408 1479 2460 (c)
1502 2413 1590 2448 erat
1609 2408 1818 2449 credibilis
1835 2441 1844 2459 ,
1868 2411 1917 2448 ut
1944 2409 2087 2450 omnia
2107 2409 2216 2450 dicta
2240 2409 2395 2450 Christi
2431 2427 2556 2458 Quomo-

1366 2479 1600 2519 ostenderet
1634 2492 1723 2519 esse
1758 2479 1988 2531 credenda,
2026 2481 2119 2521 ideo
2151 2481 2352 2533 adJungit
2383 2465 2555 2533 :dt‘flffifff'

1365 2552 1512 2602 Ipsum
1535 2550 1695 2601 audite,
1717 2563 1803 2591 non
1824 2563 1926 2592 aure
1945 2551 2083 2592 solum
2103 2546 2302 2604 corporis,
2324 2553 2396 2593 sed
2415 2547 2550 2574 ‘flemma

255 2420 368 2461 tione
390 2418 571 2460 nebulae.
596 2433 614 2455 ))
641 2417 705 2457 Ex
723 2417 803 2457 hoc
822 2415 1077 2456 erudiuntur
1096 2417 1285 2455 contem-

256 2490 417 2545 plativi,
442 2493 489 2530 ut
505 2501 593 2529 non
611 2490 778 2528 tantum
799 2486 969 2538 erigant
988 2485 1132 2526 oculos
1154 2487 1206 2527 ad
1228 2486 1289 2527 lu-

257 2576 347 2604 cem
379 2561 541 2603 deitatis
573 2560 824 2610 radiantem,
856 2559 927 2599 sed
964 2558 1090 2598 etiam
1128 2559 1288 2599 nubem

257 2633 534 2675 humanitatis
551 2631 894 2672 obumbrantem.
912 2629 1031 2678 Quod
1051 2630 1289 2681 figuratum

257 2708 333 2754 est,
356 2716 453 2745 cum
473 2703 578 2744 dixit
598 2702 802 2742 Dominus
822 2699 1071 2741 Nathanaeli
1096 2699 1109 2721 ⁸
1137 2713 1146 2741 :
1177 2715 1195 2739 α
1214 2699 1288 2742 Vi-

257 2776 408 2816 debitis
425 2774 601 2825 angelos
627 2773 713 2823 Dei,
734 2786 752 2809 ))
782 2771 822 2812 id
840 2774 902 2811 est
923 2771 1286 2823 contemplativos,

265 2863 284 2885 «
312 2847 579 2887 ascendentes
605 2848 646 2885 et
673 2843 971 2884 descendentes
999 2854 1129 2895 supra
1149 2843 1288 2884 filium

259 2917 458 2969 hominis,
479 2932 497 2954 n
533 2916 634 2969 quia
653 2915 698 2955 in
725 2914 990 2955 humanitate
1018 2914 1117 2954 latet
1141 2914 1288 2955 divina

258 2990 471 3041 majestas

292 3058 507 3119 'Secundo
526 3069 643 3108 vero,
667 3059 876 3110 quantum
905 3057 957 3098 ad
983 3056 1172 3098 veritatis
1198 3068 1287 3097 cre-

259 3130 398 3170 dibilis
429 3129 756 3177 revelationem,
789 3128 1038 3181 adengitur
1071 3140 1079 3165 ε
1114 3128 1285 3170 Intran-

255 3201 371 3243 tibus
391 3200 481 3242 illis
511 3200 556 3240 in
584 3199 748 3249 nubem,
771 3200 924 3240 scilicet
953 3199 1206 3239 excitantem
1235 3199 1287 3240 ad

257 3271 564 3322 reverentiam,
592 3271 719 3322 juxta
750 3270 862 3322 quod
889 3270 1042 3310 dicitur
1071 3269 1084 3291 ⁹
1120 3284 1128 3310 ε
1166 3285 1186 3309 α
1217 3269 1284 3310 111-

302 3381 307 3397 ¹
331 3381 426 3419 Sup„
448 3386 478 3420 Ι,
499 3379 550 3410 35.
573 3396 608 3401 —-
633 3378 644 3396 2
669 3376 739 3416 Job,
762 3385 863 3417 xxxi,
885 3378 935 3409 22.
962 3394 1002 3400 —
1022 3377 1035 3398 ³
1054 3378 1173 3416 Jerem,
1195 3386 1230 3417 x,
1255 3379 1286 3409 7.

260 3443 294 3448 —
319 3427 332 3448 ⁴
351 3426 473 3465 Exod,
502 3434 581 3465 xxx,
611 3428 641 3458 9.
661 3442 703 3448 --
727 3425 740 3446 ⁵
761 3425 840 3463 Istc„
865 3432 944 3464 XIX,
971 3427 1000 3455 1.
1021 3441 1061 3446 -
1090 3425 1102 3445 ⁴³
1127 3426 1168 3456 111
1195 3426 1286 3466 Κεφ,

258 3481 361 3513 xvim,
386 3475 437 3505 44.
459 3490 498 3496 —
522 3475 532 3492 ⁷
555 3472 669 3509 Eccli„
690 3479 794 3509 xmn,
819 3473 869 3502 24.
890 3488 930 3493 —-
949 3470 963 3492 8
984 3472 1091 3510 Joan„
1116 3480 1148 3512 1,
1172 3474 1223 3503 51.
1246 3490 1285 3495 —

258 3522 269 3537 ‘⁴
287 3520 406 3561 Emod„
427 3529 521 3560 xxiv,
549 3522 598 3552 18.
617 3537 656 3543 —
678 3520 702 3541 ²·
723 3518 812 3550 Psal.
834 3526 903 3559 eis,
923 3521 954 3551 3.
972 3535 1011 3541 —
1031 3519 1182 3558 1¹Joc1n.‚
1200 3527 1285 3560 vul,

239 3570 310 3606 25.
331 3586 368 3592 —
389 3569 416 3590 ¹²
434 3568 520 3600 Psal.
545 3576 587 3607 11,
607 3570 638 3599 Ἰ.
661 3585 698 3591 -
722 3566 749 3589 ¹³
766 3568 874 3606 Joczn.,
900 3574 963 3607 XX,
986 3568 1034 3598 17.
1056 3583 1094 3589 —
1124 3567 1150 3589 ¹4
1176 3568 1288 3606 Cant„

1367 2623 1493 2663 etiam
1515 2622 1664 2673 cordis,
1687 2623 1794 2663 sicut
1819 2622 2030 2676 Propheta
2056 2622 2101 2662 in
2128 2623 2297 2666 Psalmo
2327 2623 2355 2645 ¹⁶
2384 2635 2392 2662 :

1371 2709 1391 2732 «
1418 2694 1602 2734 Audiam
1628 2694 1729 2746 quid
1751 2696 1948 2746 loquatur
1968 2694 2012 2734 in
2040 2705 2109 2733 me
2130 2693 2349 2736 Dominus.
2371 2709 2390 2733 ))

1365 2766 1538 2816 Audite,
1566 2766 1759 2818 inquam,
1782 2777 1880 2806 cum
1909 2765 2027 2806 omni
2054 2766 2306 2818 reverentia,
2331 2779 2395 2807 se-

1368 2838 1555 2878 cundum
1576 2837 1801 2878 consilium
1820 2837 1848 2859 ¹⁷
1873 2848 1882 2876 :
1908 2851 1927 2874 <‹
1946 2836 2057 2877 Audi
2076 2839 2231 2888 tacens,
2254 2841 2295 2878 et
2319 2850 2396 2890 pro

1365 2909 1602 2951 reverentia
1621 2908 1788 2949 accedet
1805 2907 1883 2948 tibi
1899 2907 2010 2948 bona
2029 2908 2182 2959 gratia.
2203 2921 2222 2945 ))
2251 2909 2395 2959 Ipsum

1366 2980 1540 3031 aud-ite,
1580 2991 1679 3020 cum
1711 2978 1827 3019 omni
1863 2978 2124 3028 obedientia⁷
2164 2978 2395 3019 secundum

1364 3053 1470 3094 illud
1495 3052 1523 3074 ¹⁸
1554 3067 1563 3092 2
1593 3066 1612 3090 c<
1633 3050 1713 3100 Qui
1741 3049 1860 3090 audit
1881 3061 1964 3099 me,
1986 3060 2071 3088 non
2090 3049 2369 3091 confundetur
2381 3066 2392 3100 ;

1365 3127 1405 3166 et
1446 3123 1520 3177 qui
1548 3125 1777 3175 operantur
1815 3121 1860 3160 in
1892 3132 1984 3171 1110,
2021 3131 2107 3160 non
2143 3122 2392 3172 peccabunt.

1364 3198 1510 3249 Ipsum
1535 3194 1699 3245 audite,
1731 3205 1829 3234 cum
1860 3191 1976 3232 omni
2009 3191 2251 3243 diligentia3
2282 3194 2395 3235 unde
2431 3211 2436 3214 >

1363 3268 1473 3308 infra
1502 3266 1530 3288 ¹⁹
1559 3278 1568 3305 ε
1597 3264 1780 3307 «Omnis
1810 3263 1992 3316 populus
2019 3275 2248 3316 suspensus
2279 3268 2391 3316 erat,

1362 3407 1395 3439 v,
1422 3401 1471 3431 12.
1499 3415 1540 3422 -
1569 3398 1594 3419 ¹⁵
1618 3398 1724 3435 Joan„
1756 3402 1788 3436 v,
1815 3397 1866 3426 20.
1892 3412 1932 3418 —
1961 3395 1987 3416 1⁶
2011 3395 2102 3428 Psal.
2132 3403 2272 3436 mxxiv,
2297 3398 2328 3427 9.
2351 3414 2392 3420 —

1362 3447 1389 3468 1⁷
1411 3445 1528 3484 Ecclz'.,
1555 3451 1674 3482 xxxn,
1703 3445 1732 3476 9.
1760 3460 1800 3466 -
1832 3443 1857 3464 1⁸
1883 3442 1982 3484 ibid„
2006 3451 2103 3483 xxiv,
2129 3445 2180 3476 30.
2206 3462 2242 3466 —
2270 3445 2295 3466 1⁹
2318 3444 2390 3486 inf„

1362 3501 1435 3534 Xix,
1457 3495 1508 3525 48.

1406 3565 1453 3607 (a)
1473 3565 1553 3597 Caet.
1573 3562 1655 3595 edit.
1676 3562 1811 3595 nebula.
1825 3578 1864 3586 —
1882 3561 1924 3604 (b)
1942 3563 2100 3596 Joannes.
2120 3577 2159 3586 -
2174 3562 2217 3606 (c)
2241 3572 2260 3595 a
2277 3563 2360 3596 Deo.
