2634 3853
997 202 1272 245 EXPOSITIO
1302 204 1356 246 IN
1384 204 1498 246 CAP.
1531 200 1621 246 VII.

249 293 622 349 quinqueformem
646 293 695 346 (a)
720 291 1102 344 transgressionem
1121 293 1278 344 perfec-

247 365 371 406 tionis
379 376 484 405 evan
491 364 637 416 gelicae
649 378 658 404 t
670 363 890 416 completio
900 363 1014 403 enim
1025 362 1277 414 intelligitur

250 448 326 488 per
337 437 638 478 centenarium.
654 437 708 479 Et
721 436 833 478 alius
846 437 1063 488 qumquem
1072 436 1162 477 ῑητα
1174 448 1186 473 .·
1198 436 1277 475 hoc

243 506 396 547 dicitur
420 510 625 559 quantum
666 507 718 548 ad
749 505 1023 558 semiplenam
1052 506 1275 557 obligatio-

246 589 365 627 nem,
387 590 483 630 quae
507 580 568 618 cst
587 578 631 617 in
650 576 982 628 transgressione
1003 576 1273 628 quinquefor-

244 647 325 687 mis
340 647 386 700 (b)
402 648 534 700 ipsius
548 648 753 699 decalogi.
770 647 849 687 Sed
866 647 966 699 quia
980 647 1089 687 Deus
1099 648 1275 687 misere-

244 719 315 757 tur
346 718 463 758 omni
495 718 642 770 generi
672 720 939 770 peccatorum
968 717 1042 769 qui
1062 717 1114 757 ad
1136 718 1276 770 ipsum

247 791 571 838 convertuntur,
583 789 677 829 ideo
691 788 886 829 subditur
910 788 964 839 (v.
979 790 1044 838 42)
1064 802 1072 828 :
1096 788 1274 829 Nonha-

248 857 440 901 bentibus
457 860 547 902 illis
567 859 678 901 unde
692 858 934 909 redderent,
949 858 1126 900 donavit
1142 859 1274 899 utris-

247 939 341 980 que,
360 929 514 970 scilicet
527 942 580 970 ex
595 929 883 970 misericordia
897 928 1154 978 condolente,
1169 928 1277 968 sicut

247 998 400 1040 dicitur
420 1001 430 1021 ¹
454 1012 464 1040 z
492 1015 511 1038 α
531 1000 727 1041 Misertus
760 1001 902 1040 autem
931 999 1135 1039 Dominus
1164 998 1276 1038 servi

246 1069 375 1121 illius,
396 1070 554 1112 dimisit
573 1071 694 1112 illum
714 1073 754 1111 et
775 1069 964 1111 debitum
991 1069 1152 1110 dimisit
1172 1069 1225 1109 ei.
1253 1083 1271 1106 n

248 1140 298 1181 Et
315 1141 396 1182 hoc
410 1142 696 1195 compassione
710 1144 867 1182 nostrae
880 1141 1079 1191 miseriae,
1098 1153 1184 1193 qua
1199 1141 1276 1180 im-

247 1214 436 1263 potentes
462 1224 611 1253 sumus
641 1212 818 1254 solvere.
854 1212 1006 1254 Omnia
1037 1211 1150 1252 enim
1182 1223 1277 1264 quae

248 1281 456 1323 habemus
496 1283 626 1323 'etiam
664 1283 753 1323 sine
794 1283 1050 1334 obligatione
1096 1282 1274 1335 peccati,

247 1352 332 1392 Deo
351 1353 556 1394 debemus
576 1358 589 1379 ²
612 1367 621 1394 :
651 1368 670 1391 (ι
689 1353 796 1402 Quid
816 1356 960 1393 autem
988 1353 1133 1401 habes,
1166 1352 1279 1404 quod

247 1433 334 1463 non
362 1423 580 1476 accepisti?
610 1423 653 1464 Si
674 1425 818 1463 autem
837 1422 1049 1475 accepisti,
1069 1422 1171 1474 quid
1191 1422 1280 1473 glo-

247 1492 384 1544 riaris,
401 1494 523 1547 quasi
549 1506 633 1534 non
649 1494 855 1546 acceperis
867 1495 912 1532 9»
932 1493 982 1534 Et
992 1493 1277 1545 Paralipome-

247 1574 333 1606 non
353 1567 367 1589 ³
389 1578 398 1604 z
425 1579 445 1604 α
463 1564 554 1606 Tua
571 1568 668 1605 sunt
689 1564 855 1616 omnia,
880 1567 920 1606 et
945 1577 1042 1617 quae
1068 1564 1118 1604 de
1143 1576 1277 1605 manu

248 1636 324 1675 tua
342 1635 599 1687 accepimUS,
632 1635 826 1676 dedimus
846 1635 936 1676 tibi.
958 1649 978 1673 »
1016 1634 1060 1675 Si
1086 1646 1190 1686 ergo
1208 1647 1275 1675 re-

248 1704 377 1748 mittit
409 1708 603 1758 peccata,
635 1707 798 1758 oportet
828 1705 942 1758 quod
976 1704 1205 1746 liberaliter
1237 1707 1278 1745 et

249 1776 575 1819 misericorditer
590 1778 792 1829 remittat,
822 1777 923 1830 quia
940 1777 1109 1818 nullum
1127 1788 1275 1829 possu—

249 1858 345 1888 mus
373 1847 603 1900 rependere
633 1846 900 1888 beneficium.
935 1845 1186 1897 Obligamur
1212 1849 1275 1886 ta-

249 1930 350 1959 men
369 1918 422 1959 ad
442 1917 671 1959 dilectionis
692 1918 907 1967 affectum,
929 1916 980 1957 de
998 1928 1082 1969 quo
1101 1915 1279 1968 requirit

249 1990 420 2041 propter
437 1988 637 2030 collatum
656 1988 925 2030 beneficium.
952 1988 1054 2036 Quis
1075 1996 1170 2039 erqo
1184 1996 1279 2027 eum

245 2059 343 2110 plus
370 2058 541 2112 dilevit?
563 2071 660 2100 cum
678 2061 858 2111 uterque
876 2057 1052 2110 diligere
1068 2058 1275 2097 teneatur.

249 2128 366 2170 Unde
396 2130 455 2170 sic
485 2130 703 2182 quaerebat
733 2128 938 2170 Dominus
974 2140 1000 2168 a
1033 2127 1156 2169 Petro
1185 2129 1279 2179 post

247 2200 600 2242 condonatIOnem
617 2201 685 2242 sui
704 2199 862 2253 peccati
882 2199 923 2240 *ε
952 2214 972 2238 α
992 2198 1140 2240 Simon
1158 2197 1177 2239 J
1181 2210 1278 2239 oan-

246 2271 328 2322 nis,
351 2272 493 2324 diligis
516 2284 585 2313 me
604 2271 699 2324 plus
719 2270 786 2311 his
805 2271 825 2311 ¹?
844 2285 864 2309 n
899 2269 950 2311 Et
972 2269 1278 2311 rationabiliter

247 2343 420 2395 quaerit,
460 2342 560 2394 quia
597 2340 929 2393 inaequalitatem
974 2339 1278 2380 beneficiorum

249 2412 372 2465 sequi
390 2412 512 2453 debet
530 2411 798 2464 inaequalitas
812 2409 1098 2460 affectionum,
1121 2421 1276 2450 secun-

248 2483 350 2524 dum
370 2482 484 2535 quod
504 2481 602 2522 dicit
622 2481 856 2533 Gregorius
871 2484 884 2505 ⁵
908 2494 917 2521 :
947 2494 966 2518 c(
983 2480 1087 2520 Cum
1107 2492 1278 2532 augen-

247 2556 318 2595 tur
337 2554 460 2604 dona,
481 2553 667 2594 rationes
680 2553 824 2603 etiam,
843 2554 1036 2592 crescunt
1049 2551 1274 2592 donorum.

248 2624 381 2665 Tanto
401 2636 507 2675 ergo
527 2623 732 2664 humilior
761 2625 889 2675 atque
922 2622 975 2662 ad
1005 2621 1278 2662 serviendum

249 2694 333 2748 Deo
357 2694 592 2747 promptior
618 2694 797 2747 quisque
829 2704 917 2733 esse
949 2692 1071 2733 debet
1097 2704 1151 2733 ex
1180 2704 1278 2732 mu-

250 2777 364 2817 nere,
389 2767 547 2819 quanto
564 2777 609 2807 se
636 2764 931 2817 obligatiorem
959 2776 1048 2805 esse
1075 2763 1279 2816 conspicit

250 2835 296 2876 in
313 2835 526 2877 reddenda
543 2836 719 2877 ratione.
742 2849 761 2873 ›>

305 2905 446 2947 Tertio
464 2919 567 2949 vero
587 2905 790 2947 Pharisaei
815 2904 1022 2957 approbat
1040 2903 1278 2956 responsio-

251 2986 369 3026 nem,
407 2978 454 3017 ut
487 2976 533 3017 in
568 2976 746 3019 veritate
777 2975 1073 3024 confirmetur3
1110 2976 1280 3026 propter

253 3045 366 3096 quod
384 3046 496 3087 addit
509 3049 564 3098 (v.
577 3050 643 3098 43)
663 3061 671 3088 z
689 3044 957 3099 Respondeas
974 3044 1120 3086 Simon
1134 3043 1279 3086 dicit.-

254 3113 446 3167 AEstz'mo,
463 3119 566 3170 quia
588 3119 627 3160 is
646 3119 718 3160 cuz·
735 3117 835 3169 plus
854 3115 1056 3166 donavit,
1077 3114 1190 3168 quod
1207 3115 1280 3155 sci-

254 3183 351 3225 licet
368 3188 548 3239 amplius
567 3189 707 3241 diligit
715 3203 726 3239 ;
761 3190 809 3230 ut
835 3187 1078 3230 verificetur
1107 3185 1211 3226 illud
1231 3186 1244 3206 ⁶
1266 3200 1277 3226 2

261 3268 281 3293 c(
300 3254 380 3296 Ubi
419 3260 562 3298 autem
598 3259 830 3302 abundavit
867 3257 1067 3299 delictum
1082 3288 1092 3308 ,
1131 3268 1277 3309 super-

297 3337 308 3359 1
328 3338 463 3378 Mattlz„
482 3347 589 3380 xvm,
609 3342 660 3374 27.
680 3359 722 3366 —
740 3342 752 3360 2
771 3343 782 3373 l
804 3341 896 3381 Com,
916 3348 964 3380 lv,
984 3340 1015 3371 7.
1032 3356 1068 3362 —
1088 3339 1101 3361 ⁸
1118 3339 1129 3370 l
1150 3338 1279 3380 PamL,

256 3391 360 3424 mx,
385 3387 434 3419 14.
455 3403 491 3408 —
511 3386 522 3406 ⁴
540 3388 648 3427 Joan„
674 3396 755 3430 xxi,
777 3390 827 3420 15.
847 3406 883 3412 —-
903 3388 917 3411 ⁶
937 3388 1051 3428 Greg.,
1079 3387 1113 3417 in
1136 3386 1280 3426 Evanq„

255 3430 350 3464 hom.
373 3440 421 3465 ix.
440 3450 482 3457 —
509 3434 522 3453 ⁶
547 3435 650 3476 Rom„
671 3443 705 3475 v,
731 3438 784 3468 20.
806 3453 847 3459 —
875 3437 885 3455 ⁷
905 3434 1024 3475 Eccli„
1058 3441 1136 3474 xm,
1164 3434 1214 3465 18.
1243 3449 1278 3454 —-

256 3476 271 3500 ⁸
284 3480 391 3521 Joan.‚
403 3488 463 3522 vn,
482 3482 576 3514 24.-
591 3482 606 3505 ⁹
625 3483 721 3524 Bed.‚
740 3484 776 3515 in
796 3483 887 3523 Luc„
905 3483 962 3515 lib.
987 3484 1047 3516 111.
1063 3498 1104 3507 -
1120 3481 1146 3504 ¹·
1160 3481 1278 3522 Greg„

2293 211 2371 249 413

1351 293 1581 335 abundavit
1599 294 1640 332 et
1662 291 1813 343 gratia.
1835 305 1854 329 >)
1875 291 1926 332 Et
1944 293 2162 344 quoniam,
2183 295 2289 335 sicut
2307 296 2370 336 di-

1350 364 1458 404 citur
1476 365 1489 385 ⁷
1514 379 1523 406 2
1551 379 1570 402 «
1587 363 1774 405 Verbum
1799 362 1963 416 sapiens
1981 363 2277 415 quodcumque
2295 377 2370 405 au-

1350 434 1472 475 dierit
1492 435 1615 485 scius,
1633 434 1836 484 laudabit,
1853 439 1893 474 et
1907 434 1959 474 ad
1972 445 2015 474 se
2030 434 2197 485 adiiciet
2213 449 2222 483 ;
2244 449 2262 472 ›>
2282 435 2374 475 ideo

1351 506 1544 546 subditur
1568 519 1577 546 :
1601 507 1658 548 Ac
1678 506 1746 547 ille
1766 505 1887 547 clz‘oez'c
1907 506 1947 546 ez·
1967 516 1980 545 :
2004 505 2123 547 Recte
2144 504 2372 556 judicasti.

1350 575 1437 616 Hoc
1456 577 1568 616 enim
1592 577 1730 617 solum
1746 576 1957 628 Judicium
1985 576 2187 628 approbat
2218 575 2377 617 Veritas

1351 647 1551 698 Christus,
1570 648 1682 700 quod
1697 649 1862 699 justum
1876 649 1951 697 est,
1970 646 2203 687 secundum
2216 647 2321 687 illud
2335 647 2372 688 8:

1356 730 1375 754 (ι
1394 715 1528 757 Nolite
1548 717 1735 768 judicare
1756 716 1988 757 secundum
2007 716 2172 767 faciem,
2195 717 2266 757 sed
2281 718 2378 769 Jus-

1349 787 1442 826 tum
1465 787 1677 838 judicium
1698 787 1897 838 Judicate.
1920 801 1939 823 >>
1977 786 2094 826 Unde
2120 787 2192 839 qui
2223 787 2378 828 falsum

1346 858 1556 910 ,iudicium
1595 859 1748 898 iecerat
1784 870 1837 898 ex
1872 857 2042 910 propria
2076 859 2376 910 aestimatione,

1350 930 1512 969 rectum
1525 941 1638 969 nunc
1649 928 1867 980 profertex
1877 927 2022 968 divina
2034 929 2375 970 manuductione.

1350 999 1401 1039 Et
1431 1000 1531 1052 quia
1569 999 1678 1039 male
1709 998 1976 1051 ,iudicaverat
2004 998 2121 1050 prius
2160 998 2270 1039 intra
2313 1011 2375 1051 se,

1353 1070 1466 1110 unde
1500 1069 1611 1110 Beda
1646 1070 1688 1122 (c)
1722 1069 1735 1090 ⁹
1770 1083 1778 1109 :
1820 1084 1838 1107 «
1859 1069 1945 1109 Sua
1990 1069 2196 1109 sententia
2239 1069 2380 1110 Phari-

1351 1152 1464 1181 saeus
1484 1141 1763 1191 convincitur,
1787 1140 1887 1192 quia
1904 1140 2009 1180 sicut
2028 1140 2300 1192 phreneticus
2319 1141 2380 1180 fu÷

1350 1224 1448 1252 nem
1468 1215 1621 1264 portat,
1644 1224 1696 1253 ex
1716 1223 1798 1264 quo
1818 1211 1990 1263 ligetur.
2013 1226 2032 1248 ))
2072 1211 2122 1251 Et
2140 1214 2240 1251 nota
2265 1211 2379 1264 quod

1352 1283 1673 1323 commendatur
1704 1282 1771 1322 hic
1802 1282 2002 1323 Pharisaei
2035 1281 2270 1333 Judicium,
2305 1293 2382 1322 nec

1351 1355 1493 1393 tamen
1511 1353 1579 1393 ille
1611 1353 1684 1405 qui
1711 1352 1894 1404 amplius
1913 1354 2178 1404 peccaverat,
2201 1352 2382 1404 amplius

1352 1423 1690 1472 commendatum
1709 1422 1781 1462 sed
1792 1421 2025 1462 ostenditur
2038 1422 2200 1462 ratione
2220 1422 2305 1462 obli
2311 1434 2382 1473 ga-

1351 1492 1478 1533 tionis
1504 1504 1601 1545 quae
1623 1492 1740 1533 venit
1759 1504 1814 1532 ex
1849 1492 2032 1542 diverso,
2065 1492 2179 1544 quod
2201 1492 2383 1545 amplius

1352 1563 1405 1604 ad
1429 1563 1696 1614 diligendum
1716 1562 1947 1614 obligatur.
1975 1562 2092 1603 Unde
2111 1562 2384 1614 intelligenda

1352 1636 1414 1674 est
1432 1633 1524 1674 haec
1543 1633 1752 1674 sententia
1772 1645 1867 1674 cum
1887 1633 2229 1685 reduplicatione,
2253 1645 2381 1686 quan-

1354 1706 1444 1744 tum
1473 1704 1626 1745 scilicet
1655 1705 1707 1745 ad
1742 1703 2067 1755 obligationem,
2098 1706 2138 1744 et
2169 1703 2385 1756 supposita

1352 1773 1491 1826 gratia
1510 1776 1549 1814 et
1565 1773 1814 1814 rectitudine
1831 1773 1875 1813 in
1895 1773 2125 1824 voluntate,
2146 1774 2247 1826 quia
2259 1774 2384 1814 multi

1352 1844 1404 1884 ad
1425 1856 1605 1895 magnas
1625 1844 1785 1896 gratias
1801 1846 2013 1895 tenentur,
2036 1844 2110 1896 qui
2131 1856 2286 1896 paucas
2309 1846 2383 1885 aut

1351 1914 1489 1955 nullas
1498 1915 1694 1956 reddunt.
1708 1914 1826 1955 Unde
1841 1914 2072 1965 Gregorius
2084 1915 2138 1966 (d)
2155 1916 2183 1939 1⁰
2199 1927 2209 1956 ε
2221 1914 2384 1967 «Super

1352 1996 1500 2025 omnes
1520 1985 1615 2037 plus
1629 1985 1817 2036 offendit,
1834 1985 1910 2038 qui
1924 1985 2017 2037 plus
2036 1985 2199 2035 debuit;
2221 1986 2293 2026 sed
2310 1997 2384 2038 per

1352 2055 1685 2096 misericordiam
1711 2056 1966 2096 dominicam
1987 2056 2125 2097 omnis
2144 2068 2269 2097 causa
2288 2069 2383 2097 mu-

1351 2127 1465 2166 tatur
1481 2158 1491 2178 ,
1513 2128 1563 2166 ut
1582 2126 1765 2179 amplius
1797 2127 1974 2178 diligat,
2005 2127 2078 2180 qui
2103 2127 2284 2181 amplius
2311 2128 2386 2169 de-

1350 2196 1464 2247 buit,
1493 2197 1530 2237 si
1554 2199 1698 2238 tamen
1719 2197 1861 2249 gratia
1881 2200 2178 2251 consequatur.
2200 2212 2219 2236 ›>

1405 2270 1470 2308 44.
1505 2267 1560 2310 Εῑ
1580 2275 1806 2310 conversus
1839 2268 1898 2310 acl
1926 2268 2166 2319 mulierem,
2188 2271 2265 2310 etc.
2286 2269 2386 2311 Post

1353 2339 1552 2389 generale
1570 2339 1806 2391 judicium,
1838 2339 2016 2381 assumit
2035 2339 2212 2392 speciale
2229 2352 2384 2392 propo-

1352 2409 1494 2459 situm,
1519 2409 1564 2449 in
1584 2422 1668 2462 quo
1683 2410 1865 2450 ostendit
1881 2409 2156 2463 peccatricem
2176 2411 2383 2462 majorem

1351 2478 1551 2520 affectum
1574 2480 1775 2521 habuisse
1794 2480 1846 2521 ad
1867 2480 2094 2530 Christum,
2117 2492 2246 2532 quam
2267 2480 2382 2521 Pha-

1351 2550 1545 2601 risaeum,
1568 2551 1841 2603 proponendo
1859 2551 2013 2604 triplex
2027 2551 2256 2592 dilectionis
2269 2551 2385 2603 ¹iudi-

1352 2621 1481 2672 cium,
1497 2620 1650 2662 scilicet
1668 2621 1831 2671 fletum,
1850 2621 2058 2671 osculum,
2073 2623 2113 2662 et
2125 2621 2384 2662 ablutionem

1351 2691 1508 2744 pedum
1534 2705 1543 2732 z
1567 2691 1612 2731 in
1635 2692 1791 2744 quibus
1818 2691 1973 2732 mulier
2002 2692 2203 2745 praecellit
2231 2691 2382 2732 Phari-

1353 2774 1510 2803 saeum.
1531 2761 1675 2803 Primo
1692 2774 1799 2813 ergo
1818 2761 2028 2814 praeponit
2047 2762 2088 2815 (e)
2110 2762 2384 2815 peccatricem

1354 2832 1518 2874 Simoni
1534 2835 1703 2886 propter
1716 2833 1879 2882 fletum,
1894 2832 2007 2885 quod
2022 2834 2111 2873 erat
2132 2845 2379 2886 expressum

1353 2903 1558 2944 indicium
1594 2902 1879 2952 contritionis;
1916 2904 1957 2942 et
1993 2902 2075 2943 hoc
2108 2905 2248 2955 notat,
2286 2915 2384 2944 cum

1353 2974 1482 3016 dicit:
1516 2976 1578 3017 Et
1607 2983 1833 3016 conversus
1866 2972 1924 3015 ad
1949 2973 2191 3024 mulierem,
2212 2977 2383 3026 propter

1353 3046 1445 3098 eJus
1464 3044 1758 3086 contritionem
1772 3045 1813 3084 et
1827 3043 2132 3096 poenitentiam‚
2151 3045 2382 3085 secundum

1353 3115 1458 3157 illud
1486 3116 1538 3156 1¹:
1561 3130 1580 3154 (‹
1600 3114 1901 3156 Convertimini
1920 3115 1973 3155 ad
1993 3127 2082 3166 me,
2103 3115 2161 3155 ait
2177 3114 2381 3155 Dominus

1354 3187 1643 3237 exercituum,
1663 3188 1704 3226 et
1731 3187 1955 3227 convertar
1976 3186 2028 3227 ad
2044 3198 2134 3228 VOS.
2155 3200 2174 3224 n
2200 3185 2286 3226 Hoc
2304 3199 2383 3227 au-

1352 3259 1439 3298 tem
1458 3258 1518 3309 fit,
1537 3268 1636 3298 cum
1652 3255 1872 3307 diligimus
1885 3258 1926 3297 et
1937 3256 2221 3308 rediligimur,
2239 3268 2384 3299 secun-

1354 3339 1389 3370 in
1409 3339 1550 3380 Evany„
1576 3338 1671 3370 hom.
1692 3345 1819 3369 xxxui.
1840 3355 1882 3361 —
1901 3338 1925 3359 ²¹
1945 3337 2058 3376 Zaclc„
2080 3345 2105 3377 1,
2125 3340 2199 3369 3.—
2219 3338 2265 3379 (a)
2289 3337 2381 3370 Edit.

1359 3387 1434 3418 Vat.
1463 3385 1760 3426 quinquiformem.
1783 3402 1819 3407 —
1849 3384 1893 3425 (ὁ)
1934 3385 2013 3415 Item
2051 3383 2324 3425 quinquiformis.
2344 3402 2386 3407 —

1356 3433 1398 3474 (c)
1417 3433 1497 3465 Coet.
1519 3432 1598 3466 edit.
1620 3431 1816 3472 Gregorius.
1838 3448 1873 3454 —
1897 3430 1943 3471 (d)
1963 3431 2044 3462 Item
2064 3431 2167 3463 Beda.
2188 3448 2227 3455 —-
2248 3431 2288 3473 (e)
2304 3432 2384 3465 Item

1353 3480 1530 3521 proponit.
