2634 3853
93 475 205 510 Aquilae

62 517 196 586 ggpfle·
223 527 263 567 et
281 525 538 576 ascensione,
556 538 652 578 quae
668 526 804 578 pullos
821 526 987 576 excitat,
1009 529 1055 566 ut
1073 538 1243 567 sursum

968 156 1240 199 EXPOSITlO
1269 157 1324 199 IN
1353 157 1468 199 CAP.
1497 157 1605 199 XIII.

225 246 478 298 sanguinem
497 256 624 286 suum
643 246 764 296 fudit,
785 246 836 287 de
855 257 960 299 quos
978 248 1020 287 et
1037 258 1115 287 nos
1132 247 1241 288 vivi-

222 316 377 357 ficavit.
400 314 517 355 Unde
543 315 586 354 in
612 316 777 358 Psalmo
806 317 816 338 ¹
840 328 850 356 :
886 332 905 355 «
931 316 1086 357 Similis
1113 318 1244 357 factus

221 398 317 427 511111
335 385 538 438 pellicano
557 386 808 427 solitudinis.
830 401 849 424 »

276 455 417 496 Tertio
431 459 698 508 comparatur
713 456 867 509 aquilae
882 456 925 496 in
939 456 1244 497 resurrectione

221 595 409 647 tendant,
426 598 467 636 et
483 596 528 636 in
547 595 677 636 solem
695 596 911 648 aspiciant,
928 598 967 636 et
985 596 1031 635 in
1043 596 1243 636 sublimia

220 665 386 716 volent3
410 669 451 706 et
468 669 515 706 ut
533 667 614 707 hoc
634 666 808 719 possint,
827 666 1020 706 lambunt
1039 667 1073 718 ej
1081 678 1130 706 us
1151 678 1243 707 san-

223 735 414 787 guinem.
432 735 549 776 Unde
568 736 640 778 Job
659 738 672 758 ²
687 748 701 777 :
720 751 738 774 (1
757 736 972 789 Numquid
992 736 1044 777 ad
1062 748 1243 789 praecep-

220 808 313 846 tum
344 808 469 846 tuum
495 805 730 847 elevabitur
758 807 918 859 aquila,
953 809 993 846 et
1024 807 1069 846 in
1098 807 1242 847 arduis

217 877 345 928 ponet
363 875 511 916 nidum
538 880 692 916 suum?
722 875 768 915 In
797 876 924 928 petris
951 879 1117 926 manet,
1139 880 1178 917 et
1197 878 1241 917 in

217 945 446 999 praeruptis
459 945 645 986 silicibus
663 949 964 996 commoratur,
986 949 1111 1000 atque
1130 948 1241 988 inac-

218 1016 342 1057 cessis
359 1016 552 1068 rupibus.
572 1016 671 1057 Inde
693 1017 1000 1069 contemplatur
1017 1029 1153 1058 escam
1167 1050 1178 1069 ,
1199 1021 1241 1059 et

217 1087 268 1127 de
297 1086 427 1138 longe
455 1086 566 1127 oculi
592 1087 685 1138 eJus
710 1087 983 1139 prospiciunt.
1014 1087 1125 1128 Pulli
1150 1090 1241 1141 eJus

217 1157 412 1198 lambunt
429 1157 686 1208 sanguinem
701 1172 710 1206 ;
735 1160 774 1197 et
788 1157 1046 1210 ubicumque
1062 1159 1241 1200 cadaver

217 1227 363 1277 fuerit,
385 1228 524 1283 statim
541 1227 669 1268 adest.
694 1242 714 1265 1)
736 1228 836 1268 Haec
855 1231 997 1269 autem
1017 1229 1121 1279 avis,
1145 1229 1240 1270 licet

217 1297 324 1337 dura
342 1297 395 1337 511
418 1297 650 1347 extraneis,
671 1297 793 1338 valde
823 1300 966 1338 tamen
993 1299 1152 1339 intenta
1180 1302 1241 1340 est

217 1368 494 1420 providentiae
513 1379 602 1408 suae
629 1368 757 1420 prolis
778 1383 786 1407 :
815 1371 986 1420 propter
1014 1370 1125 1421 quod
1146 1383 1238 1411 me-

216 1438 298 1479 rito
317 1437 573 1478 assimilatur
595 1437 633 1477 ei
657 1437 845 1478 Christus
864 1437 1115 1490 Redemptor
1140 1452 1241 1480 1105-

216 1510 372 1549 noster.
394 1507 510 1549 Unde
530 1507 683 1548 dicitur
698 1507 711 1528 ³
728 1521 737 1546 :
767 1521 786 1544 11
805 1507 1097 1548 Circuniduxit
1117 1520 1237 1560 eum,

216 1580 258 1619 01
275 1578 437 1628 docuit,
460 1580 501 1618 et
519 1577 744 1618 custodivit
763 1578 885 1629 quasi
904 1577 1110 1629 pupillam
1131 1580 1240 1620 oculi

215 1649 298 1690 sui.
333 1648 450 1689 Sicut
479 1648 619 1700 aquila
658 1659 892 1700 provocans
925 1648 978 1688 ad
1007 1649 1239 1690 volandum

214 1721 352 1774 pullos
372 1731 490 1770 suos,
514 1720 555 1759 et
573 1730 700 1771 super
718 1730 788 1759 eos
815 1719 995 1759 volitans
1008 1751 1018 1770 ,
1043 1722 1240 1773 expandit

212 1791 300 1832 alas
321 1803 420 1832 suas
444 1792 485 1831 et
510 1789 738 1842 assumpsit
762 1801 883 1841 eum,
914 1792 1038 1843 atque
1057 1792 1240 1843 portavit

213 1863 257 1902 111
276 1861 466 1902 humeris
486 1860 588 1901 suis.
609 1874 628 1897 ›)
654 1858 770 1900 Hanc
790 1860 1097 1912 benignitatem
1118 1874 1239 1902 recu-

214 1943 329 1981 sare,
357 1932 420 1972 est
448 1941 629 1971 summae
649 1930 940 1970 obdurationis
967 1934 1007 1971 et
1033 1931 1235 1983 perfidiae.

214 2002 389 2055 Propter
401 2001 514 2054 quod
532 2001 672 2042 Isaias
686 2000 720 2040 ¹⁹:
746 2016 764 2039 11
777 2000 851 2041 Vae
872 2001 989 2052 genti
1005 2001 1232 2053 peccatrici,

214 2072 370 2126 populo
402 2071 527 2123 gravi
561 2071 804 2123 iniquitate,
843 2071 993 2111 semini
1025 2083 1234 2124 nequam,

213 2143 310 2184 filiis
346 2141 583 2183 sceleratis?
620 2141 941 2195 Dereliquerunt
986 2142 1232 2194 Dominum,

213 2213 616 2267 blasphemaverunt
636 2214 828 2253 sanctum
851 2212 991 2263 lsrael,
1013 2213 1235 2254 abalienati

170 2325 175 2327 ,
213 2286 312 2325 511111
330 2285 577 2324 retrorsum.
600 2295 619 2318 ›>

265 2353 421 2403 Tertio,
442 2354 652 2405 quantum
674 2351 727 2391 ad
745 2351 857 2391 illius
875 2352 1014 2403 gentis
1033 2352 1234 2393 desertio-

212 2436 330 2475 nem,
354 2422 494 2464 subdit
517 2423 580 2474 (v.
598 2422 665 2473 35)
689 2436 698 2462 ι
721 2423 828 2463 Ecce
844 2422 1102 2474 relinquetur
1118 2424 1234 2466 vobis

211 2495 361 2538 domus
379 2496 521 2536 vestra
550 2492 729 2534 deserta.
752 2492 764 2513 ⁵
794 2491 963 2532 «Terra
989 2494 1131 2533 vestra
1161 2494 1232 2534 de-

210 2567 340 2615 serta,
362 2563 551 2605 civitates
569 2564 721 2603 vestrae
741 2574 952 2603 succensae
970 2566 1069 2603 sunt
1084 2564 1190 2614 igni.
1207 2580 1226 2602 »

210 2635 360 2677 Subdit
384 2649 392 2675 :
421 2649 440 2673 (1
466 2633 516 2674 Ε1
544 2632 861 2685 derelinquetur
897 2632 984 2673 filia
1024 2633 1151 2684 Sion,
1185 2637 1233 2674 ut

210 2704 510 2747 umbraculum
527 2703 574 2743 in
592 2703 731 2754 vinea,
755 2705 795 2743 et
815 2703 922 2744 510111
940 2704 1167 2755 tugurium
1185 2705 1231 2745 in

208 2775 517 2826 cucumerario,
531 2777 571 2816 et
583 2775 690 2815 sicut
711 2774 856 2814 civitas
877 2786 974 2826 quae
989 2777 1224 2816 vastatur.»

207 2849 260 2890 Ε1
291 2848 494 2901 quoniam
526 2847 633 2887 sicut
659 2845 926 2886 obdurationi
956 2847 1231 2899 conjungit-ur

206 2919 405 2969 desertio,
433 2918 492 2958 ita
521 2916 734 2959 devotioni
754 2918 904 2969 Juncta
934 2919 995 2956 051
1024 2917 1227 2969 visitatio,

206 2990 300 3031 ideo
328 2990 523 3031 subditur
543 3003 552 3029 ε
581 2989 682 3029 Dico
702 2988 844 3030 vobis:
872 2987 986 3038 Quia
1005 2997 1090 3029 non
1108 2988 1228 3030 vide-

207 3061 307 3103 bitis
328 3071 405 3111 me,
433 3060 562 3102 donec
583 3060 750 3108 veniat,
775 3069 870 3099 cum
886 3057 1069 3100 dicetis:
1097 3059 1227 3100 Bene-

206 3130 346 3173 dictus
366 3131 441 3182 qui
470 3131 588 3172 venit
607 3131 657 3172 in
680 3129 848 3171 nomine
873 3128 1060 3170 Domini.
1084 3128 1096 3149 ⁶
1118 3143 1137 3167 (1
1158 3128 1231 3170 Βο-

205 3200 396 3249 nedictus
413 3200 487 3252 qui
504 3199 622 3241 venit
642 3200 686 3239 in
704 3198 877 3240 nomine
897 3198 1083 3248 Domini;
1106 3212 1126 3235 ›>
1160 3210 1230 3239 50-

247 3329 259 3350 1
278 3327 367 3360 Psal.
393 3335 445 3368 01,
465 3329 495 3359 8.
516 3345 556 3351 -
578 3328 592 3349 2
610 3328 688 3367 Job,
710 3335 836 3367 xxxix,
858 3329 916 3367 27,
937 3329 990 3358 30.
1011 3343 1049 3349 —
1078 3327 1089 3346 ³
1115 3328 1228 3368 Dent„

207 3381 324 3413 xxxll,
351 3377 405 3414 10,
438 3377 487 3405 11.
512 3391 551 3398 —
580 3375 591 3393 ‘
618 3375 696 3413 Isa„
721 3384 751 3415 1,
780 3378 809 3407 4.
837 3390 875 3398 -—
901 3375 914 3397 ⁵
945 3373 1044 3413 ibid„
1071 3375 1111 3414 7,
1138 3376 1167 3406 8.
1189 3391 1229 3398 —

207 3422 220 3443 ὃ
242 3420 328 3453 Psal.
351 3428 461 3462 exvn,
481 3423 533 3460 26,
553 3423 604 3452 27.
624 3438 663 3444 —
694 3423 703 3440 ⁷
722 3423 829 3462 Joan.‚
848 3429 903 3461 ix,
925 3422 1029 3453 35-38.
1056 3438 1092 3443 --
1117 3422 1128 3439 ⁸
1148 3423 1226 3461 Isa„

2264 171 2335 210 601

1318 247 1489 300 quitur:
1521 261 1540 285 (1
1559 247 1668 288 Deus
1686 247 1910 300 Dominus,
1942 251 1982 290 01
2004 252 2142 294 illuxit
2160 255 2293 296 nobis.
2315 271 2333 294 ›>

1319 317 1433 358 Istud
1454 319 1595 358 autem
1613 318 1760 358 referri
1779 320 1913 371 potest
1933 320 1984 359 ad
2003 322 2205 363 visionem
2225 325 2339 377 fidei,

1317 399 1401 440 qua
1428 399 1514 428 non
1538 388 1674 438 videt,
1704 389 1785 429 nisi
1813 390 1885 442 qui
1915 391 2045 431 credit
2072 404 2171 433 eum
2189 407 2339 437 verum

1317 458 1537 498 hominem
1569 460 1609 498 et
1640 470 1791 499 verum
1819 459 1965 500 Deum.
1998 461 2110 501 Dixit
2142 462 2341 506 Dominus

1318 538 1426 567 caeco
1447 530 1544 568 nato
1558 532 1595 567 ⁷:
1617 543 1636 566 (1
1655 527 1718 568 Tu
1738 529 1869 568 credis
1888 529 1932 569 in
1951 530 2088 570 fllium
2115 531 2214 571 Dei?
2242 533 2341 574 Res-

1315 597 1462 648 pondit
1488 597 1577 646 ille,
1606 600 1646 638 et
1671 598 1776 638 dixit
1798 613 1805 637 :
1841 598 1939 647 Quis
1968 603 2050 649 est,
2078 601 2272 654 Domine,
2297 608 2344 645 ut

1316 668 1483 708 credam
1502 668 1547 708 in
1569 670 1693 709 eum?
1713 669 1764 709 Et
1782 669 1888 710 dixit
1907 671 1946 710 ei
1964 671 1985 711 J
1989 683 2107 712 esus:
2130 672 2182 713 Et
2199 675 2343 716 vidisti

1316 750 1435 789 eum,
1460 739 1587 791 etqui
1607 739 1795 791 loquitur
1815 742 1970 791 tecum,
1994 742 2081 794 ipse
2097 746 2172 783 051.
2197 744 2253 785 Α1
2271 745 2341 787 1110

1315 808 1398 848 ait:
1428 808 1579 858 Credo,
1612 808 1799 850 Domine.
1828 810 1878 850 Et
1906 811 2122 862 procidens
2152 813 2344 856 adoravit

1315 890 1429 919 eum.
1447 893 1466 916 ›)
1486 878 1624 919 Potest
1643 879 1768 919 etiam
1788 880 1934 920 referri
1954 881 2005 921 ad
2025 882 2231 923 visionem
2252 897 2342 937 spe-

1315 948 1417 999 ciei,
1439 949 1490 989 ad
1513 961 1641 1001 quam
1669 961 1755 989 non
1775 951 1986 1002 pervenit,
2016 952 2094 992 nisi
2116 954 2190 1005 qui
2208 954 2335 995 bene-

1314 1017 1412 1058 dicit
1431 1019 1518 1059 vita
1539 1022 1579 1059 et
1599 1019 1749 1070 lingua
1767 1023 1781 1044 8
1799 1034 1807 1060 ;
1833 1034 1852 1058 11
1876 1020 2064 1061 Tollatur
2090 1022 2264 1075 impius,
2286 1037 2339 1066 ne

1315 1088 1456 1129 videat
1477 1090 1657 1141 gloriam
1676 1091 1762 1141 Dei,
1779 1104 1798 1128 1)
1813 1092 2045 1133 50011111111111
2067 1093 2192 1134 aliam
2209 1098 2341 1136 trans-

1313 1157 1512 1199 lationem
1543 1164 1579 1210 ⁹;
1614 1161 1847 1201 secundum
1868 1164 2010 1202 autem
2029 1166 2218 1204 nostram
2237 1166 2341 1206 dici-

1313 1232 1384 1269 tur
1412 1244 1421 1270 2
1458 1245 1477 1268 <‹
1505 1230 1554 1270 In
1581 1233 1694 1272 terra
1734 1236 1976 1273 sanctorum
2010 1233 2156 1286 iniqua
2186 1236 2337 1287 gessit,

1313 1302 1354 1340 et
1383 1313 1470 1341 non
1499 1301 1657 1342 videbit
1685 1302 1866 1354 gloriam
1900 1303 2083 1346 Domini.
2114 1320 2133 1342 1)
2165 1304 2215 1346 Ε1
2242 1309 2341 1347 nota

1314 1373 1448 1424 quod,
1474 1373 1704 1413 secundum
1734 1373 1847 1426 quod
1881 1375 2055 1426 exponit
2080 1375 2245 1427 Glossa,
2277 1377 2338 1418 lo-

1314 1442 1456 1494 quitur
1482 1442 1552 1482 hic
1577 1443 1627 1483 de
1654 1443 1816 1484 visione
1847 1444 1893 1484 in
1912 1445 2094 1496 Judicio,
2123 1446 2222 1498 quia
2249 1450 2342 1499 post

1313 1511 1524 1552 visionem
1554 1512 1707 1553 Christi
1726 1513 1771 1552 in
1800 1514 2062 1565 humilitate,
2085 1527 2170 1555 non
2189 1528 2338 1569 expec-

1314 1584 1428 1622 tatur
1447 1582 1528 1622 nisi
1551 1583 1658 1623 visio
1677 1583 1722 1622 in
1738 1584 1970 1635 maiestate.
1994 1584 2044 1624 Et
2059 1585 2150 1625 haec
2170 1586 2247 1626 erit
2265 1587 2341 1627 du-

1312 1652 1433 1704 plex,
1456 1651 1684 1693 divinitatis
1704 1655 1744 1692 et
1763 1653 2062 1694 humanitatis:
2089 1655 2335 1707 divinitatis,

1314 1725 1353 1763 et
1378 1723 1469 1763 haec
1498 1723 1575 1763 erit
1593 1723 1805 1763 bonorum
1825 1724 2089 1764 solummodo
2103 1756 2116 1774 ,
2143 1726 2243 1777 quia
2261 1727 2338 1768 ha-

1312 1794 1423 1835 bebit
1440 1794 1646 1845 gaudium
1660 1794 1724 1846 adj
1732 1798 1906 1835 unctum
1923 1796 2178 1848 maximum,
2198 1798 2270 1840 Job
2287 1800 2335 1839 ¹⁰:

1315 1864 1519 1905 «Videbit
1549 1865 1696 1904 faciem
1728 1866 1820 1917 ers
1849 1866 1894 1905 in
1923 1866 2089 1915 nubilo,
2124 1869 2164 1907 01
2195 1868 2338 1909 reddet

1310 1934 1472 1974 homini
1489 1934 1697 1986 justitiam
1713 1946 1851 1974 suam.
1873 1949 1892 1972 1)
1914 1936 2055 1977 Isaias
2076 1936 2101 1957 ¹¹
2118 1950 2157 1976 z«
2176 1936 2336 1989 Regem

1310 2005 1354 2045 in
1374 2005 1520 2045 decore
1548 2016 1625 2045 suo
1648 2005 1867 2045 videbunt.
1893 2019 1912 2043 11
1934 2006 2025 2046 Alia
2049 2009 2110 2047 est
2127 2007 2234 2048 visio
2252 2009 2334 2050 hu-

1311 2074 1544 2123 manitatis,
1572 2077 1612 2114 et
1641 2074 1732 2114 haec
1758 2075 1836 2115 erit
1861 2075 2057 2116 omnibus
2083 2079 2333 2120 communis.

1311 2145 1466 2186 Omnes
1504 2145 1618 2184 enim
1652 2145 1996 2186 certitudinaliter
2025 2147 2229 2188 videbunt
2260 2161 2334 2202 po-

1310 2216 1487 2257 tentiam
1507 2219 1547 2256 et
1566 2217 1802 2256 dominium
1822 2217 1973 2257 Christi
1994 2219 2077 2257 12;11
2096 2219 2200 2259 Ecce
2219 2221 2335 2261 venit

1309 2298 1408 2326 cum
1429 2286 1639 2336 nubibus,
1660 2289 1700 2326 et
1716 2287 1874 2327 videbit
1894 2299 1993 2327 eum
2014 2289 2152 2328 omnis
2171 2290 2330 2340 00111115,

1309 2358 1348 2397 01
1366 2357 1439 2408 qui
1456 2367 1554 2396 eum
1567 2358 1861 2408 pupugerunt.
1876 2356 2001 2397 »Vult
2015 2369 2117 2409 ergo
2131 2358 2334 2401 Dominus

1307 2426 1442 2466 dicere
1463 2426 1575 2479 quod
1598 2426 1666 2466 ille
1685 2427 1868 2479 populus
1882 2427 2079 2480 ι11111010115
2105 2441 2190 2470 11011
2211 2430 2333 2471 vide—-

1306 2497 1365 2536 bit
1385 2496 1596 2537 Christum
1618 2497 1670 2537 ad
1695 2509 1818 2538 suam
1833 2497 2035 2549 salutem,
2057 2499 2136 2539 nisi
2158 2512 2334 2541 conver-

1306 2569 1421 2607 tatur
1448 2567 1500 2607 ad
1519 2567 1646 2607 fidem
1672 2567 1804 2620 ipsius
1823 2571 1863 2608 et
1883 2568 2050 2609 laudem
2065 2601 2076 2620 ,
2104 2570 2218 2622 quod
2237 2572 2332 2610 tan-

1305 2637 1401 2677 dem
1420 2639 1667 2689 expectatur
1686 2637 1731 2677 in
1755 2638 1873 2677 finali
1893 2641 2083 2691 tempore
2102 2642 2195 2692 post
2221 2652 2331 2692 gen-

1306 2707 1415 2747 tium
1426 2707 1749 2759 plenitudinem.
1761 2708 1876 2749 Unde
1894 2707 2050 2750 Paulus
2065 2710 2094 2732 ¹³
2107 2723 2115 2750 :
2128 2725 2147 2749 (1
2161 2710 2332 2752 Caecitas

1305 2789 1358 2817 ex
1383 2780 1502 2829 parte
1521 2778 1702 2830 contigit
1721 2779 1765 2818 in
1786 2778 1934 2830 Israel,
1967 2779 2098 2820 donec
2118 2781 2332 2832 plenitudo

1305 2847 1501 2900 gentium
1532 2848 1722 2899 intraret,
1745 2851 1785 2889 et
1804 2849 1862 2889 sic
1882 2850 2019 2890 omnis
2045 2850 2172 2891 Israel
2191 2851 2333 2893 salvus

1305 2918 1437 2958 fieret.
1467 2932 1487 2955 1)
1512 2917 1563 2958 Ε1
1593 2918 1718 2958 Isaias
1743 2918 1895 2959 clamat
1913 2931 1991 2971 pro
2017 2919 2144 2961 Israel
2164 2922 2222 2962 11ἐ
2249 2937 2269 2960 11
2288 2921 2330 2962 Si

1304 2990 1430 3030 fuerit
1440 3002 1644 3030 numerus
1655 2989 1842 3030 filiorum
1852 2990 1978 3031 Israel
1988 2993 2191 3044 tanquam
2203 3004 2331 3032 arena

1305 3060 1448 3110 maris,
1470 3060 1661 3112 reliquiae
1682 3060 1810 3101 salvae
1832 3061 1949 3101 fient.
1971 3075 1990 3099 1)
2011 3061 2061 3101 Ε1
2080 3062 2125 3101 111
2143 3062 2222 3102 hoc
2244 3074 2330 3103 ma-

1304 3131 1452 3172 nifeste
1470 3134 1645 3184 apparet
1665 3131 1920 3182 magnitudo
1934 3131 2256 3184 dispensationis
2270 3132 2328 3172 di-

1303 3201 1433 3243 vinae.
1456 3201 1630 3254 Propter
1649 3213 1778 3253 quam
1802 3201 2008 3242 exclamat
2025 3201 2250 3253 Apostolus
2269 3202 2325 3242 ¹5:

1303 3337 1405 3369 xxm,
1428 3331 1517 3361 10.—
1540 3331 1551 3349 ⁰
1571 3331 1620 3361 Ex
1639 3337 1720 3361 Lxx.
1736 3345 1774 3353 —
1791 3330 1819 3352 1⁶
1836 3329 1909 3369 Job,
1927 3336 2054 3369 xxxin,
2069 3330 2120 3359 26.
2140 3345 2179 3352 -
2202 3329 2227 3351 ¹¹
2246 3331 2326 3368 ssa„

1303 3384 1428 3416 xxxin,
1451 3378 1500 3407 17.
1520 3377 1606 3401 --12
1630 3377 1740 3416 Apoc.,
1772 3385 1803 3416 1,
1829 3378 1859 3407 7.
1886 3393 1926 3398 —
1954 3376 1979 3396 ¹³
2005 3376 2108 3415 Rom„
2137 3384 2189 3416 xi,
2217 3378 2323 3408 25-26.

1303 3439 1343 3446 -
1369 3424 1396 3445 ¹⁸
1420 3424 1498 3464 Isa„
1521 3433 1555 3464 X,
1573 3426 1623 3455 22.
1646 3441 1682 3447 -
1706 3423 1732 3445 1⁵
1751 3424 1854 3462 Rom.,
1876 3430 1925 3462 111,
1947 3423 1998 3453 33.
