2634 3853
1010 131 1283 175 EXPOSITlO
1314 130 1365 172 IN
1395 130 1510 171 GAP.
1543 128 1593 169 ΙΙ.

234 235 326 273 tum
346 229 524 270 dicitur:
549 227 603 268 Et
619 229 844 278 postquam
862 223 1027 275 impleti
1047 224 1147 262 sunt
1166 220 1258 262 dies

231 291 500 354 purqatiom's
520 296 610 348 ejus
632 295 860 337 seeundum
887 294 1012 346 leuem
1030 292 1197 343 Moysi,
1219 290 1261 329 id

234 374 295 412 est
322 368 603 422 quadraginta
628 368 793 408 dierum
822 367 831 387 ¹
856 379 864 404 ε
898 379 917 402 α
940 362 1089 403 Mulier
1116 362 1150 401 si
1176 372 1262 401 sus-

234 443 352 493 cepto
369 440 529 480 semine
543 438 754 491 pepererit
772 435 1024 484 masculum,
1041 432 1262 473 immunda

234 511 313 551 erit
342 513 502 563 septem
533 509 700 559 diebus,
728 510 806 547 etc.
840 506 932 558 Ipsa
958 516 1060 545 vero
1086 503 1262 554 triginta

233 582 368 622 tribus
389 581 538 621 diebus
558 579 745 620 manebit
764 578 807 617 in
829 576 1041 627 sanguine
1067 574 1261 627 purifica-

234 653 358 694 tionis
379 664 482 693 suae.
503 667 521 690 »
551 652 597 691 In
617 651 697 691 hoc
717 651 874 697 autem,
897 646 1009 699 quod
1029 645 1127 685 dicit
1150 659 1158 685 :
1182 658 1200 682 c<
1219 643 1262 684 Si

234 726 427 776 suscepto
445 723 604 764 semine
624 720 806 774 peperit,
830 733 849 756 »
876 716 1125 765 ostenditur,
1149 714 1261 767 quod

233 795 356 835 beata
370 793 503 846 Virgo
521 805 607 834 non
626 791 704 832 fuit
720 790 777 830 illi
800 789 889 840 legi
905 787 1148 828 necessitate
1168 784 1263 825 sub-

229 867 359 918 jecta,
379 865 451 905 sed
470 862 708 904 humilitate
728 860 942 901 obediens.
966 857 1206 898 Bernartius
1219 857 1232 878 ²
1249 868 1258 895 :

240 935 415 985 «Putas,
436 934 537 987 quia
563 933 613 985 (a)
634 932 823 972 dicturus
836 930 1001 982 Moyses
1022 929 1259 977 mulierem,

233 1018 331 1059 quae
346 1005 573 1059 peperisset
593 1003 845 1052 masculum,
868 1000 1134 1041 immundam
1154 1010 1259 1047 esse,

233 1089 318 1118 non
337 1077 526 1117 timuerit
551 1087 677 1127 super
699 1076 878 1114 matrem
900 1072 971 1113 Dei
990 1070 1262 1123 blasphemiae

236 1148 395 1188 crimen
411 1147 643 1195 incurrere,
657 1145 865 1186 etidcirco
876 1142 1146 1196 praemiserit,
1161 1152 1260 1183 sus-

233 1222 348 1270 cepto
376 1218 564 1262 semine?
583 1231 601 1253 ›)
635 1215 687 1255 Et
715 1218 807 1267 post
826 1216 839 1236 3
866 1229 874 1255 :
898 1230 916 1252 α
940 1214 1062 1263 Vere,
1092 1226 1116 1253 ο
1142 1214 1263 1253 beata

234 1287 389 1339 Virgo,
411 1300 497 1328 non
515 1286 836 1327 hahes‘causam
849 1317 860 1335 ,
884 1297 961 1324 nec
981 1285 1056 1324 tibi
1076 1296 1182 1336 opus
1203 1288 1263 1323 est

232 1358 545 1411 purificatione3
580 1357 654 1397 sed
685 1356 897 1408 numquid
931 1355 1019 1395 filio
1051 1357 1125 1394 tuo
1157 1365 1263 1406 opus

233 1431 322 1469 erat
341 1428 687 1469 circumcisione?
704 1441 723 1464 »
739 1426 858 1467 Unde
878 1428 1012 1478 potest
1032 1425 1127 1476 dici,
1148 1425 1261 1477 quod

234 1499 340 1539 dixit
357 1500 566 1540 Assuerus
581 1501 595 1523 4
618 1512 626 1538 ε
658 1513 676 1536 α
697 1497 790 1538 Non
813 1500 984 1550 propter
1010 1499 1070 1546 te,
1096 1496 1167 1537 sed
1187 1508 1263 1548 pro

235 1570 433 1610 omnibus
450 1570 542 1610 haec
560 1569 631 1610 lex
651 1569 877 1609 constituta
898 1572 972 1609 est.
992 1584 1010 1607 1)

289 1640 494 1692 Secundo,
516 1643 724 1693 quantum
746 1639 798 1679 ad
817 1640 956 1680 locum
976 1640 1260 1691 designatum,

236 1712 430 1752 subditur
455 1727 463 1751 :
492 1711 695 1753 Ταίεναητ
723 1711 844 1752 illum
874 1712 918 1751 in
944 1711 1194 1761 Jerusalem,
1218 1714 1265 1752 uc

236 1783 433 1825 sisterent
458 1794 551 1824 eum
577 1783 754 1824 Domino
775 1794 788 1822 .·
816 1783 850 1821 15
881 1781 993 1822 enim
1026 1784 1115 1822 erat
1147 1781 1265 1821 locus

237 1854 393 1895 electus
413 1855 465 1895 ad
484 1854 678 1895 divinum
698 1854 882 1894 cultum5
901 1868 908 1894 :
930 1853 1079 1905 «Elegi
1098 1853 1119 1894 J
1123 1864 1264 1893 erusa-

237 1925 342 1976 lem,
363 1928 411 1966 ut
433 1925 485 1965 sit
505 1937 661 1966 nomen
682 1937 826 1966 meum
847 1926 892 1964 in
914 1937 978 1965 ea.
1006 1939 1025 1962 »
1053 1924 1103 1964 Et
1122 1924 1166 1963 in
1185 1923 1264 1963 hoc

237 1997 328 2037 loco
347 1999 493 2049 partus
509 1996 686 2037 debebat
706 1996 787 2036 Deo
805 1995 1052 2049 praesentari
1071 1995 1084 2016 ‘³
1107 2009 1115 2035 ε
1141 2009 1159 2032 «
1178 1993 1265 2034 Tri-

237 2069 317 2109 bus
351 2068 516 2110 vicibus
551 2080 627 2120 per
670 2080 833 2109 annum
879 2067 1096 2121 apparebit
1139 2078 1265 2107 omne

237 2138 475 2179 masculum
502 2141 627 2179 tuum
656 2139 700 2178 in
731 2142 957 2192 conspectu
992 2137 1158 2178 Domini
1192 2136 1261 2177 Dei

236 2210 314 2259 tui,
335 2210 380 2250 in
398 2209 489 2251 loco
509 2222 638 2262 quem
657 2210 846 2262 elegerit.
869 2224 888 2248 ›)

291 2279 446 2331 Tertio,
468 2282 677 2333 quantum
702 2280 755 2321 ad
774 2280 1022 2320 mandatum
1043 2278 1262 2330 scriptum,

238 2351 431 2391 subditur
455 2352 518 2405 (v.
545 2351 613 2403 ΩΒ)
639 2365 648 2390 :
671 2351 790 2392 Sicut
809 2351 1015 2401 scriptum
1035 2352 1095 2390 esc
1115 2349 1163 2389 in
1185 2348 1266 2399 leqe

237 2423 427 2472 Domini,
446 2424 550 2475 quia
570 2433 688 2464 omne
709 2422 994 2463 masculinum
1014 2420 1265 2472 adaperiens

239 2495 424 2544 vulvam,
439 2497 634 2536 sanctum
646 2494 825 2535 Domino
837 2493 1069 2535 vocabitur.
1083 2495 1097 2516 ⁷
1111 2507 1129 2530 «
1142 2490 1266 2531 Sanc-

238 2565 350 2605 tifica
365 2565 472 2605 mihi
491 2577 618 2606 omne
637 2564 986 2617 primogenitum,
1002 2561 1116 2615 quod
1135 2561 1268 2613 aperit

237 2634 414 2675 vulvam
440 2635 485 2675 111
514 2635 612 2675 filiis
638 2634 791 2684 Israel,
815 2638 902 2674 tam
928 2634 978 2674 de
1003 2632 1264 2680 hominibus,

238 2718 369 2759 quam
400 2707 451 2747 de
477 2706 708 2759 jumentis,
745 2721 764 2743 »
800 2708 878 2746 etc.
916 2704 996 2745 Sed
1034 2703 1268 2745 secundum

238 2776 358 2827 illud,
380 2789 466 2818 non
486 2777 653 2818 videtur
677 2776 904 2816 convenire
923 2775 1086 2826 virgini
1106 2774 1265 2824 Mariae,

239 2858 337 2899 quae
356 2849 420 2887 est
443 2849 563 2899 porta
582 2847 722 2888 clausa
741 2849 837 2887 ante
855 2848 1040 2898 partum,
1062 2847 1155 2897 post
1175 2856 1269 2896 par-

240 2919 352 2968 tum,
384 2920 425 2958 et
449 2918 494 2958 in
515 2920 655 2971 partu.
685 2918 736 2958 Et
764 2917 856 2958 ideo
881 2919 1017 2969 potest
1038 2915 1139 2967 dici,
1162 2915 1269 2955 sicut

242 2998 368 3039 supra
387 2987 545 3028 dictum
565 2990 628 3028 est
651 2988 701 3028 de
726 2987 824 3039 lege
851 2985 1178 3039 purificationis,
1201 2985 1270 3026 vel

245 3058 355 3097 certe
373 3058 589 3110 adapertio
609 3058 753 3099 vulvae
781 3057 1034 3108 intelligitur
1058 3058 1268 3108 quantum

244 3126 295 3165 ad
317 3126 672 3179 secundationem‚
695 3141 779 3169 non
797 3130 1009 3181 quantum
1029 3127 1082 3167 ad
1100 3127 1271 3166 claustri

244 3197 501 3248 apertionem
527 3200 539 3221 ⁸
569 3215 577 3240 ε
616 3215 635 3238 «
660 3200 837 3252 Aperuit
863 3198 1067 3240 Dominus
1095 3197 1270 3239 vulvam

285 3325 296 3346 1
317 3325 435 3362 Levit.,
458 3334 521 3366 ΧΠ,
549 3330 581 3359 2.
601 3346 642 3352 —
664 3329 675 3347 ²
698 3330 812 3369 Rern„
829 3329 868 3359 de
891 3329 1017 3368 Puris„
1037 3337 1139 3359 serm.
1162 3335 1217 3366 111,
1236 3326 1271 3357 in

244 3371 353 3412 princ.
369 3389 404 3396 --
429 3372 440 3390 ³
464 3372 561 3413 lbid.,
584 3383 618 3405 n.
638 3376 668 3405 2.
692 3393 732 3399 —
754 3375 767 3396 ¹·
785 3376 895 3415 Estlz„
915 3383 977 3414 xv,
1002 3377 1051 3406 13.
1069 3392 1109 3397 ——
1128 3376 1138 3392 ⁵
1159 3375 1185 3404 ll
1206 3374 1270 3404 Ρα-

245 3418 328 3458 ναῖ,,
352 3427 404 3460 vl,
428 3420 502 3453 6.-
523 3421 659 3461 ⁶Deut.,
680 3430 759 3463 va,
778 3424 828 3455 16.
846 3439 886 3447 --
905 3424 918 3445 ⁷
936 3421 1057 3463 Exod„
1077 3429 1159 3461 xm,
1180 3424 1210 3453 2.
1232 3438 1271 3444 —

2285 129 2362 168 269

1337 219 1437 269 Liae,
1460 228 1601 258 sorore
1619 215 1750 256 sterili
1768 215 2057 267 permanente.
2075 226 2093 251 ›>
2114 213 2164 253 Et
2179 214 2192 235 ⁹
2213 227 2220 252 :
2245 227 2264 251 (ι
2282 213 2361 254 Ex-

1336 290 1564 343 probrabat
1580 287 1736 329 aemula
1763 286 1925 337 Annae,
1958 285 2071 338 quod
2097 284 2367 325 conclusisset

1338 362 1541 402 Dominus
1562 360 1736 401 vulvam
1757 360 1848 411 ejus
1873 371 1882 398 ι
1903 371 1922 394 n
1949 356 2049 408 quia
2074 355 2226 396 sterilis
2258 356 2359 394 erat.

1391 432 1571 481 Quarto,
1602 432 1809 483 quantum
1844 428 1897 469 ad
1928 426 2113 480 pretium
2146 426 2360 474 oblatum,

1337 504 1504 544 additur
1527 504 1590 555 (v.
1612 503 1681 554 Μ)
1708 517 1715 542 z
1739 503 1797 543 Ec
1818 504 1866 543 ut
1888 499 2042 541 darem
2071 497 2272 546 hostiam,
2297 506 2365 536 se-

1337 574 1525 614 cundum
1555 573 1667 625 quod
1696 573 1856 614 elicium
1885 575 1945 613 est
1976 571 2025 612 in
2057 569 2140 621 leqe
2174 566 2363 616 Domini,

1334 655 1418 697 par
1437 648 1672 694 turturum,
1696 646 1770 684 aut
1789 643 1895 685 duos
1910 641 2046 694 pullos
2064 638 2365 682 columbarum.

1338 714 1436 755 Haec
1456 715 1571 755 enim
1591 716 1679 754 erat
1697 713 1852 754 oblatio
1871 723 2109 765 pauperum
2129 711 2157 732 ¹⁰
2181 724 2189 750 :
2212 724 2230 748 α
2251 708 2370 758 Quod

1337 786 1371 826 si
1400 798 1487 826 non
1513 785 1723 827 invenerit
1754 797 1908 825 manus
1934 785 2051 835 ers,
2081 795 2158 822 nec
2187 780 2369 834 potuerit

1337 857 1490 897 offerre
1521 868 1712 908 agnum,
1749 856 1887 895 sumet
1918 854 2023 894 duos
2057 855 2266 903 turtures,
2301 851 2370 892 vel

1338 928 1443 968 duos
1476 926 1613 980 pullos
1647 926 1964 975 columbarum,
1999 937 2138 965 unum
2168 924 2214 963 in
2245 923 2366 963 holo-

1338 1002 1547 1049 caustum,
1567 1002 1607 1039 et
1626 999 1808 1039 alterum
1829 1010 1906 1051 pro
1923 999 2092 1050 peccato
2113 1011 2121 1037 ι
2147 996 2367 1048 orabitque

1337 1083 1413 1124 pro
1440 1082 1488 1111 eo
1517 1070 1730 1120 sacerdos,
1757 1072 1797 1110 et
1821 1069 1880 1109 sic
1906 1068 2194 1109 mundabitur.
2217 1082 2236 1104 ›)
2264 1066 2368 1107 Ecce

1337 1142 1447 1182 mira
1478 1144 1704 1194 paupertas
1734 1141 1779 1180 in
1810 1140 2054 1192 parentibus
2088 1138 2259 1188 Christi,
2293 1138 2368 1191 qui

1338 1226 1500 1265 agnum
1531 1225 1618 1253 non
1647 1212 1873 1252 habebant.
1907 1211 1958 1251 Et
1985 1213 2110 1260 nota,
2145 1209 2256 1262 quod
2287 1210 2367 1250 sub

1338 1284 1620 1336 disjunctione
1641 1283 1759 1335 ponit
1781 1286 2008 1334 utramque
2028 1281 2299 1330 oblationem,
2322 1281 2369 1320 ut

1338 1354 1582 1394 ostendatur
1606 1357 1790 1406 utraque
1815 1353 1993 1393 Domino
2019 1351 2260 1392 convenire.
2285 1350 2367 1390 Per

1338 1425 1578 1466 columbam
1613 1425 1748 1476 igitur
1784 1423 2041 1475 intelligitur
2079 1422 2166 1462 vita
2205 1421 2364 1470 activa,

1337 1498 1409 1538 sed
1446 1509 1521 1550 per
1559 1499 1770 1537 turturem
1807 1495 2072 1546 solivagum,
2109 1493 2366 1545 contempla-

1338 1568 1447 1619 tiva,
1470 1580 1653 1620 quarum
1682 1571 1862 1619 utraque
1887 1565 2022 1607 reddit
2045 1565 2264 1605 hominem
2284 1564 2368 1605 Deo

1338 1638 1657 1690 acceptabilem,
1681 1639 1788 1678 sicut
1811 1637 1909 1678 dicit
1934 1636 2060 1677 Beda.
2083 1635 2133 1676 Et
2162 1638 2261 1675 nota
2285 1637 2368 1675 tres
2390 1642 2526 1709 Ch'rsifgus

1338 1709 1571 1750 oblationes
1600 1710 1709 1750 circa
1738 1709 1920 1750 hostiam
1946 1710 2155 1756 nostram,
2185 1718 2281 1758 quae
2308 1709 2369 1747 est
2404 1723 2520 1751 oblatus

1337 1780 1540 1820 Dominus
1565 1780 1697 1821 Jesus.
1735 1779 1876 1819 Prima
1907 1780 1967 1819 est
1998 1776 2152 1818 oblatio
2180 1776 2312 1828 ipsius
2343 1788 2368 1816 a

1337 1852 1611 1903 parentibus,
1654 1862 1751 1904 quae
1787 1849 1938 1891 invitat
1974 1848 2026 1889 ad
2061 1847 2364 1888 humilitatem,

1339 1921 1531 1962 Secunda
1558 1924 1620 1962 est
1648 1921 1803 1962 oblatio
1836 1920 1983 1960 avium
2013 1930 2089 1971 pro
2118 1919 2233 1970 ipso,
2269 1928 2392 1970 quae⁴

1337 2003 1415 2031 nos
1436 1991 1587 2032 invitat
1607 1992 1658 2032 ad
1676 1992 1981 2044 paupertatem.
2010 1988 2149 2029 Tertia
2169 1991 2231 2029 est
2251 1989 2364 2029 obla—

1338 2062 1398 2103 tio
1423 2062 1467 2102 in
1493 2075 1615 2103 cruce
1639 2074 1715 2116 pro
1741 2062 1954 2111 omnibus,
1984 2072 2081 2113 quae
2110 2072 2188 2101 nos
2219 2060 2370 2102 invitat

1338 2133 1392 2174 ad
1412 2132 1624 2185 pietatem.
1644 2132 1700 2172 De
1718 2132 1865 2185 primis
1886 2131 2050 2172 duabus
2068 2131 2252 2171 habetur
2267 2130 2337 2170 hic
2357 2143 2366 2181 ;

1338 2203 1389 2244 de
1418 2204 1541 2245 tertia
1562 2205 1700 2246 lsaias
1716 2205 1741 2225 ¹¹
1764 2216 1777 2244 .·
1800 2219 1818 2242 a
1844 2203 2016 2244 Oblatus
2039 2205 2125 2253 est,
2154 2202 2254 2255 quia
2279 2202 2368 2254 ipse

1338 2275 1474 2316 voluit
1495 2287 1504 2315 :
1529 2278 1569 2316 et
1588 2288 1673 2316 non
1694 2275 1858 2327 aperuit
1877 2286 1923 2314 os
1942 2285 2088 2323 suum,
2110 2287 2129 2310 »
2155 2274 2231 2312 etc.

1393 2345 1676 2398 Spiritualiter
1696 2348 1837 2386 autem
1857 2344 2041 2385 notanda
2061 2346 2159 2384 sunt
2179 2343 2276 2394 tria,
2295 2343 2369 2382 sci-

1337 2416 1452 2466 licet,
1475 2417 1728 2469 mysterium
1752 2415 2020 2468 purgationis
2043 2414 2207 2465 Mariae,
2235 2426 2369 2454 sacra-

1339 2490 1532 2528 mentum
1560 2487 1780 2528 delationis
1811 2485 2055 2536 dominicae,
2085 2484 2370 2536 significantia

2409 1765 2528 1800 legitur.

1340 2557 1566 2598 oblationis
1582 2558 1716 2598 factae.
1738 2557 1951 2606 Quantum
1971 2556 2023 2596 ad
2043 2555 2247 2608 primum,
2270 2558 2370 2596 nota
2408 2559 2531 2585 MARIA

1340 2629 1455 2682 quod
1474 2628 1619 2680 Maria⁷
1644 2640 1742 2681 quae
1764 2628 2067 2679 interpretatur
2086 2626 2205 2667 stella
2225 2627 2366 2677 maris,

1340 2699 1409 2739 vel
1434 2711 1630 2739 amarum
1658 2711 1800 2749 mare,
1831 2698 2027 2750 designat
2051 2697 2258 2747 animam,
2282 2697 2371 2738 sive

1341 2772 1395 2812 sit
1419 2772 1463 2811 in
1495 2771 1657 2812 lumine
1687 2771 1788 2813 vitae
1818 2769 2177 2822 contemplativae,
2209 2769 2299 2810 sive
2327 2769 2371 2809 in

1340 2843 1622 2883 amaritudine
1660 2842 1759 2884 vitae
1797 2841 1978 2893 activae,·
2008 2843 2050 2881 et
2083 2841 2257 2893 utrique
2296 2852 2372 2880 ne-

1341 2913 1520 2954 cessaria
1539 2916 1603 2954 est
1629 2913 1843 2966 purgatio,
1871 2912 2039 2953 Animae
2065 2923 2251 2964 namque
2277 2922 2371 2951 con·

1341 2983 1598 3036 templativae
1628 2995 1798 3023 necesse
1827 2986 1889 3023 est
1916 2982 2094 3035 purgari
2113 2994 2137 3022 a
2158 2981 2369 3034 superbia,

1343 3054 1456 3106 quod
1475 3054 1647 3106 quidem
1668 3054 1716 3093 fit
1734 3065 1808 3105 per
1828 3054 2026 3094 timorem
2046 3054 2075 3074 ¹²
2094 3067 2134 3093 z«
2154 3052 2257 3093 Cum
2278 3052 2372 3092 sub-

1343 3125 1455 3165 latus
1473 3126 1615 3176 fuerit,
1638 3139 1656 3163 ι)
1680 3125 1833 3165 scilicet
1851 3124 2098 3174 Behemoth,
2123 3139 2141 3161 «
2161 3122 2372 3163 timebunt

1343 3196 1504 3247 angeli,
1526 3199 1569 3236 et
1587 3196 1721 3236 territi
1742 3196 2055 3248 purgabuntur.
2079 3209 2098 3232 ›>
2120 3194 2288 3235 Animae
2308 3204 2372 3231 ac-

1345 3267 1444 3307 tivae
1470 3267 1706 3308 necessaria
1731 3270 1793 3308 est
1817 3267 2016 3319 purgatio
2042 3279 2068 3306 a
2091 3262 2371 3316 negligentia,

1344 3373 1355 3390 Β
1373 3373 1468 3412 Gen„
1488 3380 1583 3412 xxw,
1605 3374 1699 3403 31.—
1719 3372 1856 3413 ⁹1Re9.‚
1879 3380 1904 3411 1,
1924 3374 1955 3403 6.
1976 3389 2016 3395 -
2036 3371 2061 3392 ¹0
2078 3370 2196 3410 Levit„
2218 3376 2279 3409 XII,
2300 3370 2374 3401 8.-

1344 3419 1548 3460 11ιεα.,1.ιιι,
1557 3419 1668 3451 7.-12
1679 3418 1752 3458 Job,
1764 3419 1989 3459 XL1,16.-(a)
2004 3418 2084 3451 Caet.
2095 3416 2175 3450 edit.
2185 3415 2273 3449 deest
2283 3414 2371 3457 quia.

2421 2601 2505 2626 stella

2411 2649 2510 2668 maris.
