2634 3853
175 2127 249 2153 Tres

156 2166 264 2193 mortui

139 2208 270 2235 suscitati

140 2256 157 2274 a
182 2249 280 2276 Domi-

139 2296 178 2316 no
196 2290 279 2325 quid.

1064 193 1338 236 EXPOSITIO
1368 194 1419 237 IN
1449 195 1562 238 CAP.
1596 196 1684 238 VII.

301 284 452 325 ovibus
483 282 584 322 suis.
618 295 638 319 ›)
671 281 750 322 Ubi
788 282 833 322 in
864 294 908 322 se
940 282 1120 322 ostendit
1149 282 1329 323 formam

302 356 425 394 rectae
438 353 707 406 praelationis.
731 352 874 394 Status
887 353 1326 405 contemplativorum,

300 424 345 463 in
365 423 580 475 discipulis
600 424 675 476 qui
699 424 980 464 admittuntur
1000 424 1045 463 in
1076 426 1264 464 montem
1285 425 1328 465 in

298 494 674 546 transfiguratione
698 494 879 544 Domini,
902 494 1133 534 secundum
1153 494 1258 535 illud
1280 497 1289 517 ¹
1316 507 1324 533 :

304 579 324 603 (t
347 564 587 617 Assumpsit
616 564 735 605 ι10505
764 565 950 615 Petrum,
977 567 1018 604 et
1047 564 1265 615 Jacobum,
1288 569 1330 606 et

296 633 502 675 Joannem
520 635 693 675 fratrem
712 636 817 687 ejus,
835 638 875 675 et
894 635 1016 676 duxit
1035 635 1128 675 illos
1150 635 1193 675 in
1214 648 1330 676 mon-

297 707 384 745 tem
413 706 626 746 excelsum
663 718 854 747 seorsum
888 720 897 746 :
925 708 965 746 et
998 706 1329 757 transfiguratus

298 779 360 817 est
376 779 471 818 ante
490 789 610 818 eos.»
633 777 683 818 Et
703 778 836 817 infra'·
853 791 862 818 ε
885 792 904 815 (1
925 777 1161 817 Conversus
1180 777 1232 816 ad
1252 777 1330 817 dis-

298 847 457 901 cipulos
477 860 589 899 SUOS,
612 849 717 889 dixit
747 863 756 889 :
791 848 905 889 Beati
934 848 1046 889 oculi
1080 848 1153 900 qui
1185 847 1329 888 vident

297 930 394 971 quae
424 931 500 959 vos
528 919 694 960 videtis.
727 933 746 956 ›>
771 919 858 960 Hoc
888 919 1042 960 dicitur
1076 919 1329 971 contempla-

296 989 409 1030 tivis.
433 989 573 1031 Status
591 990 826 1031 activorum
847 990 1094 1042 designatur
1122 991 1165 1030 in
1186 990 1324 1040 turba,

298 1071 394 1112 quae
424 1063 619 1101 versatur
647 1061 692 1101 in
722 1061 921 1102 fluctibus
952 1061 1114 1111 mundi,
1144 1061 1255 1100 intra
1281 1061 1324 1100 3:

306 1146 324 1168 «
352 1130 531 1183 Martha,
561 1131 740 1181 Martha,
774 1131 948 1172 sollicita
984 1144 1042 1182 es,
1074 1134 1116 1172 et
1143 1131 1329 1172 turbaris

299 1213 404 1253 erga
423 1201 621 1254 plurima.
642 1216 661 1239 ›)
692 1201 804 1243 Unde
828 1202 841 1223 ⁴
870 1215 880 1243 :
908 1217 927 1240 (‹
953 1202 1002 1242 10
1032 1203 1193 1243 mundo
1213 1214 1330 1255 pres-

299 1283 443 1312 suram
486 1272 712 1322 habebitis3
750 1273 820 1313 scd
868 1274 1083 1323 confidite,
1124 1286 1207 1325 ego
1247 1274 1329 1314 vici

298 1342 522 1382 mundum.
544 1357 562 1380 >2
589 1343 644 1383 De
664 1343 745 1384 hoc
762 1343 915 1395 triplici
940 1347 1051 1384 statu
1067 1344 1244 1396 Justitiae
1265 1344 1327 1384 (11-

298 1412 408 1454 citur
429 1412 473 1452 in
489 1414 633 1465 figura
653 1413 666 1434 ⁵
688 1427 697 1453 :
724 1427 744 1450 c‹
765 1413 808 1454 Si
828 1413 989 1454 fuerint
1011 1413 1055 1453 in
1075 1414 1215 1454 medio
1237 1415 1330 1466 ejus

298 1482 401 1534 Noe,
424 1483 567 1524 Daniel
591 1486 632 1524 et
650 1483 751 1535 ι101);
780 1484 861 1536 ipsi
881 1484 1050 1536 Justitia
1078 1497 1155 1525 sua
1181 1484 1330 1524 libera-

298 1554 408 1594 bunt
435 1554 597 1594 animas
628 1566 740 1605 suas,
762 1554 820 1595 ait
850 1555 1068 1606 Dominus,
1093 1569 1112 1592 >³
1139 1558 1218 1596 etc.
1251 1555 1331 1596 Per

299 1623 386 1665 Noe
421 1625 718 1677 intelliguntur
762 1625 941 1677 praelati;
982 1638 1058 1678 per
1098 1626 1326 1677 Danielem,

301 1695 369 1735 001
388 1695 481 1736 data
500 1697 563 1736 est
582 1694 866 1747 intelligentia
892 1696 1122 1748 visionum,
1147 1700 1329 1738 contem-

299 1766 465 1819 plativi3
499 1779 574 1820 per
605 1767 696 1817 Job,
720 1767 860 1809 activi.
885 1767 1026 1808 Status
1058 1780 1160 1810 vero
1194 1768 1329 1821 culpae

299 1838 549 1890 designatur
565 1839 610 1879 in
628 1839 886 1880 adolescente
907 1841 1091 1890 mortuo,
1113 1841 1234 1892 cujus
1254 1840 1328 1880 tri-

298 1909 396 1962 plex
425 1913 486 1951 est
506 1910 664 1962 gradus
694 1924 703 1950 ε
732 1910 894 1963 primus
915 1910 960 1949 in
985 1910 1176 1950 interiori
1205 1910 1328 1951 affec-

299 1981 412 2022 tione
424 1996 434 2032 ;
458 1981 667 2022 secundus
687 1981 730 2021 in
745 1980 944 2022 exteriori
962 1981 1229 2034 operatione3
1252 1984 1331 2021 ter-

298 2051 384 2092 tius
404 2064 506 2094 vero
525 2052 570 2091 in
598 2051 900 2092 consuetudine
920 2050 1008 2091 sive
1031 2051 1326 2092 obstinatione.

299 2120 352 2161 Hi
383 2123 464 2162 tres
492 2124 624 2162 status
653 2133 728 2174 per
758 2123 842 2161 tres
873 2124 1064 2162 mortuos
1096 2134 1121 2162 a
1152 2121 1330 2163 Domino

297 2192 516 2234 suscitatos
551 2192 854 2245 designantur,
890 2195 982 2232 tum
1021 2192 1182 2233 ratione
1214 2193 1330 2235 loco-

298 2275 410 2316 rum,
430 2266 524 2305 tum
554 2264 716 2305 ratione
735 2266 925 2304 aetatum.
952 2262 1059 2304 Nam
1081 2266 1215 2305 status
1234 2277 1330 2317 pec-

299 2336 488 2376 cantium
518 2336 562 2376 in
591 2336 713 2376 corde
752 2335 1001 2386 designatur
1039 2347 1114 2387 per
1145 2336 1331 2388 puellam

299 2409 512 2448 mortuam
550 2407 594 2446 in
625 2406 772 2457 domo,
803 2406 853 2446 de
886 2418 969 2458 qua
1001 2406 1181 2447 habetur
1218 2407 1331 2460 apud

300 2476 490 2518 Marcum
511 2476 540 2517 ⁶.
563 2476 706 2517 Status
730 2476 997 2528 peccantium
1017 2476 1062 2516 in
1090 2489 1231 2530 opere,
1256 2490 1331 2531 per

299 2548 626 2599 adolescentem,
661 2547 735 2600 qui
765 2547 816 2587 ad
850 2550 1015 2600 portam
1052 2547 1234 2588 civitatis
1270 2549 1332 2589 10-

299 2622 452 2661 ventus
472 2621 547 2671 est,
569 2618 668 2671 quia
682 2619 774 2671 Jam
800 2618 1001 2670 processit
1023 2621 1256 2671 peccatum,
1280 2619 1331 2660 de

299 2704 383 2745 quo
415 2691 499 2733 hic.
531 2691 670 2733 Status
704 2690 968 2743 peccantium
1000 2702 1076 2743 per
1105 2693 1331 2731 consuetu-

297 2763 440 2804 dinem
459 2764 500 2803 et
527 2761 871 2812 obstinationem,
894 2773 969 2814 per
984 2760 1191 2802 Lazarum
1211 2761 1224 2783 ⁷
1239 2762 1331 2814 jam

297 2834 341 2874 in
361 2833 474 2876 virili
492 2835 614 2874 aetate
630 2834 841 2886 Jacentem
860 2832 1194 2885 quatriduanum
1215 2844 1329 2873 mor-

297 2907 424 2946 tuum
457 2897 515 2946 01
537 2905 732 2946 foetidum
767 2904 811 2944 in
848 2903 1054 2956 sepulcro.
1087 2902 1161 2943 His
1196 2904 1332 2944 tribus

298 2976 552 3028 respondent
581 2978 664 3017 tres
702 2975 860 3016 mortui
893 2974 1080 3015 suscitati
1117 2974 1161 3014 in
1198 2975 1331 3016 veteri

299 3047 566 3099 testamento,
590 3047 745 3088 scilicet
762 3046 970 3100 puerulus
988 3048 1001 3071 ⁸
1023 3046 1075 3086 ab
1096 3045 1248 3087 Elisaeo
1275 3047 1331 3086 fi-

299 3114 382 3156 lius
414 3117 604 3158 mulieris
632 3117 883 3166 Sunainiti53
916 3116 1155 3156 adolescens
1180 3116 1193 3137 ⁹
1219 3116 1331 3158 filius

301 3186 489 3228 mulieris
525 3188 768 3242 Sareptanae
807 3187 1030 3230 suscitatus
1060 3187 1112 3227 ab
1147 3187 1236 3228 Elia
1246 3203 1256 3238 3
1290 3192 1330 3230 et

301 3256 404 3299 vir¹⁰
417 3258 469 3298 ab
483 3258 633 3302 Elisaeo
650 3264 819 3302 mortuo
843 3275 851 3300 :
875 3260 921 3300 in
934 3259 1088 3313 quibus
1105 3258 1330 3311 designan-

345 3342 356 3363 1
376 3342 511 3381 Moab„
530 3352 616 3385 xvii,
640 3349 668 3378 1.
685 3363 726 3368 -
747 3345 853 3385 21nf.‚
871 3353 911 3385 x,
933 3346 984 3376 23.
1008 3361 1044 3367 --
1065 3344 1078 3366 ³
1099 3344 1195 3383 ibid„
1218 3349 1269 3378 1-1.
1291 3367 1327 3371 -

304 3387 318 3409 ⁴
338 3389 444 3429 Joan.,
467 3398 546 3431 xv1,
568 3392 619 3423 33.
637 3409 678 3416 —
700 3394 711 3412 ⁵
731 3392 862 3433 Ezech„
888 3400 961 3432 XIV,
988 3393 1041 3423 24.
1061 3409 1102 3415 —
1121 3392 1134 3413 ⁶
1154 3393 1272 3431 Marc„
1294 3403 1327 3437 v,

305 3437 366 3476 35,
386 3438 418 3467 et
438 3445 509 3478 seq.
528 3455 570 3461 —
592 3439 606 3460 ⁷
625 3439 728 3476 Joan„
750 3447 805 3478 xi,
831 3442 841 3471 1
866 3442 899 3471 et
916 3448 988 3480 seq.
1009 3456 1048 3462 —
1070 3439 1084 3460 ³
1105 3439 1147 3471 lV
1169 3441 1257 3482 Κεφ,
1280 3450 1326 3484 iv,

306 3484 344 3514 32
364 3485 397 3515 et
415 3492 485 3525 seq.
507 3501 547 3509 —
570 3486 582 3504 ⁹
607 3486 650 3518 111
671 3487 761 3527 Κεφ,
780 3494 870 3528 xvu,
890 3488 942 3520 23.
960 3503 1002 3510 —
1023 3487 1045 3506 ¹⁰
1074 3486 1117 3519 1v
1136 3487 1226 3529 Κεφ,
1245 3496 1326 3531 xm,

2359 213 2435 251 397

1404 287 1477 325 tur
1506 287 1591 326 tres
1620 285 1810 338 praedicti
1844 288 1990 327 status.
2022 288 2206 332 Possunt
2234 295 2359 336 etiam
2394 298 2439 339 in

1405 355 1455 395 iis
1475 356 1612 397 tribus
1634 359 1716 397 tres
1735 356 1894 398 radices
1914 362 2182 410 peccatorum
2208 363 2437 418 designari,

1405 427 1504 477 quia
1531 440 1642 468 unus
1673 431 1869 469 mortuus
1903 432 1962 469 est
1994 442 2047 470 ex
2078 431 2288 485 languore
2318 439 2440 489 aegri-

1407 497 1584 548 tudinis,
1606 499 1649 538 in
1681 512 1766 551 quo
1797 501 2136 553 concupiscentia
2156 506 2311 557 carnis;
2335 509 2440 549 alius

1405 580 1457 608 ex
1487 569 1651 611 fervore
1679 571 1787 621 sitis,
1818 571 1862 611 in
1898 584 1981 624 quo
2022 575 2227 626 cupiditas
2267 579 2436 630 mundi;

1404 640 1550 679 tertius
1585 641 1865 694 invisibiliter,
1896 644 1939 684 in
1972 657 2057 697 quo
2096 648 2295 699 superbia
2322 650 2435 691 vitae.

1404 708 1544 750 Status
1565 714 1706 752 autem
1722 714 1981 765 poenitentiae
2002 716 2258 768 designatur
2275 719 2321 759 in
2339 720 2439 761 ado-

1402 780 1582 822 lescente
1613 783 1873 833 resuscitato,
1908 785 1958 825 de
1997 799 2082 838 quo
2120 788 2288 841 dicitur,
2327 792 2439 844 quod

1405 852 1575 903 resedit,
1599 858 1639 896 et
1659 855 1785 906 coepic
1801 855 1932 906 loqui,
1947 860 1986 898 et
2004 857 2200 900 redditus
2216 865 2275 903 est
2294 864 2438 905 macri.

1405 922 1569 964 Resedit
1589 923 1760 977 quidem
1790 937 1864 976 per
1882 927 2191 980 contritionem,
2212 943 2309 983 quae
2330 933 2441 974 levat

1404 998 1530 1046 caput
1556 1007 1580 1035 a
1607 998 1719 1035 terra
1740 996 1766 1017 ¹¹
1792 1010 1800 1037 :
1830 1011 1849 1034 ((
1871 997 2046 1049 Surgite
2076 1003 2297 1053 postquam
2320 1005 2440 1045 sede-

1403 1065 1509 1115 ritis,
1533 1066 1605 1118 qui
1634 1066 1894 1108 manducatis
1925 1081 2078 1121 panem
2099 1071 2305 1113 doloris.»
2345 1075 2442 1116 Hie-

1406 1136 1560 1176 remias
1579 1135 1607 1158 ¹²
1632 1149 1640 1175 ι
1670 1137 1827 1178 «Solus
1855 1139 2075 1191 sedebam,
2101 1145 2303 1194 quoniam
2323 1158 2438 1186 ama-

1404 1207 1589 1248 ritudine
1621 1209 1831 1261 replevisti
1866 1222 1950 1251 me.
1982 1226 2000 1249 n
2040 1211 2169 1266 Coepit
2212 1215 2327 1268 loqui
2364 1229 2440 1270 per

1405 1278 1732 1329 confessione1n3
1754 1279 1830 1320 Job
1854 1284 1882 1306 ¹³
1907 1295 1915 1321 ε
1941 1297 1960 1320 (1
1983 1281 2150 1336 Loquar
2169 1285 2212 1324 in
2234 1287 2437 1328 amaritu-

1406 1348 1502 1388 dine
1525 1349 1678 1390 animae
1699 1361 1830 1401 meae3
1852 1351 1987 1393 dicam
2007 1353 2091 1395 Deo
2114 1370 2123 1396 :
2145 1355 2238 1396 Noli
2258 1370 2326 1398 me
2345 1370 2440 1399 con-

1405 1419 1620 1460 demnare.
1643 1433 1661 1457 »
1704 1420 1754 1461 Ε1
1787 1422 1889 1462 item
1912 1423 1939 1448 ¹³
1969 1438 1977 1465 :
2011 1424 2146 1466 «Non
2176 1440 2345 1480 parcam
2378 1431 2440 1470 ori

1406 1501 1515 1540 meo,
1557 1489 1708 1543 loquar
1744 1491 1788 1532 in
1823 1493 2093 1536 tribulatione
2132 1498 2304 1550 spiritus
2339 1501 2436 1552 mei,

1405 1560 1704 1602 confabulabor
1766 1576 1865 1604 cum
1937 1567 2220 1610 amaritudine
2285 1571 2440 1612 animae

1404 1643 1526 1672 meae.
1561 1647 1580 1670 ›>
1624 1632 1823 1676 Redditus
1868 1640 1930 1678 est
1967 1639 2091 1679 matri
2135 1640 2330 1684 Ecclesiae
2368 1656 2443 1696 per

1406 1703 1747 1763 satisfactionem,
1769 1707 1872 1759 quia
1901 1709 2138 1752 satisfacere
2164 1715 2227 1753 est
2251 1713 2442 1755 debitum

1403 1773 1592 1825 reddere,
1623 1787 1709 1816 non
1734 1779 1902 1818 tantum
1937 1779 2020 1820 Deo
2053 1780 2181 1834 Patri,
2207 1784 2278 1824 sed
2316 1785 2442 1826 etiam

1405 1845 1531 1885 matri
1561 1846 1769 1888 Ecclesiae.
1803 1849 1850 1889 10
1880 1851 2003 1902 cujus
2031 1853 2174 1905 figura
2195 1855 2348 1896 dicitur
2377 1857 2404 1878 ¹⁵
2429 1868 2440 1897 τ

1411 1931 1430 1955 (1
1449 1915 1563 1958 Tolle
1592 1930 1774 1970 puerum
1803 1921 1948 1973 istum,
1972 1925 2011 1964 et
2038 1924 2119 1965 duc
2140 1938 2239 1967 eum
2268 1927 2320 1968 ad
2348 1940 2441 1969 ma-

1404 1989 1512 2027 trem
1533 2000 1670 2029 suam.
1695 2003 1714 2026 ›>
1736 1989 1786 2030 Et
1812 1991 1919 2033 sicut
1947 1996 2083 2035 mater
2107 1996 2284 2038 libenter
2305 1999 2440 2039 susci-

1404 2057 1463 2109 pit
1482 2058 1619 2099 filium
1640 2060 1909 2113 suscitatum,
1932 2063 1991 2104 sic
2019 2064 2207 2107 Christus
2235 2070 2276 2108 et
2297 2068 2436 2110 Eccle-

1405 2128 1466 2168 sia
1487 2129 1725 2180 gaudenter
1739 2134 2000 2183 peccatorem
2016 2136 2306 2188 pcenitentem.
2323 2138 2441 2182 Unde

1405 2199 1514 2240 infra
1531 2199 1558 2222 ¹⁶
1582 2214 1591 2241 :
1620 2216 1638 2239 (‹
1659 2200 1830 2255 Epulari
1851 2207 1995 2246 autem
2024 2211 2065 2247 et
2096 2209 2286 2260 gaudere
2314 2223 2438 2264 opor-

1404 2271 1531 2322 tebat,
1553 2273 1656 2325 quia
1686 2274 1815 2316 frater
1843 2278 1942 2318 tuus
1968 2278 2037 2319 hic
2057 2283 2251 2323 mortuus
2271 2286 2375 2335 erat,
2399 2288 2441 2325 et

1405 2343 1577 2384 revixit.
1601 2358 1620 2381 D

1460 2417 1524 2454 17.
1546 2414 1604 2457 Ec
1625 2416 1736 2458 eoeiz'c
1754 2416 1820 2458 hic
1840 2428 1989 2470 sermo,
2021 2423 2098 2462 etc.
2123 2422 2352 2478 Postquam
2369 2437 2437 2468 os-

1403 2486 1522 2525 tensa
1535 2488 1597 2526 est
1616 2486 1871 2529 sufficienter
1893 2490 2140 2533 excellentia
2161 2497 2376 2547 potestatis
2395 2497 2440 2538 in

1405 2553 1566 2596 Christo
1604 2569 1679 2610 per
1716 2560 2057 2611 magnitudinem
2099 2564 2276 2617 duplicis
2314 2567 2442 2608 mira-

1405 2625 1502 2676 culi,
1521 2626 1591 2667 hic
1622 2629 1805 2670 secundo
1834 2631 2069 2673 ostenditur
2095 2634 2305 2678 evidentia
2335 2639 2442 2680 veri-

1403 2697 1499 2737 tatis
1514 2698 1559 2738 in
1580 2699 1727 2740 eodem
1749 2713 1825 2754 per
1840 2703 2135 2746 certitudinem
2153 2709 2344 2750 veritatis
2363 2713 2439 2751 tes-

1404 2767 1583 2821 timonii,
1604 2771 1718 2823 quod
1738 2772 1910 2824 quidem
1926 2774 2006 2815 fuit
2018 2777 2310 2821 testimonium
2329 2780 2440 2823 Prae-

1404 2841 1600 2883 cursoris.
1626 2842 1692 2883 Ad
1722 2843 1856 2896 huJus
1885 2849 2028 2887 autem
2052 2849 2282 2891 testimonii
2314 2853 2438 2895 certi-

1404 2911 1645 2953 ficationem
1707 2915 1928 2968 dupliciter
1978 2920 2148 2972 procedi
2207 2926 2343 2975 potest
2399 2928 2440 2966 et

1404 2980 1526 3023 debet
1548 2997 1557 3024 :
1583 2987 1656 3025 aut
1680 2997 1754 3037 per
1780 2988 2071 3040 probationem
2091 2993 2280 3034 veritatis
2304 2995 2438 3047 ipsius

1404 3052 1450 3093 in
1484 3066 1548 3105 50;
1594 3059 1666 3096 aut
1698 3069 1772 3110 per
1808 3061 2155 3112 approbationem
2189 3065 2359 3106 virtutis
2393 3067 2440 3108 in

1404 3124 1665 3167 testificante.
1715 3127 1910 3170 Primum
1947 3133 2114 3186 respicit
2156 3134 2438 3179 Praecursoris

1403 3193 1662 3248 doctrinam3
1684 3200 1916 3241 secundum
1935 3215 2038 3244 vero
2057 3206 2226 3258 respicit
2245 3205 2438 3249 Praecur-

1403 3266 1508 3306 soris
1542 3267 1675 3309 vitam
1709 3283 1718 3309 :
1754 3282 1939 3323 quorum
1984 3277 2216 3329 utrumque
2248 3278 2346 3319 facit
2385 3281 2439 3322 ad

1402 3398 1454 3429 21.
1470 3415 1511 3421 —
1529 3399 1552 3420 ¹¹
1572 3399 1661 3430 Psal.
1683 3407 1799 3441 cxxvi,
1819 3403 1850 3434 2.
1867 3421 1906 3428 -
1926 3404 1952 3426 ¹²
1968 3406 2098 3443 Jerem„
2120 3415 2175 3447 xv,
2196 3410 2245 3442 17.
2263 3427 2300 3435 -
2321 3412 2346 3433 1³
2361 3413 2436 3454 Joh,

1401 3452 1444 3484 x,
1473 3449 1503 3479 1.
1525 3463 1564 3470 —
1592 3447 1741 3488 ¹⁸1bid.,
1772 3456 1842 3489 vn,
1872 3454 1922 3484 11.
1944 3469 1984 3475 -
2009 3452 2036 3474 ¹⁵
2059 3453 2102 3486 lV
2126 3455 2215 3496 Κεφ,
2244 3466 2290 3500 iv,
2318 3462 2368 3492 19.
2399 3479 2436 3485 —-

1402 3492 1430 3514 ²⁶
1455 3493 1533 3535 inf„
1552 3501 1610 3535 xv,
1632 3496 1683 3527 32.

2506 728 2601 755 Poeni-

2478 769 2574 796 tentiae

2460 812 2564 838 status.
