2634 3853
272 270 349 308 524

271 356 480 409 relinquet
511 368 600 398 vos.
630 371 649 394 »
686 357 765 398 Sed
794 357 924 408 aliqui
954 355 1180 408 aliquando
1211 365 1299 394 non

270 427 406 468 debite
441 431 656 480 quaerunt;
691 431 732 467 et
764 427 858 467 ideo
888 438 972 466 non
1002 426 1141 466 debita
1174 426 1298 465 inve-

270 498 408 539 niunt.
439 498 557 539 Unde
581 498 726 539 Oseas'
747 511 759 536 :
786 512 805 535 «
830 496 876 536 ln
897 496 1108 548 gregibus
1128 496 1236 546 suis,
1257 499 1298 535 et

270 569 314 608 in
335 570 534 610 armentis
557 569 641 607 suis
660 568 816 608 vadent
835 567 886 607 ad
915 567 1197 620 quaerendum
1219 566 1296 607 Do-

270 639 450 689 minum,
473 642 513 679 et
532 650 616 678 non
638 638 875 678 invenient:
897 652 916 675 n
933 641 974 677 et
993 638 1072 678 hoc
1092 639 1174 687 est,
1199 637 1300 689 quia

270 709 313 749 in
341 709 542 749 armentis
569 710 817 761 quaerebant
844 709 997 761 ipsum.
1019 710 1032 729 ‘²
1055 724 1073 747 (‹
1094 707 1298 757 Quaeretis

269 791 356 828 me,
391 782 431 819 et
462 791 547 819 non
575 779 820 828 invenietis,
848 794 866 816 »
893 779 993 831 quia
1022 779 1134 819 mala
1160 779 1296 818 inten-

269 850 380 890 tione
403 851 670 902 quaerebant,
697 853 744 891 ut
765 850 1000 902 perderent.
1027 850 1087 891 Et
1106 849 1300 901 pulsanti

268 921 496 973 aperietur,
521 921 555 960 si
576 921 711 973 pulset
738 921 995 961 incessanter
1021 932 1156 973 usque
1182 920 1225 959 in
1248 919 1299 958 fi-

267 1003 380 1041 nem,
405 992 637 1032 secundum
657 992 758 1032 illud
777 997 812 1032 ³:
834 992 946 1040 «Qui
964 991 1299 1044 perseveraverIt

266 1074 401 1114 usque
423 1062 465 1101 in
486 1063 638 1113 finem,
660 1063 730 1102 hic
750 1062 894 1102 salvus
924 1062 1015 1102 erit.
1038 1076 1056 1099 n
1083 1061 1171 1101 Tali
1197 1074 1295 1114 ape-

265 1133 374 1173 ritur
393 1133 548 1173 ostium
569 1133 732 1184 gloriae,
748 1133 799 1173 de
816 1145 900 1185 quo
922 1133 966 1172 in
981 1132 1243 1185 Apocalypsi
1260 1133 1292 1173 ⁶:

271 1203 514 1255 «Apertum
534 1206 595 1243 est
612 1203 821 1255 templum
843 1203 913 1244 Dei
934 1204 977 1243 in
1004 1204 1130 1244 coelo:
1156 1219 1173 1240 n
1201 1216 1295 1244 ecce

264 1274 421 1315 ostium
461 1277 655 1327 apertum
691 1274 736 1313 in
773 1274 892 1315 coelo.
933 1273 1020 1314 Hoc
1057 1274 1291 1326 aperietur,

264 1346 432 1399 quando
469 1346 632 1386 dicetur
671 1345 775 1386 illud
804 1346 817 1367 ⁵
850 1360 858 1385 ε
901 1361 920 1384 (1
951 1345 1122 1397 Venite,
1163 1346 1293 1387 bene-

264 1417 382 1467 dicti,
402 1420 497 1468 etc.,
518 1417 747 1470 possidete,
770 1433 788 1453 n
814 1420 891 1458 etc.

317 1492 382 1528 11.
407 1488 515 1540 Quis
535 1491 675 1530 aulem
699 1499 751 1530 esc
771 1489 907 1539 vobis,
931 1491 1008 1528 etc.
1032 1487 1130 1529 Post
1152 1488 1296 1529 incita-

264 1561 457 1599 mentum
490 1560 542 1600 ad
574 1559 774 1600 orationis
813 1559 1120 1612 frequentiam,
1155 1559 1296 1600 subdit

262 1629 330 1669 hic
353 1629 674 1670 incitamentum
700 1630 751 1671 ad
776 1630 978 1670 orationis
1003 1630 1202 1670 fiduciam
1223 1642 1231 1670 :
1255 1633 1295 1671 et

262 1700 342 1740 hoc
369 1701 549 1741 ostendit
572 1701 864 1741 liberalitatem
889 1701 933 1740 in
963 1700 1044 1740 Deo
1074 1700 1196 1741 Patre
1215 1713 1294 1741 nos

262 1771 526 1811 exaudiente.
561 1771 608 1810 In
637 1771 715 1811 hac
745 1783 848 1822 ergo
877 1773 994 1823 parte
1027 1771 1163 1823 primo
1193 1784 1294 1824 pro-

261 1841 379 1895 ponit
409 1841 701 1882 liberalitatem
730 1841 860 1894 patris
893 1842 1073 1882 carnalis
1101 1846 1295 1895 respectu

261 1912 358 1962 filii3
390 1913 573 1953 secundo
593 1912 804 1953 concludit
835 1912 1127 1953 liberalitatem
1158 1913 1294 1953 Patris

261 1983 440 2024 coelestis
470 1986 663 2036 respectu
690 1984 844 2033 nostri,
873 1984 930 2023 ibi
951 1983 989 2023 ⁶:
1026 1985 1073 2026 Si
1098 1994 1192 2037 erqo
1221 1995 1293 2026 ‘008

261 2067 355 2098 eum
375 2057 473 2098 sitis
493 2056 611 2106 mali,
631 2058 708 2096 etc.
731 2055 1040 2097 Liberalitatem
1060 2060 1204 2098 autem
1224 2070 1294 2111 pa-

262 2127 337 2167 tris
365 2127 544 2168 ostendit
572 2127 616 2166 in
650 2128 1035 2168 communicatione
1061 2128 1161 2179 cibi,
1193 2141 1293 2169 cum

262 2198 425 2238 cautela
442 2197 660 2247 contrarii3
683 2200 723 2238 et
735 2198 816 2238 hoc
831 2199 1064 2238 secundum
1084 2199 1292 2251 triplicem

262 2268 543 2309 differentiam
564 2268 836 2319 nutrimenti,
857 2272 930 2309 aut
946 2272 1112 2309 naturae
1126 2273 1289 2320 terreae,

261 2345 332 2380 aut
354 2351 524 2392 aqueae,
555 2341 630 2379 aut
658 2351 808 2379 aereae.
832 2339 1026 2380 Primum
1055 2343 1214 2391 spectat
1241 2341 1293 2381 ad

262 2409 537 2462 vegetabilia3
559 2409 792 2450 secundum
810 2410 860 2450 ad
879 2410 1089 2460 natatilia;
1121 2411 1293 2452 tertium

262 2482 314 2522 ad
335 2481 533 2522 volatilia.

317 2553 533 2603 Quantum
553 2554 687 2605 igitur
708 2553 761 2594 ad
782 2552 1027 2606 petitionem
1047 2553 1208 2594 fructus
1226 2566 1295 2595 ve-

264 2625 535 2676 getabilium,
558 2625 677 2666 dicit:
705 2625 813 2676 Quis
836 2628 974 2666 autem
999 2634 1054 2666 eoe
1079 2625 1196 2666 vobis
1224 2637 1295 2678 pa-

263 2699 366 2737 trem
391 2697 499 2748 petit
521 2707 701 2748 panem,
736 2695 785 2736 ad
819 2695 1143 2747 perfectionem,
1167 2708 1290 2737 num-

263 2766 370 2819 quid
380 2766 566 2819 lapidem
578 2766 698 2808 dabit
711 2766 793 2814 illi,
811 2766 966 2806 scilicet
980 2767 1031 2806 ad
1045 2766 1261 2807 laesionem
1275 2768 1294 2807 ?

264 2836 465 2877 Homines
484 2836 598 2876 enim
619 2836 799 2888 panibus
820 2838 1125 2885 sustentantur,
1150 2849 1296 2878 secun-

263 2908 365 2948 dum
397 2907 501 2948 illud
533 2907 574 2947 ⁷:
609 2922 628 2945 (‹
659 2906 783 2947 Panis
815 2919 886 2947 cor
919 2907 1105 2948 hominis
1138 2909 1291 2949 confir-

264 2980 351 3018 mat
365 2978 415 3031 (a)
425 3010 433 3018 .
443 2992 461 3015 n
476 2977 556 3018 Sed
566 2977 778 3030 lapidibus
788 2978 1045 3028 obruuntur,
1060 2980 1294 3019 secundum

264 3049 366 3090 illud
386 3052 400 3074 ⁸
417 3063 425 3089 :
455 3065 473 3088 «
492 3049 571 3097 Qui
590 3049 784 3089 ceciderit
802 3062 927 3102 super
945 3050 1127 3103 lapidem
1148 3051 1292 3102 istum,

265 3120 580 3172 confringetur;
614 3131 741 3171 super
771 3132 898 3173 quem
935 3133 1038 3162 vero
1073 3122 1292 3174 ceciderit,

265 3194 452 3233 conteret
471 3202 586 3232 eum.
603 3206 621 3229 »

320 3263 534 3312 Quantum
569 3264 620 3304 ad
657 3264 902 3317 petitionem
943 3264 1104 3304 fructus
1136 3265 1296 3305 natati-

265 3335 397 3383 lium,
430 3334 602 3375 suhdit:
637 3336 726 3377 Aut
761 3335 943 3387 piscem,·
976 3334 1189 3387 numquid
1219 3346 1296 3388 pro

310 3418 316 3435 ¹
340 3417 425 3457 Ose„
447 3425 480 3458 v,
500 3419 530 3450 6.
553 3435 594 3441 —
613 3418 627 3439 ²
642 3419 752 3456 Joan„
777 3425 843 3457 vn,
867 3419 918 3449 34.
941 3435 979 3440 —
999 3416 1012 3438 ³
1031 3417 1166 3456 Mami„
1187 3426 1221 3458 x,
1243 3420 1294 3450 22.

267 3480 305 3485 —
323 3463 335 3484 ¹⁶
354 3465 466 3505 Apoc„
490 3473 540 3505 XI,
563 3467 657 3498 19.-
678 3466 691 3488 Β
715 3464 852 3503 ΜαίΐΙῑ.,
873 3472 955 3503 xxv,
979 3465 1029 3496 34.
1050 3480 1090 3487 -—-
1112 3464 1220 3505 61]1Ῑ”.,
1243 3467 1296 3497 13.

267 3528 307 3533 —
334 3512 343 3529 ⁷
366 3511 456 3543 Psal.
483 3520 562 3552 (3111,
592 3515 642 3545 15.
668 3529 708 3537 —
736 3512 750 3534 ⁸
775 3512 910 3550 Mami..
936 3519 1017 3552 xm,
1041 3512 1092 3542 44.
1119 3526 1156 3534 —
1185 3513 1198 3534 ⁹
1223 3513 1299 3553 inf„

268 3565 365 3599 xxw,
382 3560 433 3599 41,
450 3561 500 3592 42.
517 3577 553 3583 -
575 3561 603 3584 ¹⁰
617 3560 732 3600 Num„
753 3567 826 3599 xm,
848 3562 878 3592 6.
899 3577 939 3583 -
962 3561 987 3581 ¹¹
1009 3561 1108 3600 Aug„
1131 3560 1188 3591 ubi
1207 3569 1294 3601 sup„

1006 264 1287 309 EVANGELII
1317 228 1502 305 SANCTI
1532 261 1680 304 LUCAE

1370 353 1484 405 pisce
1515 353 1746 404 serpentem
1771 348 1894 391 dabit
1926 347 2028 391 illi?
2054 349 2257 390 Homines
2276 348 2390 402 pisci*

1372 423 1454 463 bus
1473 422 1721 463 reficiuntur
1735 420 1767 459 ⁹:
1789 434 1808 458 «
1829 419 1998 460 Habetis
2017 419 2086 459 bic
2105 420 2265 473 aliquid
2286 419 2399 472 quod

1374 492 1681 533 manducetur?
1715 491 1768 531 At
1798 489 1857 529 illi
1888 489 2132 530 obtulerunt
2165 490 2203 530 ei
2235 492 2400 542 partem

1372 563 1496 615 piscis
1517 563 1621 613 assi,
1643 564 1683 602 et
1702 562 1848 602 favum
1869 557 2019 600 mellis.
2043 574 2061 597 n
2091 559 2173 600 Sed
2196 561 2398 612 serpenti-

1372 634 1453 673 bus
1472 633 1744 681 occiduntur,
1768 631 1881 672 unde
1896 631 1925 654 1⁰
1939 645 1973 670 :«
1998 630 2177 670 Immisit
2197 629 2400 671 Dominus

1372 704 1415 743 in
1437 703 1641 756 populum
1662 701 1819 754 ignitos
1847 703 2082 754 serpentes,
2112 711 2298 752 quorum
2319 703 2401 740 sci-

1370 774 1466 815 licet
1487 774 1696 814 morsibus
1715 759 2021 813 moriebantur.

1425 845 1638 894 Quantum
1652 845 1703 885 ad
1718 844 1961 897 petitionem
1976 843 2138 883 fructus
2151 842 2401 893 volatilium,

1372 916 1591 956 subditur:
1624 918 1707 957 Aut
1733 916 1773 956 si
1797 915 1969 967 petierit
1994 923 2138 964 ovum,
2172 912 2327 953 scilicet
2359 913 2403 953 in

1372 987 1536 1035 cibum,
1568 985 1779 1039 numquid
1806 986 1994 1037 por-riqet
2025 984 2093 1026 illi
2119 984 2400 1035 scorpionem,

1371 1058 1411 1098 id
1432 1061 1512 1108 est,
1540 1058 1784 1098 venenum?
1808 1057 1895 1098 Ova
1915 1055 2029 1095 enim
2050 1057 2285 1095 sustentant
2294 1069 2303 1104 ;
2330 1055 2402 1095 sed

1371 1128 1610 1181 scorpiones
1649 1130 1822 1177 necant,
1859 1128 1965 1167 sicut
2002 1126 2221 1166 manifeste
2253 1126 2403 1179 probat

1370 1199 1642 1251 experientia.
1678 1197 1779 1238 Haec
1810 1197 1983 1250 quidem
2013 1197 2064 1237 ad
2093 1196 2277 1236 litteram
2304 1198 2402 1236 sunt

1370 1270 1515 1322 plana,
1540 1272 1580 1308 et
1600 1268 1830 1308 similitudo
1850 1279 1904 1308 ex
1923 1267 1990 1307 his
2007 1269 2237 1319 assumpta.

1425 1339 1666 1380 Secundum
1697 1341 1839 1379 autem
1869 1338 2133 1390 spiritualem
2158 1337 2400 1389 intelligen-

1369 1411 1493 1461 tiam,
1517 1411 1641 1451 datur
1659 1410 1841 1462 intelligi
1861 1410 1928 1450 hic
1954 1409 2055 1462 quid
2078 1409 2308 1462 petendum
2332 1408 2398 1449 sit.

1369 1481 1487 1522 Unde
1519 1481 1788 1533 Augustinus
1818 1481 1871 1521 ad
1903 1481 2106 1531 Probam,
2137 1480 2188 1522 cle
2215 1480 2399 1531 orando,

1369 1553 1469 1593 dicit
1490 1553 1533 1602 ¹¹,
1564 1552 1677 1605 quod
1706 1552 1750 1591 in
1771 1552 1882 1605 pisce
1903 1552 2026 1601 tides,
2055 1552 2097 1591 in
2118 1564 2199 1592 ovo
2219 1563 2333 1603 speS,
2357 1550 2402 1590 in

1370 1636 1478 1675 pane
1492 1626 1636 1663 autem
1657 1623 1840 1662 charitas
1859 1623 2126 1673 designatur.
2142 1621 2266 1661 Recte
2285 1633 2402 1660 nam-

1369 1706 1451 1746 que
1471 1693 1670 1746 petitione
1690 1692 1810 1745 panis
1827 1692 2083 1744 intelligitur
2102 1691 2248 1744 petitio
2268 1690 2404 1731 chari-

1368 1764 1479 1804 tatis.
1499 1763 1615 1804 Unde
1636 1763 1929 1815 Augustinus:
1948 1778 1967 1801 «
1988 1762 2175 1804 Charitas
2195 1762 2240 1801 in
2266 1773 2373 1814 pane
2391 1775 2399 1802 :

1369 1837 1506 1888 maJ'or
1525 1836 1638 1876 enim
1659 1835 1853 1876 omnium
1880 1835 2091 1875 bonorum
2113 1835 2175 1873 est
2194 1833 2399 1883 charitas,

1369 1910 1409 1948 et
1433 1907 1478 1947 in
1507 1907 1608 1947 cibis
1638 1907 1768 1948 vincit
1788 1909 1941 1946 caetera
1961 1905 2080 1958 panis
2105 1904 2278 1944 utilitas.
2293 1918 2313 1942 ›)
2328 1903 2402 1945 Vel

1369 1979 1467 2033 quia
1487 1978 1666 2019 charitas
1683 1978 1735 2018 ad
1757 1977 1931 2017 niodum
1949 1976 2069 2029 panis
2090 1976 2223 2016 nutrit
2243 1978 2283 2016 et
2307 1987 2402 2015 con-

1367 2051 1530 2101 firmat,
1553 2049 1665 2090 unde
1686 2049 1837 2089 dicitur
1852 2049 1934 2088 1²2«
1951 2047 2088 2089 Fortis
2108 2051 2184 2096 est,
2201 2050 2249 2088 ut
2269 2059 2397 2098 mors,

1368 2121 1548 2162 dilectio.
1570 2135 1588 2158 n
1606 2120 1724 2161 Unde
1749 2122 2067 2160 sacramentum
2087 2118 2300 2159 charitatis
2319 2120 2402 2158 tra-

1368 2193 1482 2233 ditur
1514 2192 1557 2231 in
1588 2191 1726 2244 specie
1766 2190 1904 2243 panis,
1943 2190 2011 2230 Vel
2043 2190 2143 2242 quia
2178 2189 2287 2229 sicut
2312 2189 2401 2229 sine

1368 2275 1477 2315 pane
1504 2265 1564 2302 est
1591 2262 1729 2302 omnis
1761 2273 1908 2301 mensa
1935 2273 2092 2310 vacua,
2123 2260 2181 2300 sic
2207 2262 2247 2300 et
2275 2271 2401 2300 omne

1368 2346 1440 2375 cor
1468 2334 1629 2386 absque
1650 2332 1872 2382 charitate,
1894 2332 2009 2372 unde
2029 2331 2058 2354 ¹³
2082 2343 2092 2371 ε
2115 2347 2134 2370 (1
2155 2332 2198 2372 Si
2218 2331 2398 2371 charita-

1368 2408 1453 2445 tem
1484 2416 1570 2444 non
1594 2404 1784 2443 habuero
1798 2434 1808 2452 ,
1831 2402 1939 2442 nihil
1959 2414 2078 2450 sum,
2100 2405 2142 2442 et
2168 2401 2276 2441 nihil
2295 2401 2401 2441 mihi

1368 2476 1550 2528 prodest.
1575 2489 1594 2513 ))
1622 2474 1749 2525 Huic,
1774 2476 1821 2514 ut
1842 2473 1942 2514 dicit
1962 2473 2230 2525 Augustinus
2250 2473 2294 2523 ¹¹⁰,
2326 2484 2400 2525 op-

1369 2547 1542 2600 ponitur
1562 2546 1682 2599 lapis,
1705 2545 1804 2598 quia
1822 2545 1946 2585 corda
1964 2545 2069 2585 dura
2082 2547 2290 2598 respuunt
2308 2544 2404 2584 cha-

1369 2620 1553 2660 ritatem.
1577 2618 1693 2659 Unde
1719 2617 1763 2657 in
1791 2616 1928 2669 lapide
1953 2616 2108 2657 duritia
2139 2616 2398 2668 designatur,

1371 2690 1602 2731 secundum
1624 2689 1726 2729 illud
1751 2688 1991 2731 Ezechielis
2011 2689 2092 2728 ¹¹⁵2«
2111 2688 2311 2728 Auferam
2332 2699 2402 2728 cor

1369 2762 1585 2815 lapideum
1597 2761 1647 2801 de
1658 2772 1783 2800 carne
1797 2762 1950 2810 vestra,
1967 2761 2006 2799 et
2018 2759 2126 2800 dabo
2140 2759 2275 2808 vobis,
2288 2772 2307 2796 ›>
2321 2761 2399 2799 etc.

1372 2832 1510 2885 Supra
1531 2831 1559 2853 ¹⁶
1578 2845 1617 2871 :<‹
1638 2830 1789 2871 Potens
1812 2832 1874 2870 est
1900 2830 2012 2870 Deus
2034 2830 2085 2870 de
2110 2829 2319 2883 lapidibus
2345 2830 2400 2868 15-

1370 2907 1446 2955 tis,
1465 2920 1484 2944 »
1499 2908 1576 2946 etc.
1599 2904 1721 2945 Recte
1740 2904 1868 2944 etiam
1885 2916 1960 2956 per
1978 2904 2132 2957 piscem
2150 2902 2402 2953 intelligitur

1372 2977 1499 3028 fides,
1536 2976 1642 3017 sicut
1673 2975 1772 3015 dicit
1805 2975 2092 3027 Augustinus,
2126 2973 2193 3013 vel
2229 2975 2401 3026 propter

1371 3060 1527 3101 aquam
1557 3047 1778 3100 baptismi,
1807 3046 1875 3087 vel
1903 3046 2002 3099 quia
2028 3046 2073 3085 in
2102 3045 2230 3097 huius
2257 3044 2401 3085 saeculi

1370 3119 1568 3159 fluctibus
1588 3118 1690 3158 fides
1710 3118 1879 3168 integra
1895 3119 1956 3157 est
1974 3118 2001 3139 ¹⁷
2016 3131 2051 3157 :a
2073 3116 2172 3157 Haec
2192 3118 2254 3157 est
2273 3116 2403 3157 victo-

1371 3189 1435 3230 ria
1462 3201 1558 3242 quae
1588 3188 1718 3229 vincit
1741 3187 1973 3236 mundum,
1999 3186 2104 3227 fides
2131 3189 2325 3227 vestra.»
2352 3185 2403 3227 Et

1373 3263 1425 3303 ad
1448 3262 1641 3303 Hebraeos
1671 3259 1723 3301 ¹⁸:
1749 3258 1929 3299 «Sancti
1953 3269 2028 3309 per
2056 3257 2183 3298 fidem
2210 3258 2402 3298 vicerunt

1374 3368 1406 3391 c.
1423 3366 1497 3396 vm,
1517 3367 1552 3390 11.
1576 3358 1625 3388 16.
1645 3374 1686 3380 -
1708 3356 1729 3374 ¹²
1745 3356 1853 3394 Cant,
1875 3361 1951 3392 vm,
1969 3355 1999 3384 6.
2017 3370 2057 3376 -
2080 3353 2104 3375 ¹³
2126 3354 2133 3384 1
2158 3353 2248 3392 Cor„
2265 3360 2347 3389 xm,
2369 3355 2399 3393 2,

1374 3409 1403 3438 3.
1425 3424 1466 3430 —
1490 3405 1515 3427 1⁴
1544 3407 1642 3444 Aug„
1666 3404 1732 3434 loc.
1760 3411 1842 3434 mox
1870 3401 1984 3433 citato.
2005 3418 2045 3423 —-
2073 3401 2099 3422 1⁸
2121 3400 2254 3438 Ezech.,
2281 3407 2400 3440 xxxw,

1374 3455 1426 3485 26.
1452 3470 1487 3476 —
1509 3453 1536 3474 1⁵
1555 3455 1651 3492 sup„
1672 3458 1732 3490 111,
1758 3451 1787 3481 8.
1808 3466 1848 3472 —
1866 3450 1891 3471 ¹⁷
1912 3449 1924 3480 l
1944 3450 2054 3489 Joan„
2075 3456 2109 3487 V,
2129 3450 2159 3480 4.
2183 3464 2216 3470 -—
2241 3447 2267 3469 ¹⁸
2287 3446 2402 3487 Helm,

1373 3509 1421 3542 xl,
1442 3502 1494 3531 33.
1579 3521 1581 3525 .

1417 3560 1460 3600 (a)
1490 3558 1586 3599 Vuly.
1610 3556 1800 3590 confirmet.
