2634 3853
229 268 305 306 398

228 352 572 406 approbationem
588 350 830 391 testimonii.
848 349 990 390 Primo
1004 360 1109 399 ergo
1124 348 1168 387 in
1178 347 1256 387 bac

228 427 345 476 parte
377 423 611 464 ostenditur
652 420 932 462 Praecursoris
965 417 1255 458 testimonium

228 506 317 536 esse
341 507 510 543 verum,
531 492 713 533 secundo
735 502 835 531 vcro
856 489 1112 529 testificantis
1134 488 1258 528 nteri-

228 569 319 605 tum
340 578 430 606 esse
452 576 673 615 magnum,
696 562 751 602 ibi
776 565 832 612 (V.
857 561 919 613 ⁹24)
945 573 953 600 :
980 561 1038 602 Ec
1056 571 1149 601 Cum
1169 560 1255 602 clis-

228 637 446 678 ccssz‘ssent
464 635 610 676 mmtz'z'
622 634 819 683 Joanm's,
836 636 913 673 etc,
934 632 1048 672 Circa
1067 631 1255 684 primum

227 710 383 756 autem,
405 706 559 746 scilicet
575 705 794 745 veritatem
811 703 1051 754 testimonii,
1066 714 1256 754 compro-

228 778 439 824 bandum,
474 776 558 816 duo
592 776 918 816 introducuntur
946 789 954 815 z
980 775 1168 827 primum
1195 777 1256 815 est

228 849 400 900 quaestio
412 847 709 897 Praecursoris;
726 847 957 887 secundnm
970 850 1030 887 est
1042 846 1255 899 responsio

227 919 469 969 salvatoris,
491 919 549 958 ibi
586 920 638 970 (v.
661 918 723 971 021)
750 933 758 958 z
788 919 839 959 In
868 919 966 971 ipsa
991 921 1130 959 aulem
1152 917 1257 958 liora

226 991 394 1032 curavit
414 990 577 1032 multos.
602 990 761 1039 Qnaerit
777 993 921 1030 autem
940 990 1120 1030 Joannes
1141 989 1181 1029 id
1202 1001 1254 1029 ex

225 1074 274 1101 eo
289 1062 355 1102 cui
376 1062 662 1102 testimonium
681 1061 966 1113 perhibuerat,
984 1072 1068 1100 non
1086 1062 1257 1112 propter

223 1133 401 1172 dubium
430 1133 731 1181 amovendum,
763 1132 833 1172 sed
866 1133 1037 1184 propter
1065 1131 1256 1171 testimo-

221 1204 339 1243 nium
379 1203 701 1256 approbandum
748 1215 822 1255 per
859 1203 1075 1243 infallibile
1119 1215 1253 1254 argu-

222 1277 429 1315 mentum.
455 1274 710 1327 Proponitur
738 1276 880 1314 autem
915 1274 1093 1326 quaestio
1122 1274 1255 1326 ipsius

221 1345 300 1386 hoc
319 1346 464 1386 ordine
488 1360 496 1386 :
520 1346 657 1400 primo
673 1345 787 1386 enim
807 1345 1091 1386 introducitur
1112 1357 1253 1398 quaes-

221 1417 345 1457 tionis
374 1417 554 1468 occasi03
584 1417 784 1467 secundo,
807 1417 1053 1469 quaestionis
1080 1416 1255 1457 deman·

221 1488 351 1538 datio;
393 1489 514 1529 tertio
550 1501 667 1538 vero,
707 1488 954 1541 quaestionis
991 1488 1255 1529 demandatae

222 1560 499 1601 denuntiatio.
526 1560 812 1601 introducitur
835 1572 942 1612 ergo
971 1560 1107 1613 primo
1134 1573 1253 1613 quee-

221 1631 339 1671 rendi
365 1632 527 1672 occasio
554 1645 608 1672 ex
626 1632 812 1673 nominis
837 1632 991 1672 Christi
1019 1632 1252 1684 praeconio;

221 1705 430 1754 quantuni
451 1704 502 1744 ad
522 1704 602 1744 hoc
615 1704 766 1744 dicitur
783 1718 791 1744 ε
809 1705 848 1744 E
851 1707 868 1746 t
888 1704 999 1746 eoez'z’c
1015 1703 1083 1744 hic
1103 1714 1252 1753 sermo,

221 1773 376 1815 scilicet
394 1775 443 1815 de
461 1775 731 1816 suscitatione
749 1775 921 1825 mortui,
941 1776 989 1816 in
1010 1775 1256 1816 universam

220 1845 412 1888 Judoeam
432 1845 482 1888 dc
501 1856 558 1897 eo,
582 1850 620 1888 cc
642 1848 690 1888 in
712 1856 873 1888 omnem
892 1847 1008 1888 circa
1028 1847 1252 1898 reqioncm,

220 1916 277 1956 ita
306 1920 352 1957 ut
377 1920 547 1970 possent
570 1930 717 1958 omnes
746 1918 883 1959 dicere
915 1917 1018 1958 illud
1044 1919 1053 1939 ¹
1079 1932 1088 1958 :
1124 1933 1143 1956 «
1163 1918 1258 1958 Au-

219 1987 338 2027 ribus
364 1988 519 2028 nostris
548 1988 796 2029 audivimus
832 1989 990 2029 samam
1022 1990 1129 2041 ejus.
1153 2003 1172 2028 1)
1206 1990 1258 2030 Ε1

220 2058 323 2099 illud
346 2059 468 2101 Josuc
489 2060 502 2080 ²
525 2071 534 2100 :
561 2075 579 2098 «
599 2060 856 2101 Audivimus
876 2062 1035 2101 samam
1055 2061 1256 2114 potentiae

222 2132 329 2183 ejus,
353 2144 372 2168 >³
396 2131 550 2171 scilicet
569 2131 641 2171 Dei
660 2131 804 2171 vestri.
827 2131 945 2172 Unde
964 2134 1006 2172 et
1031 2131 1258 2174 Matthaeus

223 2202 323 2242 dicit
351 2203 379 2252 ³,
414 2202 527 2255 quod
565 2217 583 2240 α
612 2201 713 2242 abiit
745 2202 891 2254 opinio
923 2203 1016 2254 ejus
1048 2203 1093 2242 in
1126 2205 1257 2243 totam

222 2272 405 2326 Syriam.
438 2288 457 2310 ›>
496 2272 624 2325 Cujus
657 2273 802 2324 figura
832 2273 1047 2326 praecessit
1080 2274 1125 2314 in
1161 2273 1257 2315 Ozia

222 2356 325 2397 rege
345 2345 358 2366 ¹·
382 2357 390 2383 :
422 2359 440 2382 α
460 2344 691 2396 Egressum
712 2346 773 2384 est
796 2356 954 2385 nomen
980 2346 1072 2398 ejus
1092 2345 1254 2398 procul,

221 2428 270 2456 eo
291 2415 406 2468 quod
433 2414 713 2455 auxiliaretur
732 2415 771 2455 ei
801 2414 1017 2466 Dominus,
1041 2419 1081 2456 et
1108 2428 1256 2457 corro-

220 2488 410 2528 borasset
438 2498 553 2526 eum.
586 2499 605 2523 ›)
645 2485 733 2526 Hoc
763 2488 906 2526 autem
938 2486 1064 2527 famae
1092 2499 1253 2540 praeco-

220 2558 359 2608 nium,
382 2557 478 2598 licet
494 2559 602 2599 esset
621 2556 765 2597 multis
783 2569 908 2598 causa
934 2558 1143 2609 credendi,
1167 2561 1257 2600 erat

220 2634 362 2671 tamen
383 2629 598 2682 aliquibus
616 2628 778 2669 occasio
797 2629 1029 2680 invidendi,
1052 2630 1159 2671 sicut
1177 2631 1257 2671 dis-

221 2701 371 2754 cipulis
388 2700 575 2750 Joannis,
588 2702 759 2753 propter
773 2712 881 2752 quos
895 2700 1063 2741 additur
1086 2701 1141 2753 (v.
1159 2702 1220 2755 48)
1242 2715 1252 2744 z

222 2774 280 2814 Et
314 2773 625 2814 nuntiaverunt
652 2771 811 2812 Jocmm'
840 2770 1047 2824 discipuli
1078 2771 1167 2823 effus
1205 2773 1256 2826 cte

223 2843 415 2885 omnibus
430 2842 513 2884 his.
530 2841 642 2882 Beda
653 2842 666 2863 ⁵
682 2855 718 2881 :«
731 2840 824 2884 Non
835 2841 1016 2894 simplici
1028 2843 1168 2895 corde,
1182 2844 1255 2885 sed

224 2914 385 2955 invidia
406 2913 650 2954 stimulante
675 2914 744 2966 (a),
772 2913 880 2954 sicut
900 2914 1013 2967 apud
1032 2915 1254 2969 Joannem,

224 2984 298 3026 nbi
331 2984 625 3037 querulantur,
658 2984 841 3025 dicentes
861 2985 874 3006 ⁶
905 2999 913 3025 :
952 3000 971 3024 <‹
991 2986 1148 3038 Rabbi,
1181 2987 1256 3040 qui

224 3058 315 3097 erat
346 3059 483 3096 tecum
515 3059 632 3096 trans
666 3054 918 3108 Jordanem,
952 3057 1022 3097 cui
1053 3060 1100 3098 tu
1137 3058 1253 3098 testi-

224 3127 419 3170 monium
449 3126 719 3180 perhibuisti,
751 3140 844 3168 ecce
877 3128 948 3169 hic
985 3129 1182 3182 baptizat,
1215 3131 1257 3170 et

225 3211 372 3241 omnes
395 3198 574 3240 veniunt
593 3198 644 3238 ad
663 3210 775 3239 eum.
798 3213 816 3236 n
842 3198 899 3240 De
918 3199 1072 3241 talibus
1091 3200 1144 3241 ad
1163 3200 1257 3243 Phi-

226 3273 434 3325 le'ppcnses
454 3274 468 3295 ⁷
489 3282 498 3309 ε
524 3284 543 3307 «
563 3268 742 3318 Quidam
761 3282 815 3310 ex
833 3272 1101 3312 contentione
1121 3271 1256 3313 Chris-

226 3346 319 3385 tum
338 3341 605 3391 annuntiant,
626 3352 713 3381 non
729 3340 903 3383 sincere.
922 3357 941 3380 n
967 3342 1032 3384 Ex
1050 3343 1131 3385 1100
1148 3356 1256 3396 ergo

268 3426 364 3466 1Job,
383 3434 505 3466 xxviii,
526 3426 578 3457 22.
592 3442 632 3448 —-
650 3424 660 3442 2
677 3424 757 3465 λοι,
777 3432 824 3464 ix,
845 3427 876 3457 9.
893 3443 933 3448 -
952 3426 963 3444 ³
982 3427 1116 3467 Mami„
1138 3435 1185 3467 iv,
1202 3428 1254 3459 24.

226 3491 267 3498 —-
283 3476 293 3493 ¹·
317 3476 343 3506 11
364 3474 492 3512 Ραναί.,
514 3481 609 3514 xxvi,
631 3474 681 3504 15.
701 3490 742 3495 —-
761 3473 770 3491 ⁵
790 3473 885 3512 Bed.,
908 3473 964 3506 lib.
990 3475 1030 3515 ΙΙ,
1053 3484 1081 3506 0,
1103 3483 1199 3514 xxw,
1221 3476 1255 3506 in

228 3523 318 3563 Luc„
339 3531 369 3553 c.
390 3529 451 3553 vn.
465 3539 507 3545 —
530 3522 542 3539 ὓ
561 3521 669 3558 Ιοαη.,
687 3527 740 3560 111,
760 3522 812 3552 26.
833 3538 875 3543 -—
892 3521 905 3542 '¹
931 3521 1070 3562 Philip„
1096 3524 1194 3562 1,17.
1216 3540 1257 3545 —

228 3570 241 3591 ⁸
257 3570 346 3608 Act„
364 3577 437 3609 xix,
458 3571 490 3601 4.
508 3585 550 3592 -
565 3569 576 3587 ‘³
596 3568 706 3600 (31055.
725 3567 760 3599 in
781 3567 870 3600 hune
888 3568 955 3600 100.
976 3586 1017 3592 -
1039 3569 1064 3589 ¹⁰
1083 3570 1255 3609 ambros„

962 257 1243 302 EVANGELH
1273 257 1459 300 SANCTI
1489 259 1637 302 LUCAE

1328 351 1497 401 sumpta
1530 352 1592 389 051
1625 348 1785 390 occasio
1816 351 2050 402 quaerendi,
2085 354 2233 392 utrum
2269 351 2358 405 ipse

1329 421 1437 459 esset
1473 432 1599 472 quem
1637 420 1818 460 Joannes
1855 423 2230 475 praenuntiaverat,
2263 427 2356 465 tum

1328 492 1498 542 propter
1542 491 1844 543 discipulorum
1890 491 2093 533 invidiam
2140 495 2357 548 extirpan-

1329 560 1555 611 dam,tnn1
1592 566 1761 615 propter
1793 563 2106 604 contentionem
2140 567 2355 618 consopie-

1329 631 1448 683 dam,
1486 635 1576 673 tum
1616 637 1784 687 propter
1822 634 2012 686 ipsorum
2050 635 2358 677 dubitationem

1328 704 1630 756 amovendam,
1675 708 1767 746 tum
1808 707 1980 758 propter
2020 706 2157 759 ipsam
2201 708 2358 749 verita-

1327 776 1412 814 tem
1430 776 1520 826 jam
1541 775 1694 817 clarius
1715 762 2038 828 divulgandam.

1383 842 1640 885 Subducitur
1684 846 1867 885 secundo
1905 845 2154 898 quaestionis
2185 846 2359 887 deman-

1327 913 1439 954 datio
1458 926 1510 954 ex
1531 914 1703 955 Joannis
1721 916 1872 967 officio,
1895 928 1993 956 cum
2013 916 2167 957 dicitur
2189 918 2244 969 (v.
2265 920 2324 969 19)
2349 933 2357 960 ;

1328 987 1387 1027 Et
1420 988 1668 1029 convocavit
1698 987 1804 1029 duos
1833 987 1883 1029 de
1909 987 2138 1040 discipulis
2163 989 2360 1041 Joamws,

1329 1060 1367 1098 ec
1384 1058 1502 1098 misit
1524 1057 1582 1098 ad
1600 1058 1755 1099 Jesum.
1778 1058 1866 1099 Hoc
1885 1059 1998 1099 enim
2023 1062 2180 1111 spectat
2199 1060 2250 1100 ad
2270 1062 2365 1101 offi-

1328 1128 1442 1168 cium
1474 1127 1764 1180 praecursoris,
1798 1130 1943 1170 missio
1976 1130 2280 1183 discipulorum
2312 1132 2364 1171 ad

1329 1199 1557 1240 Christum.
1602 1199 1883 1241 Praecursoris
1918 1202 2031 1241 enim
2074 1202 2264 1242 officium
2303 1204 2365 1242 est

1329 1271 1497 1311 mIttere
1526 1272 1577 1313 ad
1600 1271 1827 1322 Christum,
1850 1273 1979 1313 verbo
2000 1275 2039 1313 et
2068 1285 2194 1326 opere
2221 1276 2366 1326 poten-

1328 1344 1429 1393 tem,
1458 1345 1545 1383 tam
1579 1343 1734 1384 scilicet
1764 1344 2034 1396 praedicando
2066 1358 2194 1398 quan]
2229 1346 2366 1398 bapti-

1328 1414 1475 1465 zando,
1499 1415 1733 1455 secundum
1755 1416 1866 1467 quod
1888 1416 2040 1456 dieitur
2061 1416 2075 1437 ⁸
2103 1431 2111 1457 :
2148 1431 2167 1455 c<
2184 1416 2366 1457 joannes

1328 1487 1555 1539 baptizavit
1589 1487 1800 1540 baptismo
1838 1488 2098 1540 poenitentias
2140 1488 2365 1541 populum,

1328 1558 1470 1598 dicens
1492 1572 1501 1598 t
1527 1558 1575 1599 In
1602 1571 1701 1599 eum
1726 1558 1800 1611 qui
1826 1562 2033 1600 venturus
2053 1562 2162 1600 esset
2185 1562 2278 1612 post
2300 1560 2363 1612 ip-

1329 1642 1442 1681 sum,
1462 1633 1510 1671 ut
1530 1631 1798 1672 crederent.»
1826 1630 1946 1671 Unde
1967 1631 2108 1671 Glossa
2129 1632 2142 1653 ⁹
2173 1643 2182 1668 :
2211 1647 2230 1668 a
2257 1631 2368 1672 Misit

1329 1713 1400 1741 eos
1415 1700 1468 1741 ad
1481 1700 1501 1741 J
1505 1713 1640 1750 esum,
1652 1703 1700 1740 ut
1716 1701 1795 1740 hac
1809 1701 2026 1741 occasione
2040 1701 2166 1752 signa
2181 1701 2365 1753 videant,

1330 1774 1368 1811 et
1399 1771 1574 1812 correcti
1615 1771 1788 1812 credant
1817 1772 1861 1811 in
1902 1784 2017 1812 eum.
2050 1787 2069 1810 ›)
2105 1772 2156 1813 Et
2191 1772 2370 1814 Ambro-

1330 1842 1418 1882 sius
1446 1842 1474 1865 ¹⁰
1499 1855 1509 1882 :
1536 1858 1555 1881 (ι
1579 1842 1692 1887 Misit
1721 1842 1946 1895 discipulos
1977 1843 2028 1884 ad
2064 1843 2292 1894 Christum,
2323 1847 2370 1885 ut

1330 1914 1675 1967 supplementum
1722 1914 1908 1955 scientiae
1952 1917 2235 1968 assequantur
2270 1915 2370 1969 quia

1330 1985 1548 2037 plenitudo
1567 1985 1677 2038 legis
1699 1987 1762 2026 est
1782 1985 1986 2026 Christus.
2008 1985 2059 2027 Et
2083 1986 2128 2039 (b)
2155 1987 2255 2039 quia
2275 1986 2367 2039 ple-

1330 2068 1515 2109 rumque
1537 2059 1690 2097 nutant
1711 2057 1819 2098 dicta
1839 2057 1929 2097 sine
1951 2057 2084 2107 factis,
2105 2060 2146 2098 et
2165 2058 2268 2099 fides
2289 2058 2371 2110 ple·
2434 2078 2437 2081 *

1330 2127 1425 2168 nior
1457 2131 1677 2180 gestorum
1706 2128 2084 2178 testificationibuS,
2110 2141 2240 2182 quam
2271 2141 2370 2171 ver-

1330 2198 1485 2238 borum
1506 2198 1804 2251 sponsionibus
1825 2199 2052 2239 exhibetur
2077 2211 2087 2239 :
2109 2214 2127 2237 ))
2155 2200 2248 2240 ideo
2269 2201 2366 2240 mit-

1332 2270 1443 2310 tebat
1460 2282 1531 2310 eos
1552 2270 1605 2310 ad
1621 2269 1865 2320 Veritatem,
1883 2273 1930 2310 ut
1944 2270 2023 2323 ipsi
2038 2271 2369 2311 certificarentur

1331 2353 1407 2394 per
1425 2340 1668 2392 Veritatem,
1693 2343 1734 2381 et
1762 2341 1976 2382 certificati
2004 2341 2228 2383 redderent
2258 2341 2371 2382 testi-

1332 2412 1525 2454 monium
1545 2412 1714 2453 veritati
1738 2424 1746 2452 :
1775 2415 1815 2452 et
1834 2413 1928 2454 ideo
1950 2413 2057 2453 duos
2084 2414 2199 2453 misit
2224 2425 2370 2454 secun-

1331 2483 1435 2523 dum
1454 2482 1559 2523 illud
1576 2483 1760 2524 ιΙοσιηηῑε
1777 2482 1802 2504 ¹¹
1829 2494 1837 2520 z
1855 2497 1874 2520 (ι
1896 2482 1943 2522 In
1960 2483 2058 2534 lege
2078 2486 2219 2524 vestra
2238 2484 2371 2536 scrip-

1331 2555 1425 2595 tum
1457 2556 1539 2604 est,
1573 2553 1673 2607 quia
1701 2554 1886 2595 duorum
1918 2553 2147 2594 hominum
2179 2554 2370 2595 testimo-

1331 2626 1454 2666 nium
1473 2638 1626 2668 verum
1648 2627 1725 2666 est,
1747 2640 1766 2663 >³
1791 2624 1896 2674 Quia
1916 2627 2059 2666 tamen
2078 2625 2217 2666 adhuc
2245 2625 2367 2666 dubi-

1330 2698 1492 2750 tabant,
1514 2697 1607 2738 111οο
1636 2697 1817 2738 formam
1838 2696 2056 2749 quaerendi
2076 2696 2137 2737 eis
2158 2696 2243 2747 dat,
2265 2697 2369 2737 dum

1331 2769 1446 2810 addit
1474 2771 1528 2821 (v.
1552 2768 1615 2822 020)
1652 2782 1661 2809 z
1694 2769 1861 2819 Dicens,
1894 2772 1940 2810 τα
1973 2779 2031 2819 es,
2062 2769 2138 2821 qui
2167 2771 2370 2811 venturus

1331 2842 1422 2884 est?
1448 2841 1490 2882 id
1522 2843 1598 2892 est,
1630 2852 1759 2893 quem
1790 2851 1872 2891 ego
1900 2839 2079 2892 praedixi
2109 2842 2365 2881 venturum:

1338 2912 1475 2954 «Post
1501 2923 1570 2952 me
1593 2913 1802 2953 venturus
1828 2912 1891 2951 est
1919 2910 1993 2963 qui
2020 2912 2118 2951 ante
2144 2922 2211 2951 me
2235 2911 2368 2951 factus

1331 2986 1407 3035 est,
1429 2998 1449 3022 ›)
1474 2985 1522 3024 ut
1553 2983 1737 3024 habetur
1764 2982 1808 3022 in
1830 2982 2040 3024 ,11)ανιη1312
2064 2983 2105 3021 01
2134 2980 2178 3020 111
2206 2980 2368 3021 caeteris

1331 3055 1423 3096 aliis
1457 3054 1717 3106 Evangeliis.
1757 3053 1826 3095 An
1873 3053 2007 3095 alium
2052 3054 2323 3104 expectamus
2347 3053 2368 3093 P

1332 3126 1453 3180 quasi
1466 3125 1622 3167 diceret
1642 3140 1650 3165 :
1674 3124 1717 3166 Si
1738 3126 1785 3165 tu
1804 3134 1848 3164 es
1865 3122 1949 3172 ille,
1966 3124 2058 3176 Jam
2073 3122 2181 3163 alius
2200 3135 2287 3165 non
2306 3126 2369 3164 est

1331 3197 1632 3252 expectandus,
1652 3209 1707 3238 ne
1726 3197 1833 3238 sorte
1854 3194 1889 3235 si
1919 3194 2052 3235 alium
2080 3197 2364 3248 expectemus,

1332 3270 1613 3323 suscipiamus
1644 3280 1731 3309 non
1756 3269 1848 3320 Jam
1886 3265 2125 3314 Christum,
2160 3267 2233 3308 sed
2264 3267 2368 3308 anti-

1331 3341 1554 3383 christum.
1578 3340 1635 3381 De
1656 3350 1743 3392 quo
1762 3337 1861 3379 dicit
1886 3337 2090 3379 Dominus
2115 3338 2169 3380 ad
2195 3338 2366 3381 Judaeos

1334 3454 1367 3486 in
1385 3455 1475 3495 Luc„
1495 3453 1553 3486 lib.
1572 3454 1614 3494 V,
1635 3461 1670 3483 n.
1688 3452 1740 3483 95.
1761 3450 1972 3492 —-¹1Jocm.,
1992 3459 2068 3493 virt,
2092 3453 2141 3484 17.
2165 3469 2205 3476 —
2224 3452 2250 3474 1²
2266 3452 2367 3494 ibid„

1334 3511 1358 3543 1,
1379 3503 1435 3534 30.

1376 3568 1419 3608 (a)
1442 3566 1497 3599 Al.
1517 3565 1745 3598 stimulato.—-
1764 3563 1810 3604 (b)
1830 3564 1912 3596 Item
1932 3564 2048 3596 Ambr.
2070 3565 2222 3598 Christus
2241 3576 2249 3598 :
2274 3568 2319 3599 ut.
