2634 3853
954 174 1226 218 EXPOSITIO
1254 174 1308 216 IN
1339 174 1451 215 CAP.
1482 175 1550 216 Xl.

190 268 261 318 tis;
282 269 390 310 sicut
408 269 546 320 patres
563 267 692 308 vestri
720 267 771 319 (a)
805 269 845 307 et
870 277 960 307 vos.
994 280 1014 303 ))
1047 265 1097 305 Et
1117 264 1216 316 quia

190 339 348 380 malitia
379 350 510 391 quam
538 338 741 389 gerebant
770 337 814 376 in
847 336 992 386 corde,
1037 334 1213 387 permis-

189 409 304 449 sione
321 408 391 449 Dei
410 408 663 460 propalanda
679 407 825 448 eratin
845 419 984 458 opere,
1002 405 1093 445 ideo
1114 404 1213 444 sub-

189 478 248 518 dit
281 478 350 530 (v.
386 480 463 529 49)
501 490 510 518 z
545 479 770 531 Propterea
805 480 843 519 et
884 476 1100 527 sapiencia
1139 474 1218 514 Dei

189 546 312 590 discit
322 579 334 599 ,
354 548 397 589 id
418 551 500 600 est,
522 550 574 590 ab
596 552 752 590 aeterno
778 547 1004 600 disposuit,
1039 545 1105 586 vel
1129 545 1217 597 ipse

190 617 377 658 Christus
399 619 623 672 disposuit,
646 619 714 659 vel
731 617 946 670 praevidit,
970 615 1042 668 qui
1062 617 1124 655 est
1144 614 1217 654 Dei

189 687 344 738 virtus,
373 691 414 729 et
437 688 509 730 Dei
535 689 753 741 sapientia.
792 687 865 727 Vel
897 687 1044 737 dixit,
1086 686 1128 726 id
1158 688 1220 725 est

189 759 385 811 praedixit
411 771 514 801 voce
544 760 799 812 prophetica.
830 759 1000 800 Mittam
1035 756 1093 798 ad
1124 756 1218 798 illos

185 830 415 883 prophetas
435 834 476 874 ec
492 831 718 884 apostolos,
737 834 776 873 ec
801 840 852 872 esc
870 829 960 871 illis
979 828 1219 870 occidental

186 906 502 954 persequentur,
544 901 774 942 secundum
810 900 912 941 illud
947 901 1136 942 Jeremire
1163 902 1172 923 ¹
1207 913 1216 939 ι

194 971 324 1012 «Misi
357 972 411 1013 ad
440 984 516 1013 vos
551 984 698 1012 omnes
726 984 870 1013 servos
893 972 1118 1023 prophetas
1146 981 1220 1022 per

189 1041 322 1093 diem,
344 1054 606 1094 consurgens
624 1041 830 1092 diluculo,
854 1042 1044 1091 mittens,
1069 1043 1110 1081 et
1134 1053 1220 1081 non

190 1112 416 1154 audierunt
434 1125 503 1153 me
520 1145 529 1164 ‚
553 1113 622 1154 sed
650 1125 727 1153 nec
744 1113 1055 1153 inclinaverunt
1073 1124 1220 1153 aurem

190 1194 333 1233 suam,
358 1183 429 1223 sed
449 1182 759 1224 induraverunt
781 1184 987 1225 cervicem
1013 1195 1155 1233 suam,
1180 1185 1221 1222 et

190 1254 311 1306 pejus
343 1253 512 1305 operati.
535 1257 653 1304 suut,
687 1266 815 1306 quani
846 1256 984 1306 patres
1007 1265 1170 1294 eorum.
1196 1266 1214 1290 >³

190 1322 277 1364 Hoc
295 1324 562 1365 verificatum
585 1326 647 1364 est
664 1322 709 1363 in
729 1324 839 1372 istis,
862 1324 1035 1376 quinon
1055 1325 1220 1363 tantuin

188 1393 435 1446 prophetas,
472 1394 544 1434 sed
575 1396 617 1434 et
658 1394 884 1433 Dominum
918 1394 1222 1446 prophetarum

189 1462 444 1504 occiderunt.
478 1462 595 1503 Unde
624 1463 722 1504 dicit
759 1463 818 1503 eis
850 1464 1028 1504 Petrus²
1059 1476 1067 1502 :
1101 1476 1118 1501 t<
1139 1462 1223 1503 Vos

190 1535 331 1573 autem
352 1536 542 1574 sanctuni
563 1535 604 1574 et
618 1535 786 1585 justum
806 1534 996 1585 negastis
1013 1565 1022 1584 ,
1041 1536 1081 1574 et
1101 1533 1225 1585 petis-

192 1602 245 1642 tis
257 1603 396 1644 virum
414 1603 673 1644 homicidam
689 1603 837 1643 donari
855 1604 991 1653 vobis,
1005 1606 1222 1644 auctorem

192 1684 294 1714 vero
325 1673 426 1714 vitae
458 1673 734 1714 interfecistis.
761 1689 780 1711 »
814 1673 1061 1715 Occiderunt
1094 1674 1222 1714 etiam

193 1745 234 1783 et
253 1744 460 1796 persecuti
479 1746 577 1784 sunt
597 1756 744 1785 omues
766 1747 889 1784 testes
913 1745 1061 1797 ipsius.
1083 1743 1192 1785 Nam
1215 1744 1228 1766 3

191 1812 371 1854 Jacohus
390 1814 549 1855 occisus
577 1817 660 1863 est,
693 1817 734 1855 et
770 1814 919 1855 Petrus
949 1815 1222 1868 comprehen-

192 1896 278 1924 sus.
303 1884 515 1926 Persecuti
536 1888 633 1925 sunt
657 1885 784 1925 etiam
814 1886 955 1938 ipsum
979 1885 1160 1927 Paulum
1183 1888 1225 1926 et

192 1953 431 1995 Barnabam
449 1987 460 2006 ,
505 1959 552 1996 ut
591 1956 942 2007 transmigrarent
971 1956 1023 1998 ad
1061 1959 1222 2008 gentes.

193 2024 331 2066 Etiam
346 2025 538 2078 discipuli
556 2025 761 2077 flagellati
782 2029 894 2066 sunt.

246 2094 440 2137 Secundo
453 2107 570 2146 vero,
583 2100 790 2149 quantum
809 2097 859 2137 ad
872 2098 1224 2148 aggravationem

193 2164 410 2216 vindictae,
433 2166 539 2206 dixit
561 2166 632 2217 (v.
650 2166 724 2219 50)
745 2180 754 2207 :
786 2167 835 2209 Ut
852 2168 1100 2219 inquiratur
1118 2177 1225 2209 scm-

192 2237 289 2289 quz's
311 2238 500 2279 omnium
517 2237 835 2289 prophetarum.
855 2237 1085 2290 Inquiritur
1101 2250 1223 2278 nam-

192 2319 276 2361 que
294 2320 369 2361 per
382 2308 632 2359 vindictam;
652 2309 764 2349 unde
777 2309 820 2349 in
839 2309 1009 2351 Psalmo
1023 2309 1035 2330 ²·
1053 2320 1062 2348 ε
1085 2325 1104 2347 α
1118 2309 1225 2358 Quo-

191 2378 308 2418 niam
334 2379 556 2430 requirens
579 2379 835 2429 sanguinem
859 2391 1008 2419 eorum
1029 2380 1221 2420 recorda-

191 2450 260 2488 tus
279 2450 366 2494 est,
388 2462 407 2486 ›>
433 2450 534 2497 etc.;
568 2451 609 2488 et
631 2448 676 2488 in
699 2449 845 2490 Genesi
863 2449 876 2470 ⁵
911 2463 919 2488 ι
965 2464 984 2486 «
1004 2449 1061 2489 De
1093 2462 1225 2490 manu

192 2517 275 2559 viri
293 2518 434 2558 fratris
448 2519 562 2570 eJus,
578 2519 795 2571 requiram
806 2519 992 2559 animam
1009 2519 1193 2559 hominis
1211 2535 1220 2561 :

192 2588 450 2641 quicumque
468 2588 664 2629 effuderit
683 2589 919 2629 humanum
941 2601 1014 2629 san
1021 2590 1194 2640 guinem
1208 2621 1219 2640 ,

194 2659 395 2700 fundetur
426 2659 602 2711 sanguis
628 2660 752 2700 illius.
776 2673 796 2697 ›>
826 2659 1066 2712 Inquiretur
1088 2660 1222 2712 igitur

190 2729 391 2781 sanguis,
421 2729 462 2770 id
482 2733 544 2770 est
559 2762 570 2780 ,
592 2730 777 2771 vindicta
801 2730 1019 2771 effusionis
1039 2731 1218 2782 sangui-

190 2800 282 2850 nis3
313 2802 484 2853 propter
504 2801 616 2853 quod
644 2800 788 2842 addit:
827 2802 913 2853 Qui
932 2801 1089 2855 effusus
1117 2805 1177 2843 est
1195 2813 1222 2844 a

191 2871 490 2913 constitutione
508 2870 680 2920 mundi,
702 2871 744 2912 id
763 2875 845 2922 est,
873 2873 925 2912 ab
944 2872 1063 2912 initio
1086 2885 1222 2925 usque

191 2939 245 2980 ad
262 2940 404 2981 finem.
440 2940 710 2993 inquiretur,
750 2941 949 2994 inquam,
985 2954 1013 2983 a
1044 2953 1221 2995 qenero-

193 3011 303 3052 tz‘one
317 3011 428 3061 ista,
447 3012 567 3064 quasi
590 3012 720 3062 dicat,
743 3012 855 3064 quod
879 3012 1063 3053 vindicta
1083 3014 1221 3053 omnis

192 3080 412 3132 sanguinis
441 3083 570 3122 sancti
599 3083 681 3124 viri
701 3083 823 3123 effusi
843 3083 921 3123 erit
943 3095 1069 3136 super
1090 3096 1221 3135 gene-

192 3151 400 3191 rationem
429 3151 476 3204 (b)
509 3152 784 3194 Judaeorum:
814 3154 914 3206 quia
946 3154 1025 3206 ipsi
1057 3154 1218 3194 effude-

192 3223 294 3261 runt
332 3221 586 3273 sanguinem
623 3223 760 3275 illius,
807 3224 880 3277 qui
922 3227 1012 3265 erat
1050 3227 1220 3265 sanctus

194 3294 456 3343 sanctorum,
492 3292 646 3334 scilicet
682 3295 872 3337 Christus
898 3295 912 3318 ⁶
949 3311 956 3336 :
1003 3310 1022 3334 «
1053 3295 1222 3337 Occide-

236 3397 248 3419 1
267 3399 400 3436 jerem„
426 3405 494 3438 vii,
513 3400 564 3430 25.
590 3415 630 3422 ——
653 3400 664 3418 ²
688 3401 775 3441 Act„
798 3410 855 3441 ιη,
878 3405 933 3443 14,
954 3405 1005 3434 15.
1027 3421 1069 3426 -
1096 3404 1106 3421 ³
1131 3405 1218 3442 Act„

197 3452 265 3485 ΧΠ,
286 3448 325 3485 2,
344 3447 382 3485 3,
403 3450 466 3477 etc.
487 3463 527 3469 -—
552 3447 563 3464 ⁴
586 3447 672 3478 psal.
697 3452 818 3488 ix,13.
842 3468 884 3473 —
906 3452 919 3472 5
940 3454 1033 3490 (iem,
1055 3460 1107 3491 ix,
1129 3454 1165 3491 5,
1186 3456 1217 3482 6.

2235 187 2311 225 547

1289 266 1357 304 tur
1388 263 1575 305 Christus
1584 294 1595 314 ‚
1623 266 1663 304 et
1686 276 1771 305 non
1793 265 1872 305 erit
1898 267 1989 317 eJus
2014 269 2212 319 populus,
2239 270 2313 322 qui

1290 347 1387 374 eum
1407 337 1639 386 negaturus
1660 337 1735 375 est.
1758 350 1776 372 ›>
1803 335 1921 376 Unde
1941 336 2020 389 ipsi
2046 338 2243 379 dixerunt
2262 341 2275 362 ⁷
2301 355 2309 380 ;

1298 419 1315 440 «
1351 403 1444 444 Non
1481 405 1687 446 habemus
1723 417 1871 457 regem
1911 407 1991 447 nisi
2038 407 2258 448 Caesarem.
2290 425 2309 447 »

1290 474 1340 514 Et
1371 475 1415 514 in
1446 475 1646 517 Matthoeo
1676 476 1721 528 (c)
1752 480 1765 500 ⁸
1800 491 1808 516 z
1844 492 1862 515 α
1882 476 2064 529 Sanguis
2082 479 2173 530 ejus
2193 491 2318 531 super

1290 556 1388 595 1103,
1409 548 1450 585 et
1475 558 1602 597 super
1620 546 1728 586 filios
1758 550 1934 588 nostros.
1958 564 1978 586 n
2012 548 2086 589 Vel
2112 548 2192 589 hoc
2223 550 2320 590 dici-

1290 618 1374 665 tur,
1396 619 1442 655 ut
1458 616 1538 668 ipsi
1552 617 1784 668 puniantur
1797 618 1839 658 in
1858 619 2101 672 exemplum
2119 621 2317 673 aliorum,

1292 686 1413 739 quia,
1436 698 1533 726 cum
1553 688 1744 728 viderent.
1772 689 1933 729 malum
1962 691 2005 731 in
2038 692 2128 731 aliis
2154 692 2316 744 puniri,

1292 769 1336 796 se
1373 769 1458 797 non
1490 762 1778 799 correxerunt.
1815 759 1931 801 Unde
1965 762 2317 815 Chrysostomus:

1299 842 1317 864 a
1343 827 1449 876 Quid
1489 828 1669 869 aliorum
1708 834 1876 881 peccata
1913 831 2095 873 vindicat
2129 835 2238 874 Deus
2277 835 2321 874 in

1292 898 1401 948 istis,
1436 898 1472 937 si
1501 899 1577 939 soii
1613 899 1697 939 sint
1726 901 1837 952 passi
1865 902 1982 953 talia,
2018 916 2114 943 cum
2141 917 2226 945 non
2246 905 2322 945 soli

1292 971 1558 1019 peccassent?
1582 970 1698 1010 Sicut
1720 972 1864 1012 multis
1884 974 2017 1013 servis
2037 976 2318 1027 peccantibus,

1294 1040 1524 1091 castigatur
1552 1054 1664 1081 unus
1692 1055 1769 1095 pro
1800 1056 1876 1084 suo
1907 1048 2098 1097 peccato,
2120 1050 2323 1087 ettamen

1293 1119 1369 1158 pro
1386 1108 1584 1148 omnibus
1602 1109 1860 1160 flagellatus,
1884 1113 2054 1165 pertulit
2075 1114 2190 1154 solus
2209 1115 2323 1167 quod

1294 1177 1338 1216 in
1357 1178 1556 1218 omnibus
1589 1183 1649 1220 est
1683 1182 1973 1223 commissum.
1995 1199 2013 1221 >³
2041 1184 2160 1225 Ratio
2180 1189 2322 1227 autem

1295 1260 1425 1300 quare
1445 1251 1582 1302 magis
1608 1252 1661 1292 ad
1687 1252 1787 1294 istos
1806 1267 1929 1307 poena
1947 1257 2158 1308 pervenit,
2182 1258 2322 1299 reddi-

1296 1323 1367 1360 tur
1390 1321 1442 1360 ab
1463 1322 1609 1362 eodem
1628 1322 1815 1366 Joanne:
1857 1342 1876 1363 α
1904 1326 2031 1377 Quia,
2067 1328 2225 1380 inquit,
2249 1341 2324 1370 vos

1297 1391 1470 1431 audistis
1491 1393 1541 1433 de
1563 1393 1684 1445 Cain,
1707 1399 1746 1435 et
1765 1396 1816 1436 de
1835 1398 1996 1437 caeteris
2017 1397 2140 1437 malis
2157 1399 2322 1440 vindic·

1297 1465 1384 1502 tam
1404 1464 1555 1504 factam
1567 1496 1579 1515 ,
1600 1468 1640 1505 et
1658 1466 1691 1505 si
1705 1479 1792 1506 non
1808 1468 1904 1507 estis
1923 1481 1998 1520 per
2018 1481 2165 1509 eorum
2185 1482 2325 1510 exem·

1298 1533 1366 1584 pla
1401 1536 1595 1586 correcti,
1639 1538 1826 1588 graviori
1860 1551 1985 1591 poena
2017 1540 2250 1590 feriemini,
2284 1543 2325 1581 et

1297 1604 1467 1645 venient
1516 1618 1643 1658 super
1693 1620 1768 1647 vos
1814 1610 2007 1662 exempla
2054 1611 2259 1663 priorum.
2300 1626 2319 1648 »

1298 1672 1348 1713 Et
1381 1679 1600 1727 propterea
1632 1679 1911 1731 exemplificat
1943 1682 2175 1722 secundum
2208 1684 2324 1724 testi-

1298 1745 1440 1785 monia
1459 1748 1631 1799 scripta,
1666 1761 1760 1789 curn
1789 1751 1930 1791 subdit
1954 1753 2009 1803 (v.
2033 1752 2095 1806 51)
2123 1765 2132 1792 :
2168 1755 2202 1795 A
2228 1765 2326 1796 scm-

1298 1816 1426 1867 quine
1445 1818 1563 1868 Abel,
1585 1830 1715 1872 usque
1737 1820 1796 1861 acl·
1813 1824 2065 1874 sanquinem,
2082 1825 2123 1864 Z
2125 1825 2320 1868 cellariae.

1298 1886 1398 1927 Abel
1435 1899 1620 1941 namque
1655 1891 1820 1942 primus
1850 1893 1929 1933 fuit
1958 1895 2099 1946 justus
2138 1907 2162 1935 a
2196 1896 2324 1937 fratre

1298 1958 1474 2008 occisus,
1497 1960 1729 2001 secundum
1748 1963 1860 2015 quod
1877 1963 2045 2015 dicitur,
2070 1966 2190 2017 Gen„
2207 1979 2266 2018 1v,
2283 1970 2322 2009 8.

1298 2026 1515 2070 Zacharias
1533 2034 1674 2071 auten]
1699 2032 1775 2073 iste
1805 2034 1882 2075 suit
1911 2035 2024 2076 filius
2046 2035 2227 2088 Joiadae,
2251 2038 2326 2091 qui

1298 2098 1460 2139 occisus
1492 2100 1618 2141 suita
1648 2114 1750 2154 rege
1779 2103 1895 2153 Joas,
1937 2107 2009 2158 qui
2049 2109 2182 2150 multa
2214 2111 2328 2151 bona

1298 2171 1512 2221 acceperat
1531 2171 1584 2210 ab
1603 2172 1638 2224 ej
1647 2185 1697 2212 us
1713 2176 1850 2225 patre,
1867 2177 2100 2218 secundum
2114 2180 2228 2231 quod
2245 2180 2327 2221 his-

1298 2239 1406 2279 toria
1425 2244 1581 2281 narrat.
1604 2240 1907 2285 Verumtamen
1937 2245 2014 2286 iste
2042 2259 2130 2288 non
2159 2249 2239 2289 suit
2258 2250 2324 2290 in-

1297 2309 1493 2350 terfectus
1518 2311 1667 2352 ultimo
1680 2326 1690 2362 ;
1724 2314 1797 2354 sed
1822 2314 1914 2355 ideo
1935 2317 2074 2368 magis
2095 2320 2327 2372 conjungi-

1297 2382 1366 2419 tur
1401 2393 1500 2420 cum
1537 2382 1702 2434 primo,
1741 2385 1841 2436 quia
1870 2385 1975 2426 Abel
2005 2390 2145 2439 pastor
2177 2390 2324 2432 ovium

1296 2450 1394 2501 fuit,
1417 2455 1458 2491 et
1477 2456 1649 2493 necatus
1670 2453 1716 2494 in
1735 2467 1841 2507 agro
1853 2471 1864 2506 3
1899 2456 2116 2499 Zacharias
2136 2472 2236 2501 vero
2256 2473 2323 2502 sa-

1298 2522 1462 2571 cerdOS,
1484 2525 1525 2563 et
1544 2528 1715 2565 necatus
1734 2525 1778 2565 in
1798 2527 1904 2567 atrio
1924 2529 2085 2581 templi.
2117 2529 2197 2578 Qui
2219 2531 2324 2574 duos

1297 2592 1464 2633 ordines
1478 2597 1716 2646 martyrum
1735 2596 1978 2648 designant,
1999 2599 2155 2641 scilicet
2173 2601 2321 2654 laicos,

1296 2665 1336 2703 et
1357 2675 1428 2703 eos
1453 2665 1524 2717 qui
1552 2665 1694 2706 altaris
1725 2667 1861 2709 officio
1893 2670 2203 2723 mancipantur.
2228 2673 2324 2714 Ideo

1296 2733 1385 2774 loco
1403 2735 1549 2775 mortis
1565 2735 1696 2789 hujus
1715 2739 1852 2779 totuin
1869 2740 2086 2792 designat,
2106 2755 2204 2784 cum
2226 2744 2324 2784 sub-

1296 2803 1433 2844 ditur:
1455 2805 1570 2848 Inter
1590 2807 1722 2850 altare
1742 2814 1781 2851 ec
1809 2810 1961 2862 cedem,
1994 2813 2037 2853 id
2057 2817 2139 2864 est,
2162 2815 2323 2856 occisus

1295 2874 1375 2914 fuit
1396 2875 1505 2916 inter
1523 2878 1729 2930 templum
1748 2883 1788 2920 et
1805 2881 1935 2923 altare
1953 2883 2202 2926 holocausti.
2233 2886 2322 2927 Duo

1295 2957 1479 2998 namque
1499 2947 1647 2988 altaria
1665 2953 1785 2990 erant
1804 2951 1848 2991 in
1867 2953 2046 3006 templo,
2071 2968 2204 2997 unum
2219 2957 2322 2997 inte-

1296 3015 1403 3067 rius,
1435 3018 1589 3059 scilicet
1607 3019 1788 3072 incensi,
1814 3025 1856 3062 et
1875 3023 1989 3064 aliud
2009 3028 2215 3077 exterius,
2239 3028 2319 3068 sci-

1293 3085 1388 3126 licet
1423 3087 1683 3141 holocausti,
1722 3093 1953 3134 secundnm
1989 3096 2101 3147 quod
2138 3097 2317 3148 legitur,

1294 3157 1454 3209 Eoeod„
1476 3172 1544 3210 XL,
1568 3164 1606 3211 5,
1629 3164 1667 3201 6.
1691 3161 1742 3202 Et
1767 3163 1877 3204 inter
1895 3165 2001 3217 hoc,
2030 3170 2071 3207 et
2090 3168 2316 3219 templum,

1293 3226 1514 3270 Zacharias
1540 3243 1566 3271 a
1593 3231 1750 3273 Judaeis
1774 3234 1854 3275 fuit
1885 3236 2063 3287 occisus,
2086 3239 2318 3278 secuudum

1295 3378 1326 3381 -
1355 3360 1368 3381 ⁶
1394 3361 1489 3399 Dum,
1517 3370 1572 3403 ix,
1592 3365 1643 3394 26.
1664 3381 1705 3386 —
1735 3363 1746 3385 ⁷
1773 3365 1880 3405 Joan„
1906 3374 1984 3408 xm,
2010 3369 2058 3398 15.
2086 3385 2126 3389 ——
2154 3369 2164 3386 ⁸
2183 3369 2317 3410 flu'atlh„

1293 3414 1407 3445 xxvn,
1429 3409 1479 3438 25.
1499 3426 1540 3432 --
1566 3411 1606 3448 (α)
1637 3409 1732 3451 Vulq.
1767 3412 1846 3444 add.
1872 3413 1929 3445 ita.
1952 3431 1987 3436 -
2010 3414 2056 3455 (b)
2089 3414 2144 3446 Al.
2175 3424 2315 3457 genera-

1292 3453 1395 3485 tione.
1416 3471 1457 3477 —
1478 3458 1512 3495 (c)
1534 3457 1575 3487 Et
1594 3458 1782 3490 Matthaeus.
