2634 3853
253 268 332 306 454

255 365 353 394 rum
373 365 398 394 a
412 353 604 404 Domino,
626 354 670 394 in
689 365 775 407 qua
793 352 995 393 tribuitur
1016 350 1152 390 forma
1171 359 1282 401 prae-

257 424 510 465 dicatoribus
526 425 571 464 in
586 424 772 465 docendo
792 422 958 463 fidelem
979 419 1198 473 populum,
1211 431 1282 460 ex-

257 496 437 549 plicatur
458 498 664 548 quantum
691 494 742 534 ad
772 495 979 546 quatuor,
1011 502 1107 543 quae
1135 490 1284 542 requi-

259 569 415 608 runtur
444 566 488 606 in
507 564 786 617 praedicando.
817 562 1009 603 Primum
1029 563 1089 601 est
1110 560 1286 600 fidelitas

261 635 479 683 consortii;
512 633 745 673 secundum
776 635 836 673 est
863 630 1156 684 opportunitas
1180 627 1283 677 loci;

261 707 434 746 tertium
449 736 459 753 ‚
494 704 681 744 docilitas
710 703 881 756 populi;
904 703 1106 755 quartum
1127 704 1284 750 autem,

263 776 485 817 affabilitas
501 775 723 827 magistri:
743 778 791 815 ut
820 775 878 814 sic
903 772 1011 813 nihil
1034 772 1140 812 desit
1158 770 1289 812 verbo

262 847 335 887 Dei
354 858 430 886 nec
454 858 507 886 ex
534 848 650 898 parte
669 845 953 886 assistentium
967 876 977 895 ,
1000 855 1078 884 nec
1098 855 1151 883 ex
1172 843 1290 894 parte

264 917 595 967 adversantium,
619 928 695 957 nec
712 928 765 957 cx
784 919 901 968 parte
923 914 1202 962 audientium,
1216 923 1292 952 nec

265 1001 318 1029 ex
337 991 454 1040 parte
485 988 747 1036 docentium,
774 987 878 1039 quin
913 986 1094 1027 verbum
1128 985 1293 1025 Domini

266 1059 418 1099 habeat
461 1059 648 1099 debitum
694 1057 907 1098 effectum.
954 1055 1096 1096 Primo
1138 1054 1291 1106 igitur,

267 1132 476 1182 quantum
503 1129 556 1169 ad
584 1129 829 1169 fidelitatem
861 1126 1080 1176 consortii,
1111 1125 1290 1165 dicitur:

267 1201 324 1243 Et
350 1201 510 1241 reverse·
536 1200 723 1252 Apostoli
739 1231 749 1248 ‚
777 1200 1064 1240 variaverunt
1091 1197 1158 1238 z‘llz'
1187 1205 1298 1248 qzcoe-

270 1282 443 1324 cumque
477 1272 674 1322 fecerunt.
710 1271 758 1311 In
800 1282 884 1323 quo
918 1271 1092 1322 apparet
1125 1267 1298 1307 illorum

269 1343 461 1392 fidelitas,
484 1342 583 1395 quia
605 1342 657 1383 ad
683 1341 877 1382 divinum
900 1339 1161 1381 consortium
1193 1337 1298 1378 cele-

271 1415 374 1455 riter
393 1414 625 1455 redierunt.
651 1413 769 1454 Unde
785 1414 957 1454 fuerunt
977 1423 1062 1451 non
1082 1410 1190 1451 sicut
1213 1421 1301 1450 cor-

273 1498 354 1526 vus
374 1486 425 1527 de
439 1497 523 1538 quo
540 1485 585 1525 in
608 1485 756 1527 Genesi
777 1485 787 1505 ¹
812 1498 821 1524 ε
850 1482 965 1533 «Qui
986 1481 1300 1534 egrediebatur,

273 1561 313 1598 et
329 1569 415 1598 non
434 1556 746 1605 revertebatur3
768 1570 788 1594 »
813 1555 885 1595 sed
905 1554 1012 1594 sicut
1031 1552 1228 1593 columba
1254 1552 1304 1593 de

275 1642 361 1682 qua
380 1628 547 1677 dicitur,
578 1627 692 1680 quod
714 1641 732 1665 (ι
762 1637 860 1666 cum
874 1637 959 1665 non
980 1623 1213 1664 invenisset
1231 1623 1305 1663 ubi

274 1700 558 1753 requiesceret
586 1710 658 1751 pes
683 1699 804 1750 ejus,
836 1707 1006 1736 reversa
1037 1696 1099 1734 est
1129 1693 1182 1733 ad
1207 1704 1307 1733 eum

276 1771 320 1811 in
353 1781 517 1820 arcam,
546 1784 564 1806 n
596 1771 799 1821 tanquam
827 1765 962 1807 fidelis
994 1765 1143 1806 amica.
1175 1763 1242 1804 Sic
1268 1766 1309 1804 et

276 1841 465 1895 Apostoli
479 1840 722 1881 columbina
733 1837 996 1891 simplicitate
1016 1835 1196 1889 praediti‚
1211 1837 1310 1875 sunt

279 1913 331 1953 ad
353 1912 567 1953 Christum
586 1910 776 1951 celeriter
793 1908 968 1958 reversi,
991 1910 1194 1959 tanquan]
1214 1905 1311 1946 fide-

279 1985 339 2024 les
370 1982 525 2024 nuntii.
560 1981 747 2034 Apparet
778 1979 904 2019 etiam
937 1989 1085 2019 eorum
1111 1976 1309 2026 fidelitas,

281 2055 382 2108 quia
405 2053 513 2094 nihil
539 2052 621 2093 Deo
646 2051 906 2099 celaverunt,
935 2048 1007 2089 sed
1026 2051 1314 2090 narraverunt

282 2127 322 2168 ei
347 2134 617 2178 quoecamque
646 2124 857 2175 secernam
890 2131 978 2160 non
1010 2122 1057 2159 ut
1085 2117 1314 2159 Dominum

283 2197 520 2246 erudirent,
554 2206 683 2248 quem
712 2192 821 2234 nihil
847 2192 970 2240 latet;
1002 2190 1072 2230 sed
1106 2191 1156 2229 ut
1183 2190 1316 2229 osten-

283 2269 431 2309 derent
468 2278 512 2307 se
531 2266 659 2307 etiam
677 2264 787 2305 nolle
818 2264 968 2312 latere,
1003 2261 1038 2301 si
1065 2261 1195 2301 latere
1220 2272 1317 2313 pos-

285 2342 390 2380 sent.
430 2338 654 2378 Diversum
687 2335 840 2376 dicitur
860 2338 873 2358 ²
904 2345 914 2374 ε
961 2347 980 2370 <t
1007 2331 1080 2373 Vae
1111 2331 1185 2384 qui
1217 2343 1315 2384 pro-

286 2410 406 2451 fundi
436 2409 514 2449 esti
545 2407 684 2458 corde,
719 2409 768 2447 ut
796 2418 820 2446 a
846 2404 1024 2445 Domino
1057 2402 1319 2443 abscondatis

287 2481 533 2531 consilium,
564 2494 584 2517 >³
632 2481 712 2519 etc.
760 2476 835 2518 Vel
879 2476 972 2516 ideo
1015 2476 1317 2522 nari-averem,

287 2557 336 2594 ut
373 2553 423 2594 de
456 2551 579 2592 nobis
615 2549 733 2590 factis
763 2560 849 2588 non
875 2547 1114 2599 quaererent
1131 2544 1210 2584 sibi
1234 2544 1322 2596 glo-

288 2625 418 2675 riam,
460 2623 532 2664 sed
565 2621 707 2663 omnia
744 2620 949 2661 referrent
980 2618 1025 2657 in
1063 2616 1223 2666 Deum,
1264 2628 1323 2656 se-

291 2697 478 2739 cundum
497 2694 602 2735 illud
622 2693 635 2715 ³
662 2705 672 2733 ε
703 2707 721 2730 «
739 2691 890 2733 Omnia
908 2690 953 2729 in
972 2688 1155 2740 gloriam
1176 2687 1247 2728 Dei
1266 2688 1324 2727 fa-

295 2768 389 2817 cite,
411 2767 499 2806 siue
518 2763 766 2812 offensione,
789 2776 808 2798 ›)
844 2763 922 2801 etc.
953 2760 1107 2800 Contra
1129 2758 1222 2798 illos
1251 2758 1324 2810 qui

296 2839 442 2879 dicunt
462 2836 567 2877 illud
602 2835 631 2875 ¹⁹:
661 2849 679 2872 α
706 2833 856 2873 Manus
887 2832 1031 2870 nostra
1067 2828 1254 2880 excelsa,
1286 2831 1326 2870 et

297 2922 383 2950 non
404 2907 624 2957 Dominus,
646 2905 741 2945 fecit
760 2904 853 2944 haec
871 2900 1028 2943 omnia.
1052 2913 1071 2936 ›>

353 2979 545 3020 Secundo
565 2989 688 3027 vero,
722 2976 932 3028 quantum
958 2972 1009 3012 ad
1033 2970 1328 3023 opportunita-

298 3054 385 3092 tem
405 3049 508 3099 loci,
538 3047 733 3089 subditur
770 3046 847 3097 (a):
872 3044 927 3086 Ec
957 3042 1188 3095 assumptis
1217 3041 1326 3091 illis,

301 3125 508 3174 tanquam
539 3118 734 3159 fidelibus
767 3117 819 3158 ad
850 3114 1132 3162 consortium,
1163 3113 1331 3155 secessit

302 3203 488 3236 seorsum
514 3191 562 3232 in
590 3190 723 3232 locam
750 3187 986 3236 desertum,
1021 3185 1096 3237 qui
1124 3187 1182 3226 est
1206 3183 1332 3225 Bech-

304 3263 463 3313 saidoe,
485 3265 688 3313 tanquam
711 3259 764 3299 ad
781 3258 921 3299 locum
942 3256 1136 3310 quietum
1158 3257 1199 3296 et
1214 3258 1331 3295 tran-

306 3334 504 3388 quillum.
525 3331 642 3372 Unde
661 3329 761 3370 dicit
780 3328 841 3369 eis
859 3327 1065 3369 Dominus
1085 3330 1121 3369 ⁵:
1151 3325 1334 3367 «Venite

354 3422 360 3437 ¹
378 3420 473 3456 Gen.‚
492 3424 570 3455 xm,
587 3416 618 3455 7,
639 3416 669 3446 9.
685 3431 724 3437 —
744 3415 756 3434 ²
776 3415 970 3452 Isa.,xx1x,
995 3414 1043 3443 15.
1061 3428 1101 3434 —
1120 3411 1133 3432 ³
1156 3411 1163 3441 Ι
1188 3410 1277 3450 σωκ,
1300 3417 1333 3449 x,

312 3468 362 3498 31.
394 3483 436 3490 -
468 3466 482 3487 '-
508 3464 621 3496 Deut..
649 3467 767 3501 xxxn,
793 3462 845 3491 27.
875 3476 914 3482 ——
946 3460 958 3480 ⁵
984 3459 1101 3496 Marc„
1127 3465 1179 3497 vt,
1211 3459 1262 3488 31.
1295 3472 1336 3479 —

312 3516 324 3532 ⁶
348 3512 568 3552 Ose.,11,14.
593 3527 622 3532 -—
650 3509 659 3527 ⁷
679 3509 785 3544 Joan.,
807 3515 836 3546 1,
860 3508 910 3537 44,
931 3522 971 3530 —
991 3507 1002 3524 ⁸
1018 3506 1137 3543 Μήνα,
1159 3512 1204 3543 w,
1225 3505 1277 3534 433.
1297 3520 1337 3526 —

312 3561 324 3579 ⁹
346 3561 431 3601 Osa,
463 3567 516 3599 vl,
545 3560 575 3590 3.
600 3573 640 3581 -
667 3556 691 3577 ¹·
715 3554 812 3595 Bed„
836 3554 894 3586 lib.
917 3554 982 3593 111,
1005 3564 1034 3585 c.
1061 3559 1167 3592 XXXV,
1189 3552 1222 3582 in
1247 3551 1333 3588 Lac„

984 258 1266 303 EVANGELH
1295 257 1479 300 SANCTI
1509 257 1658 300 LUCAE

1356 359 1550 389 seorsum
1575 347 1620 386 in
1643 346 1856 387 desertum
1874 347 2040 402 locum,
2067 354 2108 392 et
2135 352 2384 405 requiescite

1356 418 1575 470 pusillum.
1594 431 1614 454 u
1636 416 1687 457 Et
1705 416 1773 457 hic
1791 417 1908 458 locus
1925 423 1985 460 cst
1998 424 2120 473 aptus
2139 422 2382 473 eruditioni,

1358 489 1592 530 secundum
1612 487 1714 528 illud
1741 488 1901 529 Oseoe⁶z
1932 504 1951 526 «
1971 489 2128 532 Ducam
2147 505 2242 534 eam
2261 494 2305 534 in
2325 505 2388 534 so—

1358 559 1596 609 litudinem,
1611 561 1652 599 et
1667 558 1816 610 loquar
1835 558 1888 599 ad
1908 571 1979 600 cor
1993 562 2099 613 eJus.
2114 576 2133 600 ))
2151 562 2226 604 Hic
2245 566 2388 604 autem

1359 629 1477 670 locus
1496 629 1685 670 desertus
1712 632 1802 669 erat
1823 631 1949 681 juxta
1976 633 2179 683 stagnum
2206 633 2389 675 Geneza-

1361 700 1482 750 reth3
1503 700 1616 752 quod
1638 702 1811 752 apparet
1830 711 1881 740 ex
1902 699 1981 740 hoc
2001 701 2113 753 quod
2136 702 2288 744 dicitur
2308 704 2355 756 (b)
2377 718 2386 744 z

1362 770 1615 812 Bethsaidoe.
1638 770 1710 811 Est
1728 773 1872 811 autem
1892 771 2115 813 Bethsaida
2137 772 2285 814 civitas
2305 775 2391 815 An·
2423 781 2553 809 Bethsai-

1364 841 1476 883 dreae
1499 844 1540 882 et
1559 841 1692 891 Petri,
1723 841 1831 882 sicut
1861 842 2014 883 dicitur
2033 843 2062 883 ⁷.
2088 842 2140 884 Et
2163 846 2262 884 nota
2281 846 2394 897 quod
2413 823 2461 850 ‘³⁸‘

1364 923 1450 952 non
1469 912 1567 952 dicit
1593 911 1893 961 Bethsaidam,
1913 912 2032 964 quasi
2054 914 2180 965 juxta
2200 913 2316 954 illam
2338 915 2397 955 ci-

1365 982 1556 1033 vitatem,
1573 982 1641 1023 vel
1661 983 1706 1023 in
1722 983 1912 1033 civitate3
1936 983 2007 1024 sed
2025 984 2280 1036 Betlzsaidae,
2296 985 2399 1038 quia

1367 1056 1556 1094 remotus
1591 1056 1681 1093 erat
1713 1053 1830 1094 locus
1865 1054 1909 1093 in
1945 1055 2183 1096 confinibus
2220 1056 2400 1097 civitatis

1369 1125 1618 1166 Bethsaidae.
1641 1124 1759 1165 Unde
1779 1125 1933 1165 dicitur
1953 1128 1966 1149 ⁸
1987 1126 2099 1178 quod
2119 1129 2211 1179 post
2231 1129 2400 1167 satura-

1370 1197 1530 1237 tionem
1553 1195 1742 1248 quinque
1769 1195 1952 1236 millium
1977 1197 2194 1246 virorum,
2218 1212 2238 1236 (ι
2262 1198 2403 1249 coegit:

1372 1268 1597 1321 discipulos
1616 1280 1714 1309 suos
1733 1269 1956 1310 ascendere
1977 1269 2022 1309 in
2043 1269 2206 1319 navim,
2227 1272 2276 1310 ut
2295 1281 2399 1322 prae-

1373 1340 1568 1380 cederent
1588 1351 1687 1380 eum
1706 1341 1823 1381 trans
1841 1340 1996 1380 fretum
2016 1340 2067 1380 ad
2085 1339 2399 1382 Bethsaidam.»

1375 1410 1493 1452 Unde
1515 1422 1601 1450 non
1621 1412 1682 1451 est
1701 1410 1994 1460 contrarietas;
2021 1410 2094 1451 sed
2118 1422 2232 1451 unus
2259 1411 2404 1464 expla-

1374 1481 1506 1532 navit,
1530 1481 1642 1534 quod
1663 1480 1768 1521 alter
1787 1481 1932 1521 tacuit.

1430 1552 1570 1593 Tertio
1595 1564 1721 1603 vero,
1749 1554 1957 1604 quantum
1979 1551 2030 1592 ad
2057 1552 2311 1594 docilitatem
2333 1565 2409 1605 po-

1377 1624 1487 1676 puli,
1511 1623 1763 1675 adjungitur
1786 1623 1831 1676 (e)
1857 1625 1929 1673 (v.
1953 1627 1996 1662 lt
2016 1623 2056 1672 >z
2081 1622 2205 1673 Quod
2233 1634 2329 1664 cum
2347 1634 2411 1666 co-

1379 1695 1626 1747 qnovz‘ssent
1647 1695 1793 1745 tarboe,
1816 1697 1968 1736 secutoe
1986 1697 2088 1736 sanc
2109 1693 2246 1739 illum,
2271 1696 2316 1735 ut
2337 1695 2411 1735 sci-

1379 1765 1475 1805 licet
1495 1764 1729 1805 doctrinam
1749 1766 1842 1817 ejus
1861 1764 2129 1816 exciperent,
2151 1776 2280 1817 quem
2300 1764 2413 1805 desi-

1382 1835 1597 1887 derabant,
1622 1835 1855 1876 secundum
1876 1834 1979 1875 illud
2001 1837 2040 1874 ⁹:
2070 1849 2089 1873 «
2110 1834 2323 1885 SciemUS,
2347 1847 2412 1876 se-

1384 1918 1651 1959 quemurque
1682 1909 1729 1946 ut
1767 1916 2074 1957 cognoscamus
2110 1904 2354 1946 Dominum.
2387 1920 2406 1944 ›>

1386 1977 1503 2018 Unde
1522 1976 1632 2017 Beda
1650 1976 1695 2016 in
1724 1975 1939 2016 Glossa10:
1970 1990 1989 2013 t<
2010 1974 2172 2016 Secutae
2203 1979 2304 2016 sunt
2329 1988 2416 2016 non

1385 2048 1431 2088 in
1445 2047 1675 2100 Jumentis,
1699 2059 1785 2087 non
1808 2046 1854 2086 in
1885 2045 2111 2097 vehiculis,
2141 2046 2212 2087 sed
2245 2047 2417 2100 proprio

1387 2119 1531 2159 labore
1550 2118 1729 2171 pedum,
1757 2119 1806 2157 ut
1825 2116 2021 2157 ardorem
2047 2117 2201 2157 mentis
2224 2118 2416 2159 ostende-

1388 2192 1499 2231 rent.
1532 2203 1550 2227 »
1583 2189 1701 2230 Unde
1733 2189 1886 2229 dicitur
1916 2189 1970 2228 ¹¹:
2001 2204 2020 2227 ((
2046 2188 2095 2229 Et
2123 2193 2420 2241 cognoverunt

1390 2260 1514 2300 multi
1531 2273 1539 2298 :
1560 2274 1579 2297 ›>
1604 2261 1644 2300 et
1662 2259 1875 2312 pedestres
1890 2258 1941 2299 de
1960 2259 2160 2299 omnibus
2180 2259 2420 2300 civitatibus

1392 2332 1671 2371 cucurrerunt
1690 2317 1805 2370 illuc.
1829 2328 1948 2369 Ratio
1968 2331 2110 2369 autem
2129 2328 2260 2381 hujus
2278 2329 2421 2370 reddi-

1392 2403 1479 2450 tur,
1512 2401 1587 2441 ubi
1615 2401 1767 2441 dicitur
1788 2401 1814 2421 ¹2
1841 2413 1850 2440 ι
1880 2414 1899 2438 <‹
1925 2399 2022 2440 Post
2049 2399 2143 2439 haec
2172 2399 2275 2440 abiit
2302 2399 2424 2441 Jesus

1394 2474 1510 2512 trans
1531 2482 1647 2511 mare
1669 2468 1866 2520 Galilaeae,
1889 2469 2003 2521 quod
2024 2470 2086 2509 est
2108 2468 2361 2510 Tiberiadis:
2385 2473 2427 2510 et

1395 2542 1648 2595 sequebatur
1667 2553 1768 2581 eum
1788 2539 2014 2581 multitudo
2035 2552 2214 2591 magna,
2236 2540 2336 2593 quia
2354 2540 2420 2582 vi-

1397 2614 1552 2654 debant
1570 2612 1624 2665 (d)
1649 2612 1770 2663 signa
1790 2623 1887 2664 quae
1908 2610 2106 2662 faciebat,
2127 2624 2147 2648 »
2174 2613 2252 2652 etc.

1453 2685 1609 2732 Quarto
1645 2694 1767 2732 vero,
1812 2683 2022 2733 quantum
2058 2681 2110 2721 ad
2142 2682 2429 2723 affabilitatem

1399 2754 1608 2807 Magistri,
1633 2752 1912 2805 subjungitur
1931 2752 1976 2804 (e)
1997 2766 2006 2793 z
2028 2752 2082 2794 Et
2101 2754 2266 2806 excepit
2285 2763 2367 2796 eos.
2384 2754 2431 2794 In

1401 2837 1485 2878 quo
1510 2824 1744 2865 ostenditur
1773 2823 2016 2875 benignitas
2041 2823 2193 2864 Christi
2213 2824 2258 2863 in
2280 2824 2428 2875 signo;

1402 2896 1455 2937 ad
1474 2907 1604 2949 quam
1623 2906 1701 2935 nos
1718 2894 1914 2935 hortatur
1931 2894 2159 2948 Apostolus
2180 2895 2207 2917 ¹³
2224 2908 2232 2935 :
2254 2909 2272 2932 α
2290 2894 2430 2936 Susci-

1403 2968 1487 3022 pite
1513 2967 1720 3017 invicem,
1745 2967 1851 3008 sicut
1875 2968 1917 3007 et
1944 2965 2135 3007 Christus
2158 2966 2339 3019 suscepit
2357 2978 2434 3008 vos

1403 3040 1450 3080 in
1469 3040 1677 3080 honorem
1695 3038 1780 3078 Dei.
1802 3051 1821 3075 1>
1848 3037 1932 3078 Nec
1951 3039 2114 3077 tantum
2134 3036 2178 3076 in
2199 3037 2340 3089 signo,
2362 3039 2431 3080 sed

1406 3113 1446 3151 ct
1464 3110 1508 3150 in
1529 3109 1677 3159 verbo;
1700 3109 1813 3150 unde
1833 3108 2000 3149 additur
2023 3108 2096 3160 (f):
2117 3108 2171 3151 Εῑ
2191 3108 2434 3161 loquebatur

1405 3180 1495 3223 illis
1518 3179 1568 3221 de
1588 3189 1715 3231 reqno
1735 3178 1833 3229 Dei,
1856 3178 1975 3231 quasi
1995 3189 2190 3219 sermone
2215 3179 2375 3220 affabili
2395 3183 2436 3221 et

1407 3251 1625 3302 familiari,
1657 3253 1706 3291 ut
1735 3261 1836 3292 vere
1863 3249 2107 3291 ostendatur
2135 3250 2358 3303 impletum
2383 3252 2433 3292 il-

1411 3387 1440 3409 c,
1466 3384 1513 3417 IX,
1532 3375 1643 3416 quoad
1663 3383 1812 3406 sensum.
1832 3392 1873 3398 —
1892 3375 1916 3396 11
1943 3375 2059 3414 Marc„
2081 3382 2132 3416 VI,
2153 3377 2203 3407 54.
2223 3393 2265 3398 —
2284 3376 2310 3397 1²
2328 3376 2437 3416 Joan.,

1413 3423 1623 3464 V1,1.—¹²
1643 3423 1747 3461 Rom„
1770 3429 1834 3462 xv,
1856 3423 1887 3453 Ἰ.

1457 3494 1497 3535 (η)
1523 3493 1605 3524 Οιεί.
1630 3491 1711 3523 edit.
1741 3491 1865 3523 subdit.
1888 3510 1927 3516 —
1955 3492 2001 3533 (h)
2029 3492 2121 3526 dicit.
2142 3510 2182 3518 ·-
2204 3493 2245 3534 (c)
2274 3493 2439 3535 adjungit.

1413 3560 1454 3567 —-
1476 3540 1522 3582 (d)
1543 3540 1689 3572 videbat..
1707 3557 1742 3562 -
1763 3541 1798 3580 (e)
1821 3539 2005 3583 subjungit.
2027 3558 2065 3564 -
2086 3541 2132 3584 (f)
2152 3541 2256 3574 addit.
