2587 3845
268 204 340 233 vm

266 277 493 329 Evangelia
515 272 737 324 glossanda
757 268 1041 313 commiserat,
1065 265 1132 305 sed
1149 278 1353 305 excusans
1373 278 1416 305 se
1436 269 1606 319 propter
1626 269 1825 319 osticium,
1843 270 1953 322 quod
1970 270 2164 322 habebat,
2182 271 2281 324 quia
2295 285 2386 312 ma-

264 357 394 406 gister
409 350 619 404 generalis
634 350 736 396 crat,
753 346 862 385 iilum
881 344 1024 382 11001οΓ
1042 341 1230 392 Armisa<
1244 341 1469 392 supplevit.
1484 342 1590 383 »Sed
1607 347 1653 383 nt
1667 345 1780 396 Opus
1796 345 1861 386 vel
1874 346 2013 398 ipsum
2030 346 2382 400 introspiciamus,

261 430 524 480 incomptum
545 427 583 463 et
603 424 845 462 inornatum
866 418 1025 459 dicendi
1049 429 1206 467 genUS,
1228 416 1337 469 quod
1359 417 1437 457 hoc
1458 418 1501 458 in
1530 419 1740 471 Opusculo
1763 421 2107 474 deprehenditur,
2131 423 2229 463 satis
2248 424 2384 476 suspi-

260 505 390 546 cionis
409 502 529 542 nobis
548 502 636 549 dat,
661 503 705 538 ut
731 496 923 549 spurium
947 494 1258 534 Bonaventurae
1288 495 1433 534 soetum
1460 496 1717 547 judicemus.
1742 495 1958 548 Frequens
1987 496 2136 536 deinde
2163 496 2386 549 Expositor

259 581 335 621 fuit
356 581 396 619 in
418 578 592 619 citandis
624 573 828 622 Sallustii,
857 572 1049 620 Senecae,
1085 570 1183 610 Julii
1220 570 1418 620 Caesaris,
1449 571 1614 612 Catonis
1645 572 1781 623 libris,
1815 586 1838 612 a
1865 573 2046 624 quibus,
2080 575 2129 613 ut
2147 574 2386 625 conjectura

259 656 568 708 consequimur,
590 665 632 691 sc
655 651 824 703 quidem
845 649 1141 688 Bonavcntura
1161 648 1383 688 continuit.
1408 648 1630 699 Caetcrum,
1657 651 1704 689 ut
1723 649 1912 702 dicam-us
1932 649 2043 701 quod
2064 660 2130 689 res
2150 651 2225 699 est,
2249 649 2381 689 habe-

257 746 353 773 mus
373 732 467 780 alia,
488 741 584 782 quae
602 740 678 767 nos
695 727 735 765 in
756 725 988 777 oppositam
1010 724 1260 764 sententiam
1275 725 1533 776 pertrahant.
1551 726 1609 766 Ac
1624 726 1809 779 primum
1830 728 2014 767 occurrit
2030 726 2210 768 Joannos
2224 726 2384 767 Trithe-

256 810 370 850 mius
397 809 437 848 in
462 805 647 847 Indiculo
673 804 1005 844 Bonaventurae:
1029 804 1169 854 Super
1201 803 1401 844 Oratione
1426 804 1676 854 Domz'm'ca,
1705 803 1777 845 lib.
1800 803 1835 843 J.
1858 804 1912 845 In
1932 804 2212 856 Evcmqelium
2239 804 2388 860 Lucoe,

253 885 325 926 lib.
350 884 383 923 1.
413 883 646 923 Occurrunt
666 882 890 932 praeterea,
915 890 1010 930 quae
1037 878 1215 919 Romani
1237 878 1426 920 Editores
1454 880 1496 920 in
1517 882 1772 932 argumento
1796 879 2080 933 Expositionis
2108 881 2299 934 eJusdem
2322 880 2384 933 (in

252 962 419 1003 Lucaml
443 959 714 1010 scripserunt,
734 971 752 993 ›>
779 958 856 996 etc.
882 957 908 995 ¹.

304 1037 538 1090 Respondet
563 1035 661 1075 huic
681 1045 871 1074 censurae
900 1031 944 1072 P.
970 1031 1169 1072 Sbaralea
1195 1032 1337 1073 dicens
1361 1046 1369 1072 :
1400 1032 1530 1084 «Ego
1558 1036 1662 1085 puto
1683 1032 1912 1073 Ptolomfeo
1939 1032 2066 1073 fuisse
2095 1032 2378 1085 suppositum,

249 1119 319 1156 aut
339 1114 620 1167 quorumdam
640 1123 872 1160 rumorem,
892 1112 932 1150 et
951 1110 1236 1159 conjecturam
1257 1112 1449 1150 secutum
1467 1125 1474 1150 z
1494 1122 1579 1162 quo
1598 1109 1709 1149 enim
1731 1112 1850 1161 pacto
1864 1108 2000 1161 potuit
2020 1108 2319 1149 Bonaventura
2339 1120 2382 1149 se

247 1202 447 1231 excusare
467 1201 608 1230 coram
632 1187 844 1235 Pontifice,
867 1185 940 1236 qui
961 1187 1139 1224 noverat
1159 1197 1257 1225 eum
1278 1185 1401 1238 plura
1421 1185 1649 1237 scripsisse,
1674 1188 1713 1225 et
1734 1188 1835 1225 tunc
1855 1185 1981 1224 etiam
2003 1185 2199 1236 scribere,
2223 1197 2299 1225 nec
2323 1185 2381 1226 ita

246 1268 435 1320 patribus
472 1265 742 1306 comitiorum
778 1261 810 1302 N
819 1261 1119 1301 arbonensium
1150 1262 1414 1314 respondisse
1436 1263 1455 1301 ‘?
1497 1262 1699 1302 Sanctum
1739 1261 1958 1301 Doctorem
1990 1262 2298 1314 expositionem
2337 1261 2381 1301 in

246 1343 402 1383 Lucam
432 1341 655 1382 confecisse
681 1341 887 1379 testantur
915 1340 1010 1377 ante
1039 1337 1321 1378 Tritliemium
1350 1338 1603 1379 Octavianus
1631 1337 1881 1388 Suessanus,
1905 1337 2151 1378 Franciscus
2178 1336 2378 1389 Pavinus,

247 1419 451 1460 Robertus
473 1416 686 1466 LiciensiS,
708 1415 885 1455 Jacobus
907 1413 1060 1464 oddus,
1085 1417 1125 1454 et
1146 1414 1466 1456 Bartholomeus
1485 1415 1663 1456 Pisanus
1684 1416 1792 1455 circa
1805 1428 1874 1455 an.
1901 1417 2003 1456 1387
2022 1415 2219 1455 scribens.
2243 1414 2382 1455 Ptolo-

245 1507 381 1536 maeus
412 1506 528 1544 vero,
555 1493 631 1533 etsi
659 1494 807 1532 auctor
838 1502 1010 1542 suppar,
1040 1491 1204 1542 scripsit
1232 1491 1451 1531 historiam
1482 1492 1804 1532 ecclesiasticam
1830 1492 1965 1532 multo
1993 1493 2086 1544 post
2117 1491 2160 1532 S.
2194 1491 2380 1532 Doctoris

244 1573 423 1620 obitum,
451 1574 543 1624 post
581 1581 744 1610 annum
784 1571 901 1608 (1312.
943 1567 1098 1607 Desinit
1135 1567 1179 1607 in
1212 1580 1281 1608 an.
1317 1572 1435 1609 1294.
1469 1569 1605 1617 Quare
1636 1568 1773 1621 potuit
1803 1580 1976 1618 errasse,
2020 1567 2380 1620 quemadmodum

242 1649 315 1689 lib.
338 1647 461 1696 XXlI,
484 1659 573 1699 cap.
596 1658 685 1695 xxi,
709 1644 781 1685 uhi
803 1644 943 1692 tradit,
968 1643 1009 1683 S.
1036 1642 1241 1684 Thomam
1264 1644 1446 1685 Coloniae
1475 1645 1724 1684 existentem
1745 1657 1961 1685 recusasse
1987 1645 2199 1685 abbatiam
2229 1645 2380 1686 Montis

244 1725 379 1766 Casini
399 1737 472 1777 per
498 1723 789 1764 Alexandrum
812 1721 1056 1773 pontificem
1085 1720 1284 1772 oblatam,
1310 1734 1408 1761 cum
1436 1722 1477 1762 id
1499 1722 1654 1762 factum
1675 1721 1802 1761 suerit
1823 1733 1896 1773 per
1924 1720 2216 1761 Innocentium
2243 1720 2310 1771 IV,
2333 1723 2380 1762 ut

241 1803 393 1843 fatetur
422 1800 650 1850 Echardus,
673 1802 774 1839 tom.
806 1797 837 1847 l,
861 1797 969 1838 Be‘bl.
998 1797 1097 1838 Orcl.
1125 1798 1277 1848 Prced„
1299 1811 1401 1850 pag.
1433 1800 1525 1839 278.
1553 1798 1598 1839 Si
1619 1799 1743 1838 etiam
1765 1801 1954 1850 tempore
1981 1797 2047 1838 sui
2072 1797 2378 1838 ministeriatus

240 1878 425 1933 supremi
459 1878 638 1918 scribere
671 1875 807 1928 potuit
836 1858 1134 1915 Bonaventura
1166 1876 1405 1917 ltinerarz’a
1437 1875 1520 1917 cluo
1552 1876 1600 1917 in
1631 1875 1761 1916 Deum
1793 1878 1831 1916 ct
1862 1875 1911 1916 in
1943 1875 2132 1926 seipsum
2164 1886 2233 1915 an.
2258 1875 2375 1924 1259,

240 1956 478 2009 Leaendam
492 1954 694 2006 majorem
711 1958 746 1994 ec
761 1952 965 1993 minorem
978 1951 1030 1991 ab
1047 1963 1116 1990 an.
1136 1954 1232 1991 »1261
1255 1952 1307 1991 ad
1321 1964 1389 1992 an.
1409 1955 1525 2003 1263,
1543 1952 1789 2003 Apoloqiczm
1804 1961 2041 2003 pauperum
2056 1963 2125 1992 an.
2143 1954 2262 2002 1269,
2280 1953 2375 2002 etc„

242 2046 326 2086 quo
346 2036 464 2086 pacto
489 2032 627 2085 potuit
653 2043 696 2071 se
722 2041 923 2070 excusare
944 2040 1085 2068 coram
1115 2027 1242 2080 Papa,
1265 2040 1308 2068 se
1328 2028 1491 2069 ratione
1511 2028 1635 2069 officii
1657 2027 1958 2068 Ministeriatus
1985 2040 2070 2068 non
2093 2039 2215 2079 posse
2234 2027 2375 2069 Evan-

241 2111 352 2163 gelia
373 2112 455 2151 duo
483 2112 716 2161 exponere?
744 2107 863 2156 Quod
890 2107 1063 2157 insuper
1088 2106 1294 2158 objiciunt
1315 2105 1503 2147 Editores
1524 2105 1761 2155 novissimi,
1786 2107 1826 2145 et
1853 2105 2018 2146 nullum
2048 2108 2123 2155 est,
2146 2107 2186 2145 et
2204 2105 2372 2146 falsum.

240 2186 422 2227 Tantum
447 2186 559 2226 enim
590 2185 719 2235 abest,
752 2185 802 2223 ut
832 2183 889 2222 ihi
918 2183 1113 2234 frequens
1138 2183 1197 2224 sit
1232 2184 1280 2224 in
1308 2182 1498 2224 cz'lcmclz's
1523 2182 1740 2233 Sallustii,
1769 2182 1948 2234 Senecce,
1981 2182 2089 2224 Juliz·
2122 2182 2315 2233 Coesare‘S,
2339 2185 2377 2225 et

244 2264 415 2306 Catonis
435 2263 570 2312 libres,
590 2264 639 2302 ut.
659 2264 733 2302 aut
750 2272 989 2312 nunquam,
1016 2262 1088 2298 aut
1107 2259 1179 2300 vix
1200 2261 1437 2299 occurrant.
1458 2258 1528 2298 Bis
1549 2258 1615 2300 vel
1635 2261 1698 2298 ter
1718 2258 1853 2311 reperi
1874 2259 1996 2299 illum
2017 2258 2147 2299 citare
2168 2257 2369 2310 Tullium,

238 2342 367 2382 semel
390 2340 608 2389 Senecam,
632 2342 672 2379 et
689 2338 816 2378 semel
838 2340 911 2377 aut
929 2336 993 2376 bis
1013 2335 1504 2388 ι1050011001Ηο1)1·0>,001.
1526 2335 1736 2375 Caeterum
1757 2335 2025 2386 creberrime,
2043 2337 2084 2375 et
2103 2335 2188 2376 fere
2207 2347 2373 2388 semper

238 2430 357 2458 sacra
377 2417 609 2469 Scriptura,
629 2415 782 2455 sanctis
806 2413 1001 2454 Patribus
1023 2415 1064 2453 et
1089 2412 1232 2453 Glossa
1251 2413 1399 2452 utitur.
1422 2412 1525 2464 Ejus
1544 2423 1670 2464 porro
1692 2411 1855 2452 dicendi
1875 2423 2011 2463 genus
2031 2411 2243 2452 immerito
2269 2412 2371 2452 dici-

238 2497 307 2534 tur
334 2495 594 2545 incomptum
624 2496 662 2533 el
688 2493 952 2540 inornatum,
984 2502 1081 2530 cum
1108 2502 1194 2530 000
1224 2489 1324 2529 alibi
1352 2490 1493 2530 forsan
1524 2489 1663 2540 magis
1696 2488 1902 2529 elucescat
1932 2489 2132 2541 prudenS,
2155 2488 2371 2529 eruditum

235 2582 312 2623 pro
332 2573 575 2622 temporum
603 2567 856 2617 conditione,
880 2567 1013 2619 pium,
1037 2567 1253 2618 sanctique
1278 2566 1465 2606 Doctoris
1491 2565 1728 2617 proprium,
1751 2577 1881 2617 quam
1909 2565 1953 2605 in
1982 2565 2062 2605 hac
2081 2565 2368 2618 Expositione.

236 2646 317 2687 Ter
336 2646 496 2686 dictum
513 2646 757 2696 factumque
774 2643 822 2684 B.
838 2642 1066 2692 Francisci,
1083 2644 1122 2682 et
1135 2642 1262 2694 paulo
1277 2643 1373 2693 post
1391 2643 1550 2693 septem
1567 2641 1729 2691 gradus
1748 2640 2112 2693 contemplationis
2125 2641 2194 2681 Fr.
2210 2640 2370 2692 AEgidii

236 2735 305 2762 an.
330 2724 433 2762 1262
453 2721 541 2764 vita
558 2720 687 2761 functi
708 2719 891 2769 adducit,
913 2733 932 2756 ›)
959 2721 1036 2759 etc.
1060 2717 1272 2758 Hactenus
1292 2716 1338 2757 P.
1363 2716 1576 2757 Sbaralea.

289 2798 369 2839 Sed
391 2810 445 2838 ne
468 2797 613 2839 videar
633 2796 768 2836 aliena
794 2795 950 2847 potiUS,
975 2805 1104 2847 quam
1123 2794 1294 2846 propria
1314 2793 1516 2846 proferre,
1538 2805 1621 2845 ego
1640 2804 1812 2846 quoque
1832 2793 1884 2833 ad
1904 2793 2127 2845 praefatam
2143 2803 2366 2833 censuram

234 2875 431 2924 dixerim,
450 2874 585 2913 facere
604 2872 655 2913 ad
675 2883 893 2912 summum
924 2873 1068 2911 contra
1089 2870 1410 2921 Expositionem
1432 2871 1479 2911 in
1509 2872 1641 2911 totum
1672 2869 1954 2921 Evanqelz‘um
1974 2870 2025 2911 S.
2049 2868 2259 2920 Matlhoez',
2281 2881 2368 2909 non

235 2952 377 2990 autem
403 2952 547 2989 contra
573 2948 747 2988 alteram
774 2948 823 2989 in
853 2952 980 2999 caput
1009 2952 1181 2990 sextum
1206 2947 1432 3000 Ευαηῃθίίῑ
1464 2946 1505 2987 S.
1528 2946 1733 2989 illattlzoez'.
1758 2946 1919 2999 Quippe
1946 2946 2133 2986 officium
2158 2945 2364 2997 Magistri,

233 3026 374 3079 potius
400 3024 581 3065 Ministri
610 3024 832 3076 generalis,
864 3024 957 3064 viro
986 3036 1155 3065 summo
1182 3036 1268 3064 non
1295 3023 1428 3076 potuit
1458 3023 1619 3072 obesse,
1653 3022 1757 3075 quin
1785 3022 2013 3063 lucubrare
2038 3023 2178 3074 posset
2205 3020 2366 3063 brevis-

233 3104 386 3144 simam
415 3102 562 3143 saltem
587 3102 632 3141 in
656 3101 815 3141 dictum
842 3103 966 3153 caput
990 3100 1177 3141 Matthaei
1197 3100 1505 3152 expositionem
1531 3113 1539 3140 :
1571 3098 1774 3151 aliudque
1795 3098 1924 3150 longe
1961 3099 2022 3138 est
2047 3097 2229 3150 qlossare
2257 3096 2363 3137 inte-

233 3191 362 3230 grum
393 3179 582 3231 ejusdem
605 3177 789 3217 Malthaei
813 3176 1110 3228 Evangelium,
1135 3176 1249 3216 aliud
1269 3177 1447 3217 unicum
1476 3176 1609 3229 ipsius
1636 3180 1775 3228 caput,
1798 3175 1889 3216 sive
1920 3174 2143 3214 minimam
2173 3172 2364 3224 ejusdem

232 3257 377 3308 capitis
395 3254 659 3307 particulam,
682 3253 919 3304 cujusmodi
939 3255 1000 3293 est
1028 3264 1236 3304 perquam
1256 3251 1570 3305 compendiaria
1590 3252 1730 3293 Oratio
1761 3250 1993 3292 Dominica.
2018 3249 2065 3290 In
2084 3250 2216 3302 hujus
2235 3249 2361 3290 etiam

275 3422 281 3438 ¹
308 3421 467 3460 Diuum,
486 3429 564 3461 pag.
584 3421 622 3451 90
645 3421 679 3450 et
697 3428 786 3459 seq,
807 3418 879 3458 huj.
899 3419 1025 3449 nostrae
1045 3418 1124 3449 edit.
1145 3421 1229 3450 tom.
1258 3419 1282 3458 1,
1303 3428 1381 3459 pag.
1402 3420 1454 3450 53.
