2634 3853
956 183 1227 224 EXPOSlTIO
1258 182 1309 223 IN
1340 181 1452 223 CAP.
1485 182 1586 224 XlV.

207 274 412 316 viderent.
433 287 452 311 ›>
487 273 661 325 Propter
687 273 799 325 quod
824 271 882 313 ad
902 272 1104 323 Ephesios
1132 271 1230 312 dici—

208 347 279 385 tur
306 346 318 366 ¹
351 357 361 384 ε
399 359 418 381 «
450 343 594 384 Videte
622 344 785 396 itaque,
822 343 988 392 fratres,
1021 342 1232 393 quomodo

208 417 329 455 caute
357 413 595 464 ambuletis,
616 426 702 454 non
728 412 848 464 quasi
878 412 1138 463 insipientes,
1162 411 1233 451 sed

207 488 256 525 ut
290 485 511 537 sapientes,
541 484 793 524 redimentes
824 486 1006 533 tempus,
1033 482 1233 533 quoniam

208 556 295 596 dies
313 555 413 595 mali
432 558 544 596 sunt.
564 554 789 607 Propterea
808 553 936 594 nolite
956 553 1046 593 fieri
1066 553 1234 604 impru-

208 627 365 677 dentes,
388 640 407 663 »
433 629 510 666 etc.
539 626 586 666 Sz·
606 625 742 677 possit
770 636 864 666 cum
890 624 1026 665 decem
1047 623 1234 664 millibus

209 707 435 746 occurrere,
463 696 618 736 scilicet
648 695 700 735 ad
726 695 1025 743 resistendum3
1059 695 1132 742 Ei,
1162 694 1237 745 qui

209 778 302 809 cum
321 768 483 819 viqinti
510 765 697 808 millibus
725 766 840 807 venit
864 764 923 806 ad
940 775 995 813 se,
1020 764 1071 804 ad
1098 764 1235 815 impe-

209 838 398 878 tendnm.
419 837 469 877 Et
495 837 575 877 hoc
601 836 818 888 tripliciter
835 835 961 875 habet
981 833 1151 886 exponi,
1175 834 1235 873 si·-

210 910 281 949 cut
299 911 340 948 et
352 907 592 959 praecedens
608 921 617 946 z
634 918 736 945 nam
755 906 791 945 si
810 906 1046 957 exponatur
1066 905 1116 944 de
1134 915 1236 954 rege

210 978 435 1030 superbiae,
468 977 730 1018 occurrimus
765 977 801 1016 ei
837 988 911 1028 per
942 988 1070 1027 opera
1102 975 1237 1014 virtu-

211 1051 318 1099 tum,
340 1061 437 1101 qnae
465 1048 707 1088 immediate
726 1047 926 1087 resistunt
953 1047 1006 1095 ei,
1027 1057 1124 1098 quae
1145 1045 1238 1085 ideo

212 1120 354 1160 decem
395 1118 528 1158 millia
568 1118 766 1158 dicuntur
800 1118 970 1168 propter
1007 1117 1237 1155 observan-

211 1190 316 1229 tiam
352 1189 494 1229 decem
532 1188 852 1236 mandatorum,
895 1189 936 1226 et
973 1186 1240 1226 adversarius

212 1260 329 1299 venit
359 1271 456 1299 cum
482 1270 663 1298 numero
692 1257 921 1308 geminato,
942 1257 1041 1308 quia
1072 1256 1240 1296 cuilibet

213 1329 362 1369 virtuti
381 1328 605 1381 respondet
617 1314 772 1380 duplex
789 1327 942 1367 vitium
960 1339 1013 1366 ex
1033 1327 1238 1378 opposito,

213 1400 446 1440 secundum
483 1398 913 1451 superabundantiam
944 1400 984 1437 et
1016 1397 1237 1437 defectum.

213 1468 331 1509 Unde
351 1469 450 1521 quia
469 1468 661 1521 pluribus
679 1467 812 1507 modis
832 1470 894 1507 est
912 1467 1093 1518 obligari
1113 1478 1241 1518 quam

214 1539 356 1590 dirigi,
377 1539 517 1590 plures
536 1538 733 1578 dicuntur
753 1549 842 1577 esse
862 1537 905 1576 in
925 1537 1113 1577 exercitu
1128 1536 1242 1587 regis

215 1609 336 1649 nobis
364 1609 574 1649 contrarii.
611 1608 727 1648 Unde
759 1608 913 1649 Juclzsstlt
944 1612 958 1632 2
992 1622 1000 1647 ;
1038 1623 1056 1644 «
1080 1606 1243 1646 Gloria—

216 1679 343 1719 batur
363 1678 483 1731 quasi
504 1681 650 1730 potens
672 1678 714 1717 in
733 1678 917 1730 potentia
936 1678 1146 1718 exercitus
1161 1677 1241 1727 501,

217 1752 258 1790 et
275 1750 319 1789 in
340 1749 477 1801 gloria
496 1748 799 1801 quadrigarum
814 1760 1002 1788 suarum.
1019 1762 1037 1784 »
1061 1747 1140 1788 Sed
1158 1760 1245 1787 non

218 1822 280 1860 est
307 1819 557 1872 fugiendum
588 1831 664 1859 nee
692 1819 947 1869 timendum,
983 1820 1103 1871 quia,
1137 1819 1246 1859 sicut

218 1890 370 1930 dicitur
400 1890 414 1912 ³
444 1904 452 1930 :
487 1905 507 1928 «
531 1889 668 1930 Facile
699 1893 760 1930 est
792 1889 983 1930 concludi
1016 1889 1171 1929 multos
1200 1889 1245 1928 in

220 1972 351 2000 manu
382 1971 632 2012 paucorum,
654 1962 695 1999 et
726 1971 811 2000 non
845 1962 907 1999 est
938 1959 1173 1999 differentia
1202 1960 1247 1998 in

220 2033 441 2083 conspectu
473 2030 546 2070 Dei
574 2029 670 2070 coeli
695 2029 872 2070 liberare
893 2030 937 2069 in
967 2029 1108 2069 multis
1134 2032 1173 2069 et
1202 2030 1247 2068 in

221 2100 368 2154 paucis
391 2115 400 2141 :
423 2100 625 2153 quoniam
652 2112 737 2140 non
759 2100 803 2139 in
834 2099 1102 2140 multitudine
1125 2111 1248 2139 exer-

221 2171 328 2212 citus
363 2171 537 2212 victoria
572 2169 685 2217 belli,
718 2170 789 2210 sed
826 2170 876 2209 de
908 2169 1011 2209 eoelo
1048 2169 1248 2209 fortitudo

222 2244 299 2282 est.
322 2255 341 2279 ›)
367 2241 412 2281 Si
433 2242 576 2281 autem
595 2239 847 2291 intelligitur
867 2240 916 2280 de
936 2252 1038 2291 rege
1053 2240 1246 2292 justitiae,

191 2335 196 2337 -
223 2314 485 2354 occurrimus
503 2325 601 2353 cnm
620 2313 764 2353 decem
784 2312 985 2362 millibus,
1001 2312 1043 2352 id
1064 2315 1140 2362 est,
1157 2324 1251 2352 con-

224 2383 395 2423 fidentia
425 2383 691 2432 meritorum,
727 2394 780 2422 ex
811 2382 1078 2423 observantia
1107 2382 1251 2422 decem

224 2454 544 2503 mandatorum3
568 2455 609 2493 et
636 2453 724 2505 ipse
747 2464 844 2493 cum
866 2452 1021 2503 viginti
1048 2452 1249 2503 millibus,

224 2525 305 2566 hoc
322 2527 385 2565 est
404 2536 502 2565 cum
521 2524 742 2565 severitate
753 2523 1029 2576 J’udiciorum‚
1043 2523 1084 2563 in
1099 2523 1252 2575 quibus

226 2596 272 2636 fit
299 2595 500 2636 discussio
521 2606 698 2647 operum
726 2596 767 2635 et
791 2594 1111 2646 cogitationum.
1137 2593 1254 2635 Unde

225 2665 336 2706 Beda
364 2679 372 2705 :
405 2665 547 2706 «Cum
571 2665 716 2706 decem
751 2664 933 2704 millibus
962 2665 1157 2715 occurrit,
1179 2665 1254 2717 qui

226 2735 348 2776 offert
371 2747 498 2788 opera
526 2735 669 2776 decem
695 2735 1013 2785 mandatorum;
1047 2735 1118 2776 sed
1147 2735 1255 2776 Deus

227 2806 346 2859 quasi
376 2818 475 2847 cum
507 2805 716 2858 duplicato
745 2817 924 2846 numero
953 2808 1096 2846 contra
1123 2805 1252 2856 venit,

228 2888 326 2917 cum
353 2876 428 2918 vix
457 2876 502 2916 in
530 2875 618 2916 solo
648 2875 769 2916 illum
800 2887 926 2928 opere
950 2878 1252 2928 praeparatum,

229 2947 355 2987 simul
385 2947 435 2988 de
455 2958 580 2999 opere
601 2949 642 2987 et
661 2946 914 2998 cogitatione
939 2946 1120 2986 discutit.
1142 2961 1161 2983 ))
1196 2946 1257 2986 Ex

229 3029 315 3070 (100
330 3017 456 3057 datur
472 3015 659 3068 intilligi,
680 3016 792 3068 quod
810 3016 916 3057 sicut
939 3016 991 3068 (a)
1013 3028 1098 3056 non
1117 3019 1179 3056 est
1194 3019 1258 3056 tu-

229 3089 323 3128 tum
358 3098 457 3127 cum
495 3086 639 3127 decem
673 3085 859 3126 millibus
902 3086 1154 3138 impugnare
1191 3085 1255 3126 vi-

234 3157 343 3209 ginti
370 3156 517 3206 millia,
551 3157 610 3196 sic
641 3168 727 3197 non
753 3158 815 3196 est
843 3168 1041 3197 securum
1073 3168 1170 3197 cum
1191 3157 1259 3208 Ju-

232 3227 322 3268 dice
353 3226 425 3267 illo
454 3226 720 3268 contendere.
752 3226 926 3279 Propter
957 3227 1069 3278 quod
1096 3227 1171 3268 Job
1198 3226 1212 3247 '⁴
1247 3241 1256 3266 :

276 3359 287 3379 ²
311 3357 447 3397 Ephes„
467 3364 500 3396 v,
523 3357 627 3388 15-17.
652 3374 692 3380 ·—
716 3358 729 3378 ‘2
746 3356 874 3396 Judith,
901 3366 929 3396 1,
954 3359 984 3387 4.
1005 3374 1043 3379 —
1071 3356 1084 3377 ³
1107 3359 1114 3388 1
1138 3356 1257 3395 Maelo,

236 3410 291 3443 10,
313 3404 421 3435 18-19.
441 3420 481 3427 -
499 3403 513 3424 ¹⁶
533 3403 605 3441 Job,
629 3410 678 3441 1x‚
702 3405 771 3434 2-3.
793 3421 831 3426 —
853 3404 866 3425 ⁶
887 3403 1043 3442 Malach„
1065 3411 1117 3442 111,
1140 3406 1202 3434 1-2.
1221 3422 1261 3427 —

237 3450 248 3467 ⁰
269 3449 358 3480 Psal.
382 3456 486 3490 mxv,
507 3450 538 3480 8.
557 3465 597 3472 -
617 3448 629 3470 ⁷
651 3449 741 3481 Psal.
765 3457 842 3490 cxv,
864 3452 913 3481 12.
934 3466 974 3473 ——
995 3449 1006 3467 ⁸
1028 3449 1140 3486 Mich„
1161 3457 1209 3489 vi,
1230 3452 1260 3481 6.

422 3518 522 3548 Tou.
551 3518 596 3547 X.

2251 196 2327 233 (5025

1313 286 1331 308 «
1350 270 1455 311 Vere
1475 271 1558 311 scio
1575 272 1687 323 quod
1706 284 1791 312 non
1801 273 2054 326 Justificetur
2073 278 2200 318 homo
2220 291 2328 320 com-

1307 343 1478 393 paratus
1511 340 1609 396 Deo.
1650 342 1692 382 Si
1729 343 1910 383 voluerit
1947 348 2194 388 contendere
2232 362 2328 390 cum

1309 422 1372 460 eo,
1405 423 1491 450 non
1531 411 1681 463 poterit
1718 413 1756 452 ei
1793 416 2044 466 respondere
2082 430 2219 458 unum
2255 432 2330 471 pro

1309 481 1436 521 mille.
1464 496 1481 518 »
1520 480 1637 521 Unde
1663 482 1900 525 Mamchms
1926 485 1939 506 ⁵
1970 500 1978 525 ε
2018 502 2036 524 «
2064 486 2168 528 Ecce
2195 491 2329 540 venit,

1310 549 1409 589 dicit
1464 550 1667 592 Dominus
1712 554 1992 596 exercituum.
2034 557 2135 605 Quis
2183 561 2334 610 poterit

1310 620 1497 671 cogitare
1551 622 1661 662 diem
1702 623 1908 665 adventus
1956 628 2077 678 ejus?
2122 632 2198 669 etc.
2244 630 2334 682 Ipse

1311 690 1424 730 enim
1470 693 1590 743 quasi
1635 692 1748 744 ignis
1795 696 1994 748 conflans,
2029 713 2047 735 »
2090 702 2166 740 etc.
2206 701 2260 741 Et
2293 703 2336 742 in

1312 762 1476 804 Psalmo
1495 764 1508 784 ⁶
1533 777 1541 802 :
1577 778 1595 800 «
1614 763 1677 803 Tu
1698 766 1897 806 terribilis
1916 780 1975 818 es,
1997 771 2037 809 et
2065 770 2158 822 quis
2176 772 2338 812 resistet

1311 833 1416 872 tibi‘?
1436 849 1454 870 n
1481 834 1521 874 Si
1544 847 1644 875 vero
1664 836 1923 888 intelligatur
1944 840 1994 879 de
2018 852 2121 892 rege
2144 854 2336 895 supernae

1311 903 1601 954 providentiae,
1628 918 1724 945 cum
1748 907 1891 948 decem
1910 909 2093 950 millibus
2113 913 2240 963 vadit,
2263 915 2337 966 (101

1312 973 1404 1013 vult
1426 986 1501 1025 pro
1523 974 1684 1015 Christo
1710 978 1916 1019 sustinere
1943 981 2076 1021 multa
2096 985 2136 1022 et
2156 995 2334 1035 magna;

1313 1044 1382 1083 sed
1399 1043 1485 1096 ipse
1505 1056 1602 1084 cum
1619 1046 1771 1097 viginti
1787 1049 1987 1100 millibus,
2006 1053 2105 1104 quia
2121 1066 2197 1106 pro
2216 1055 2339 1095 nobis

1313 1115 1513 1154 sustinuit
1541 1116 1925 1169 incomparabiliter
1958 1121 2093 1172 plura,
2124 1136 2221 1163 cum
2252 1125 2340 1177 ipse

1314 1185 1366 1224 sit
1394 1186 1519 1236 gigas
1543 1187 1726 1238 geminae
1754 1190 2012 1231 substantiae.
2037 1191 2211 1245 Propter
2229 1197 2341 1247 quod

1314 1255 1358 1293 in
1380 1255 1545 1296 Psalmo
1566 1257 1578 1277 ⁷
1603 1272 1611 1297 :
1641 1273 1659 1295 «
1681 1258 1786 1306 Quid
1812 1260 2042 1301 retribuam
2064 1262 2239 1305 Domino
2267 1278 2340 1317 pro

1315 1326 1528 1376 omnibus,
1551 1341 1569 1364 ›>
1602 1330 1678 1367 etc.
1702 1328 1751 1368 Et
1780 1329 1979 1373 Mioltoeas
2010 1332 2024 1352 ⁸
2053 1348 2061 1373 ς
2094 1349 2113 1371 α
2143 1334 2248 1382 Quid
2279 1337 2339 1376 di-

1317 1407 1452 1446 gnum
1472 1397 1646 1437 offeram
1666 1398 1871 1440 Domino?
1892 1416 1911 1438 »
1935 1405 2011 1442 etc.

1370 1466 1523 1517 Tertio,
1547 1471 1755 1519 quantum
1775 1472 1827 1511 ad
1849 1473 2133 1523 provisionem
2150 1477 2339 1528 remedii,

1317 1537 1455 1577 subdit
1489 1550 1498 1577 :
1530 1538 1737 1591 Alioquin
1767 1541 1906 1583 adhuc
1934 1543 2005 1586 illo
2034 1544 2151 1597 lonae
2181 1551 2341 1599 apeme,

1318 1606 1568 1659 leqationem
1582 1610 1753 1651 mittens
1769 1616 1889 1664 royac
1902 1624 1964 1663 ea,
1981 1625 2073 1666 quoe
2082 1617 2204 1666 pacis
2217 1621 2319 1659 sunt
2329 1630 2342 1658 .·

1320 1677 1523 1729 videlicet,
1547 1679 1580 1718 si
1613 1692 1733 1719 snam
1757 1684 2020 1733 recognoscit
2039 1686 2341 1739 infirmitatem,

1318 1751 1507 1800 respectu
1537 1749 1658 1789 istius
1689 1750 1859 1802 triplicis
1890 1765 2069 1806 pugnae,
2102 1756 2263 1797 laborat
2293 1758 2345 1798 ad

1319 1818 1431 1858 illius
1468 1832 1627 1871 pugnae
1661 1821 1995 1864 declinationem.
2029 1825 2167 1866 Missio
2205 1829 2345 1868 autem

1319 1888 1438 1928 istius
1458 1888 1680 1940 legationis
1700 1891 1803 1932 nihil
1825 1893 1940 1934 aliud
1960 1898 2035 1944 est,
2059 1908 2186 1948 quam
2203 1898 2346 1937 missio

1320 1958 1531 2008 orationis,
1567 1972 1691 2011 quam
1733 1973 1810 2012 pro
1842 1963 1963 2003 nobis
2001 1967 2167 2015 portant
2203 1967 2346 2017 angeli

1320 2032 1416 2068 ante
1455 2033 1725 2081 conspectum
1758 2031 1844 2082 Dei,
1878 2035 2082 2085 tanquam
2117 2038 2250 2077 nostri
2284 2038 2343 2078 le-

1323 2099 1412 2150 gati
1434 2100 1447 2120 ⁹
1476 2114 1484 2140 :
1519 2114 1538 2137 α
1566 2100 1740 2148 Quando
1769 2102 1918 2142 orabas
1945 2116 2041 2144 cum
2072 2105 2283 2158 lacrymis,
2307 2111 2346 2148 et

1322 2170 1549 2222 sepeliebas
1572 2174 1773 2221 mortuos,
1793 2186 1811 2209 ›)
1832 2173 2046 2225 sequitur:
2069 2190 2088 2213 «
2106 2176 2197 2228 Ego
2213 2179 2346 2219 obtuli

1322 2241 1555 2281 orationem
1575 2244 1690 2280 tuam
1711 2241 1900 2283 Domino.
1920 2257 1937 2280 n
1964 2243 2062 2285 Haec
2080 2246 2235 2298 legatio
2253 2250 2346 2290 mit-

1322 2312 1446 2352 tenda
1465 2314 1526 2351 est
1543 2323 1618 2363 pro
1631 2312 1868 2363 repellenda
1884 2326 2031 2366 pugna
2050 2318 2343 2371 tentationum,

1324 2393 1419 2434 (1οω
1438 2381 1616 2421 veniunt
1641 2394 1666 2421 a
1694 2394 1797 2433 rege
1826 2385 2051 2436 superbiae,
2071 2387 2177 2428 sicut
2202 2390 2348 2430 orabat

1324 2452 1480 2492 Paulus
1500 2452 1527 2474 ¹⁰
1551 2466 1559 2492 ς
1588 2467 1607 2490 «
1632 2452 1759 2494 Datus
1778 2457 1839 2495 est
1864 2455 1968 2495 mihi
1990 2457 2187 2499 stimulus
2211 2461 2348 2500 carnis

1324 2536 1444 2574 meae,
1468 2524 1647 2576 angelus
1671 2524 1850 2577 Satanae,
1875 2528 1923 2567 ut
1943 2528 1992 2580 (b)
2015 2541 2082 2570 me
2103 2530 2344 2583 colaphizet.

1325 2594 1501 2646 Propter
1532 2595 1643 2646 quod
1674 2597 1736 2635 ter
1766 2596 1993 2638 Dominum
2030 2600 2193 2652 rogavi,
2214 2616 2233 2638 »
2269 2604 2346 2643 etc.

1326 2665 1429 2705 Item
1449 2665 1650 2706 mittenda
1667 2669 1729 2706 est
1746 2667 1838 2708 haec
1850 2668 2006 2720 legatio
2023 2682 2098 2722 pro
2112 2671 2350 2723 repellenda

1326 2747 1473 2787 pugna
1499 2736 1742 2777 divinarum
1770 2738 2135 2791 disceptationum,
2157 2753 2253 2794 quae
2275 2754 2348 2783 ve-

1327 2806 1386 2846 nit
1405 2819 1430 2846 a
1448 2818 1552 2858 rege
1573 2807 1765 2859 ,iustitiam
1787 2808 1894 2849 sicut
1912 2810 2058 2850 orabat
2078 2810 2287 2864 Propheta
2306 2813 2351 2853 in

1327 2878 1491 2920 Psalmo
1521 2879 1548 2903 ¹¹
1586 2893 1594 2918 :
1631 2878 1759 2919 «Non
1791 2879 1921 2920 intres
1952 2881 1995 2919 in
2018 2881 2226 2932 judicium
2255 2895 2349 2923 cum

1328 2960 1450 2989 servo
1477 2951 1570 2999 tuo,
1605 2949 1704 3001 quia
1734 2961 1819 2990 non
1845 2951 2147 3002 justificabitur
2176 2953 2221 2992 in
2254 2965 2353 2993 con-

1328 3020 1488 3070 spectu,
1509 3032 1527 3055 ›)
1553 3021 1630 3059 etc.
1652 3018 1851 3060 Mittenda
1866 3023 1928 3060 est
1943 3021 2111 3072 legatio,
2131 3034 2206 3074 pro
2219 3023 2351 3074 repel-

1329 3089 1452 3129 lenda
1486 3100 1633 3140 pugna
1664 3089 1983 3130 tribulationum
1993 3105 2003 3140 ;
2043 3091 2142 3143 quia
2179 3092 2296 3133 venit
2329 3105 2354 3133 a

1329 3170 1434 3210 rege
1479 3158 1773 3211 providentiae,
1813 3159 1919 3201 sicut
1950 3162 2096 3201 orabat
2122 3161 2247 3202 Jonas
2280 3164 2308 3184 ¹2
2342 3177 2351 3203 :

1337 3244 1356 3267 «
1374 3228 1518 3270 Oravit
1535 3228 1662 3269 Jonas
1683 3229 1734 3269 ad
1756 3228 1984 3271 Dominum
2007 3231 2138 3272 Deum
2159 3243 2285 3273 suum
2305 3233 2355 3273 de

1332 3358 1372 3363 —
1392 3342 1403 3357 ·“’
1424 3340 1510 3379 Τοό.,
1533 3348 1602 3379 xu,
1626 3342 1675 3370 12.
1699 3358 1738 3362 —
1767 3341 1792 3361 ¹⁰
1814 3342 1837 3371 ll
1862 3341 1952 3377 Corn,
1971 3349 2042 3379 ΧΠ,
2062 3344 2132 3373 7-8.
2157 3360 2197 3365 —
2218 3344 2243 3364 ¹¹
2267 3344 2354 3375 psal.

1333 3394 1437 3425 chu,
1458 3388 1489 3418 2.
1512 3404 1551 3409 —
1574 3390 1600 3408 ¹²
1618 3388 1705 3425 Jon.⁷
1728 3395 1770 3425 11,
1790 3388 1853 3418 2-3.

1378 3453 1418 3489 (α)
1444 3451 1524 3482 Coet.
1548 3450 1627 3481 edit.
1652 3450 1738 3481 deest
1762 3451 1858 3482 sicut.
1879 3468 1919 3473 ——
1939 3450 1984 3491 (b)
2015 3451 2111 3492 Vulq.
2132 3453 2201 3494 qui.

2143 3514 2195 3551 40
