2634 3853
1063 127 1339 171 EXPOSITIO
1369 129 1424 170 IN
1455 129 1570 171 CAP.
1603 129 1634 170 Ῑ.
2333 137 2404 177 251

277 229 351 280 jus
368 221 701 273 habeturfigura
716 220 727 242 ¹
750 234 758 261 :
783 235 802 259 (ι
826 218 985 261 Semini
1003 222 1077 260 tuo
1097 218 1204 259 dabo
1220 220 1306 258 ter-

281 306 373 336 ram
391 293 538 334 hanca
554 292 688 333 fluvio
706 290 880 344 AEgypti
898 302 1032 343 usque
1051 289 1104 330 ad
1122 289 1305 330 fluvium

280 375 487 416 magnum
520 362 795 415 Euphratem.
834 376 853 399 11
894 360 1050 401 Deinde
1080 359 1306 412 subjungit

278 434 547 485 beneficium,
561 434 649 475 sive
661 433 897 474 remedium
909 432 1170 484 subsequens
1181 462 1190 479 ,
1206 443 1305 470 cum

279 505 377 546 dicit
401 505 456 559 (v.-
486 505 549 558 74)
577 517 585 544 ι
617 507 671 548 [st
700 504 797 557 sine,
820 504 965 545 timore
985 502 1036 543 de
1062 512 1193 543 manu
1213 502 1303 542 ini-

279 576 484 619 micorum
502 579 741 618 nostrorum
760 574 945 624 liberati,
969 574 1204 615 serviamus
1220 573 1303 614 illi.

279 646 387 688 Illud
406 647 520 688 enim
541 650 603 688 est
622 645 857 687 remedium
870 677 880 695 ,
901 644 1015 697 quod
1033 643 1211 684 assecuti
1230 655 1302 683 su-

278 729 375 760 mus
396 730 470 771 per
490 718 701 760 Christum
720 717 841 758 nobis
864 716 1083 757 donatum.
1105 716 1119 737 2
1146 730 1165 753 «
1184 714 1305 756 Nunc

277 801 380 831 vero
410 789 574 830 liberati
605 801 629 829 a
658 789 849 841 peccato,
885 787 996 828 servi
1032 790 1176 828 autem
1207 787 1303 826 facti

277 861 376 913 Deo,
386 861 551 902 habetis
563 860 800 902 fructumin
820 859 1159 910 sanctificatione,
1175 859 1304 899 finem

277 944 380 974 vero
406 932 538 973 vitam
559 933 774 972 aeternam.
797 929 810 951 ³
829 946 847 969 «
873 930 953 979 Qui
973 941 1201 971 conversus
1221 932 1302 980 est,

277 1015 362 1045 non
387 1015 462 1057 per
491 1003 590 1052 hoc,
618 1002 730 1055 quod
753 1001 940 1052 videbat,
969 1001 1210 1052 sanabatur,
1235 1001 1306 1042 sed

277 1086 352 1128 per
382 1077 424 1115 te
454 1074 651 1115 omnium
685 1073 953 1113 salvatorem.
980 1071 1027 1113 111
1054 1072 1134 1113 1100
1161 1074 1304 1113 autem

277 1145 493 1187 ostendisti
511 1144 695 1185 inimicis
714 1143 814 1194 tuis,
837 1143 938 1195 quia
957 1146 1004 1183 tu
1026 1155 1084 1194 es,
1105 1143 1179 1196 qui
1197 1143 1302 1183 libe-

276 1227 347 1256 ras
366 1215 418 1256 ad
439 1215 553 1257 omni
574 1214 709 1255 malo:
733 1228 752 1251 11
773 1214 866 1254 illos
885 1213 1053 1262 scilicet,
1078 1214 1150 1266 qui
1175 1216 1212 1254 te
1232 1226 1305 1254 au-

274 1285 415 1336 d1unt,
437 1285 642 1326 credendo
662 1282 703 1324 e't
723 1284 969 1324 obediendo.
988 1290 1001 1309 ¹·
1023 1298 1042 1321 α
1062 1285 1141 1331 Qui
1161 1287 1303 1326 autem

273 1366 342 1396 me
369 1355 569 1403 audierit,
601 1355 760 1407 absque
792 1356 951 1394 terrore
977 1354 1232 1406 requiescet,
1263 1358 1305 1396 et

273 1425 534 1466 abundantia
547 1425 802 1478 perfruetur,
815 1424 967 1465 timore
981 1424 1191 1466 malorum
1208 1426 1305 1465 sub-

273 1497 416 1538 lato.»
448 1496 499 1537 Ε1
526 1496 595 1537 1511
622 1498 736 1547 511111,
771 1496 846 1549 qui
885 1496 1076 1536 serviunt
1107 1497 1301 1538 Domino.

274 1570 288 1592 ⁵
315 1582 335 1606 «
354 1567 594 1620 Praeparate
618 1567 742 1608 corda
771 1569 911 1608 vestra
938 1567 1134 1617 Domino,
1158 1571 1198 1609 et
1216 1580 1303 1609 ser-

272 1636 358 1678 vite
385 1638 423 1678 ei
454 1637 552 1688 soli,
581 1640 621 1678 et
651 1639 770 1679 eruet
793 1649 868 1678 vos
900 1638 950 1678 de
984 1650 1113 1678 manu
1150 1638 1299 1680 Philis-

274 1707 414 1749 thiim.
435 1722 455 1746 11

325 1778 376 1820 Ε1
401 1778 502 1832 quia
532 1790 618 1819 non
648 1779 786 1819 omnis
812 1779 963 1819 modus
988 1780 1198 1821 serviendi
1220 1781 1303 1822 Deo

273 1852 335 1891 est
361 1850 440 1901 ipsi
469 1849 552 1891 Deo
578 1852 792 1903 acceptus,
824 1850 916 1891 ideo
939 1850 1079 1891 subdit
1105 1851 1300 1904 modum,

272 1921 427 1962 scilicet
447 1924 603 1972 sancte,
625 1922 763 1974 quoad
784 1922 994 1974 seipsum3
1011 1923 1141 1975 juste,
1163 1924 1303 1975 quoad

271 1991 518 2045 proximum
532 2006 542 2042 ;
566 1992 827 2044 simpliciter,
852 1992 991 2044 quoad
1015 1992 1170 2043 Deum;
1202 2006 1302 2046 per-

269 2064 524 2111 severanter,
550 2062 689 2115 quoad
709 2062 852 2103 omnia
881 2063 1094 2116 praedicta.
1126 2063 1303 2116 Propter

269 2132 533 2173 sanctitatem
551 2132 651 2173 dicit
674 2132 736 2185 (v.
760 2135 836 2184 75)
856 2145 866 2174 2
888 2134 939 2175 In
960 2135 1199 2185 sanctitate,
1221 2136 1299 2176 sci-

270 2203 366 2244 licet
396 2204 663 2254 serviamus,
683 2205 799 2257 quia,
825 2206 1058 2246 secundum
1088 2208 1201 2259 quod
1235 2208 1300 2248 di-

268 2272 378 2315 citur
395 2274 409 2296 ⁸
431 2288 439 2315 :
467 2290 486 2312 «
507 2274 740 2315 Ambulans
760 2276 801 2315 in
820 2276 890 2316 via
909 2276 1203 2328 immaculata,
1232 2279 1302 2318 hic

269 2344 374 2384 mihi
411 2344 692 2386 ministrabat.
725 2361 744 2383 »
778 2346 828 2386 Et
862 2346 955 2387 ideo
994 2347 1038 2386 in
1081 2348 1230 2391 Exodo
1250 2349 1296 2389 ⁷:

275 2428 295 2453 «
314 2412 600 2455 Sanctificahis
619 2415 759 2456 Aaron
779 2418 820 2456 et
840 2416 948 2456 filios
968 2418 1075 2469 ejus,
1097 2420 1146 2458 ut
1163 2430 1301 2459 sacer-

270 2484 383 2526 dotio
402 2485 637 2537 fungantur
656 2486 785 2537 mihi;
805 2500 823 2524 11
843 2489 883 2528 et
902 2490 995 2540 post
1012 2499 1022 2528 :
1041 2503 1060 2526 «
1079 2488 1132 2529 Ut
1151 2490 1297 2531 minis-

269 2557 384 2596 trent
400 2555 444 2596 in
456 2557 709 2607 sanctuario,
725 2569 779 2598 ne
793 2558 1026 2611 iniquitatis
1040 2560 1101 2599 rei
1117 2561 1300 2602 morian-

268 2628 352 2667 tur.
373 2640 393 2665 11
418 2626 470 2668 Et
489 2627 636 2670 Petrus
653 2627 667 2650 ⁸
681 2640 696 2668 .·
722 2643 741 2666 α
760 2628 935 2682 Propter
959 2631 1073 2683 quod
1099 2633 1299 2674 succincti

267 2697 434 2739 lumbos
450 2699 604 2739 mentis
618 2701 784 2750 vestrae,
799 2700 928 2741 sobrii
945 2702 1125 2753 periecte
1140 2702 1190 2756 (a)
1208 2715 1299 2757 spe-

266 2770 356 2810 rate
373 2768 419 2809 in
439 2780 666 2828 eam,·quae
685 2771 863 2812 offertur
885 2773 1022 2824 vohis,
1043 2774 1248 2825 gratiam:
1272 2789 1291 2813 11

267 2842 308 2881 01
320 2840 490 2882 deinde:
507 2856 526 2880 «
546 2840 629 2882 Sed
645 2843 878 2883 secundum
898 2855 1019 2895 eum,
1039 2845 1113 2898 qui
1132 2846 1297 2888 vocavit

267 2922 363 2961 vos,
387 2913 600 2963 sanctum,
626 2915 674 2953 ut
697 2916 738 2953 et
761 2913 841 2966 ipsi
869 2914 912 2954 in
938 2916 1052 2955 omni
1076 2928 1296 2958 conversa-

268 2980 381 3022 tione
405 2982 537 3023 sancti
567 2983 679 3033 51115,
701 2984 903 3037 quoniam
932 2986 1134 3039 scriptum
1161 2990 1223 3028 est
1246 2988 1259 3009 ⁹
1283 3003 1292 3029 :

269 3050 409 3092 Sancti
426 3052 557 3105 eritis,
578 3054 783 3107 quoniam
805 3067 886 3108 ego
905 3059 1074 3098 sanctus
1094 3070 1205 3099 sum.
1231 3073 1249 3097 1)

322 3121 493 3176 Propter
507 3125 735 3178 Justitiam,
754 3127 894 3179 quoad
912 3128 1180 3180 proximum:
1196 3130 1294 3171 dicit

269 3193 325 3236 Ec
336 3192 565 3245 justiciam
583 3210 602 3234 «
622 3196 736 3239 Sicut
756 3198 869 3239 enim
891 3199 1143 3241 exhibuistis
1164 3214 1295 3243 mem-

310 3277 318 3294 ²
343 3276 436 3318 Gen„
456 3285 514 3317 xv,
538 3280 588 3312 18.
608 3297 650 3304 -
670 3280 682 3299 ²
697 3280 800 3322 Rom„
823 3290 871 3323 vi,
891 3285 944 3315 22.
963 3302 1004 3307 —
1023 3285 1035 3303 ³
1052 3285 1146 3327 Sap„
1165 3294 1237 3326 xv1,
1261 3289 1290 3329 7,

267 3324 352 3356 8.-
370 3323 382 3342 ⁴
400 3324 513 3363 Prov„
536 3333 565 3366 1,
591 3328 641 3359 33.
663 3344 704 3350 —
723 3329 877 3371 ⁵1Req.,
903 3339 968 3372 vii,
997 3333 1028 3364 3.
1048 3350 1088 3356 -
1109 3334 1121 3352 ⁶
1144 3333 1235 3366 Psal.
1259 3343 1291 3373 c,

268 3371 318 3401 16.
340 3387 376 3393 —-
399 3371 409 3390 ⁷
430 3371 552 3412 Exod„
571 3380 700 3414 xxvui,
718 3376 827 3408 41-43.
847 3394 888 3401 —
910 3378 925 3400 8
947 3379 955 3409 1
983 3380 1086 3420 Petra,
1117 3389 1141 3421 ι,
1166 3382 1218 3421 13,
1239 3384 1289 3422 15,

269 3418 317 3450 16.
341 3435 375 3440 -
397 3419 408 3437 ⁹
428 3418 548 3458 Levia,
568 3427 616 3459 xl,
639 3422 689 3454 44.
715 3439 755 3445 —-
777 3423 804 3446 ¹⁰
822 3424 925 3465 Rom„
950 3433 997 3467 v1,
1020 3428 1071 3459 19.
1091 3444 1132 3451 -—
1158 3428 1182 3450 ¹¹
1199 3429 1288 3460 Psal.

1382 219 1457 260 bra
1474 221 1615 261 vestra
1635 219 1794 261 servire
1811 219 2116 271 immunditiae,
2140 223 2180 261 et
2198 222 2411 275 iniquitati

1381 291 1434 331 ad
1461 290 1747 344 iniquitatem3
1774 290 1833 330 ita
1862 302 1976 330 nunc
2000 290 2195 331 exhibete
2221 295 2413 335 membra

1384 363 1524 401 vestra
1542 361 1701 403 servire
1719 360 1896 413 Justitiae
1916 360 1961 400 in
1981 361 2369 405 sanctificationem.
2389 379 2407 403 11

1382 431 1433 472 Ut
1453 432 1511 472 sic
1531 432 1696 485 possitis
1712 432 1849 473 dicere
1867 430 2018 472 illud‘¹¹
2037 446 2077 472 z«
2096 431 2187 485 Ego
2206 436 2347 475 autem
2368 436 2414 476 in

1376 503 1544 555 Justitia
1563 503 1772 556 apparebo
1793 503 2032 555 conspectui
2053 505 2146 544 tuo.
2167 518 2186 541 »

1436 572 1609 626 Propter
1628 573 1960 626 simplicitatem,
1984 573 2108 615 dicit:
2136 574 2284 617 Coram
2304 577 2412 629 ipso,

1381 642 1536 683 scilicet
1565 643 1669 684 Deo:
1702 645 1815 697 quod
1847 645 1894 684 fit
1920 656 1994 696 per
2020 645 2254 698 simplicem
2278 646 2414 687 inten-

1380 713 1555 764 tionem,
1574 714 1683 755 sicut
1699 714 1898 755 Ezechias
1910 715 1959 755 ¹²:
1977 714 2202 767 «Obsecro,
2223 716 2412 768 Domine,

1381 787 1609 835 memento,
1626 796 1786 837 quaeso,
1802 785 2012 837 quomodo
2023 786 2333 828 ambulaverim
2349 800 2415 829 co-

1380 868 1473 896 ram
1491 859 1531 897 te
1550 856 1595 896 in
1616 856 1806 906 veritate,
1826 859 1867 897 et
1886 856 2010 897 corde
2029 857 2225 908 perfecto,
2245 862 2285 899 et
2301 860 2414 912 quod

1380 927 1580 981 placitum
1607 932 1669 969 est
1694 939 1837 968 coram
1862 930 1925 976 te,
1954 927 2137 968 fecerim.
2163 943 2182 965 11
2210 928 2278 970 Sic
2307 943 2414 984 puer

1381 996 1551 1039 Samuel
1568 998 1831 1039 ministrabat
1843 998 2019 1039 Domino
2030 1010 2171 1039 coram
2183 999 2294 1051 Heli3
2309 1003 2348 1042 et
2359 1002 2388 1027 ¹³
2402 1018 2410 1044 :

1387 1084 1405 1107 «
1425 1068 1540 1120 Scio,
1569 1069 1677 1109 Deus
1704 1080 1845 1119 meus,
1875 1069 1991 1122 quod
2018 1070 2170 1121 probes
2195 1071 2339 1122 corda,
2375 1074 2414 1112 et

1379 1141 1687 1194 simplicitatem
1709 1140 1877 1192 diligas.
1898 1154 1916 1177 11
1944 1139 1994 1180 Ε1
2015 1140 2237 1192 Sapientia
2255 1142 2283 1164 ¹⁴
2300 1155 2314 1181 .·
2329 1143 2414 1185 «Et

1379 1211 1424 1251 in
1452 1211 1715 1264 simplicitate
1745 1211 1882 1251 cordis
1915 1211 2091 1263 quaerite
2125 1212 2270 1264 illum,
2305 1226 2412 1266 quo-

1379 1283 1494 1322 niam
1532 1282 1751 1323 invenitur
1788 1281 1840 1321 ab
1877 1281 1943 1321 his
1958 1313 1970 1332 ,
2010 1282 2084 1334 qui
2123 1294 2211 1323 non
2250 1286 2413 1326 tentant

1378 1352 1514 1392 illum.
1555 1367 1573 1389 11
1620 1351 1793 1404 Propter
1829 1353 2198 1404 perseverantiam
2236 1354 2377 1395 subdit
2400 1369 2408 1395 :

1382 1423 1583 1465 Omnibus
1607 1422 1753 1465 diebus
1778 1423 1937 1465 nostris
1952 1454 1962 1472 ,
1984 1422 2091 1463 sicut
2108 1423 2334 1476 Apostolus
2353 1425 2409 1466 ¹⁵:

1384 1509 1402 1533 «
1423 1494 1504 1535 Vos
1523 1494 1636 1534 scitis
1656 1506 1681 1534 a
1702 1494 1843 1547 prima
1864 1494 1953 1544 die,
1975 1506 2062 1547 qua
2081 1494 2296 1546 ingressus
2316 1507 2413 1537 sum

1378 1566 1423 1606 in
1443 1567 1607 1617 Asiam,
1628 1566 1810 1619 qualiter
1827 1565 2043 1607 vobiscum
2067 1578 2143 1619 per
2164 1569 2411 1608 0011101011]-

1377 1650 1456 1689 pus
1475 1638 1640 1690 fuerim,
1665 1638 1853 1679 servieus
1872 1637 2051 1678 Domino
2072 1650 2170 1678 cum
2190 1638 2308 1679 omni
2329 1639 2409 1679 hu-

1377 1707 1573 1758 militate,
1596 1709 1636 1748 et
1656 1707 1881 1760 lacrymis,
1903 1710 1943 1747 et
1971 1707 2286 1760 tentationibus,
2313 1720 2410 1761 quae

1377 1779 1484 1819 mihi
1519 1778 1761 1820 acciderunt
1797 1791 1852 1819 ex
1892 1778 2056 1819 insidiis
2090 1777 2354 1821 Judaeorum.
2389 1798 2409 1822 11

1377 1850 1501 1890 Ε116ε
1532 1865 1551 1889 «
1580 1849 1843 1891 Adhaereatis
1873 1849 1971 1900 Deo,
2006 1851 2046 1890 01
2080 1849 2272 1891 serviatis
2298 1851 2335 1891 ei
2367 1851 2410 1892 in

1376 1921 1493 1961 omni
1519 1921 1661 1971 corde,
1684 1923 1725 1961 et
1742 1921 1788 1960 in
1809 1920 1925 1961 omni
1943 1921 2088 1961 anima
2106 1924 2260 1961 vestra.
2278 1934 2296 1959 11

1427 1993 1494 2033 76.
1518 1993 1577 2035 Et
1596 1996 1662 2043 tu,
1687 2002 1809 2045 puer,
1826 1991 2029 2045 propheta
2048 1992 2266 2035 Altissimz·
2285 2004 2407 2036 voca-

1375 2063 1511 2115 beris,
1535 2067 1613 2105 etc.
1635 2064 1736 2105 Haec
1769 2066 1832 2105 est
1860 2066 2011 2117 quarta
2034 2075 2131 2117 pars
2161 2065 2333 2115 cantici,
2367 2066 2409 2105 in

1375 2147 1461 2188 qua
1478 2136 1622 2176 recolit
1641 2136 1894 2177 beneficium
1913 2137 2068 2176 nostrae
2089 2136 2409 2189 redemptionis,

1374 2207 1607 2248 secundum
1629 2207 1743 2260 quod
1756 2208 1847 2260 ι10111
1864 2206 2111 2247 inchoatum
2128 2209 2218 2248 erat
2238 2207 2283 2247 in
2299 2207 2410 2248 Prae-

1374 2289 1567 2327 cursore3
1601 2281 1639 2317 et
1669 2277 1749 2318 hoc
1778 2277 2013 2330 prophetali
2041 2278 2268 2330 praeconio,
2296 2278 2408 2331 quod

1374 2348 1640 2388 commendat
1671 2348 1914 2400 tripliciter-3
1946 2348 1999 2388 ab
2034 2348 2281 2390 auctoritate
2308 2361 2405 2402 pro-

1373 2418 1551 2470 phetiae,
1575 2419 1627 2459 ab
1652 2418 1832 2459 utilitate
1852 2418 2068 2470 doctrinae,
2093 2422 2133 2460 et
2152 2431 2177 2459 a
2197 2419 2405 2473 proximi-

1371 2492 1456 2530 tate
1473 2489 1631 2531 divinae
1652 2489 1907 2542 praesentiae.

1426 2561 1700 2602 Commendat
1734 2560 1872 2612 igitur
1904 2560 2089 2602 Joannes
2121 2561 2404 2614 praeconium,

1371 2635 1529 2673 nostrae
1558 2631 1863 2684 redemptionis
1891 2631 2205 2682 inchoativum,
2233 2632 2286 2673 ab
2313 2645 2407 2673 auc-

1370 2704 1536 2744 toritate
1573 2702 1809 2756 prophetiae
1827 2734 1838 2753 ,
1876 2705 2124 2744 convertens
2164 2714 2405 2746 sermonem

1370 2775 1422 2816 ad
1453 2787 1667 2828 puerum:
1700 2776 1758 2817 Et
1783 2778 1851 2826 tu,
1874 2785 1994 2827 puer,
2029 2775 2235 2829 propheta
2266 2777 2396 2819 Altis-

1368 2847 1484 2889 sz'mz‘.
1508 2845 1572 2886 Tu
1590 2857 1710 2899 puer,
1733 2848 1774 2886 et
1793 2848 1935 2895 aetate,
1957 2847 1998 2886 et
2013 2846 2250 2899 puritate.¹⁷
2268 2861 2288 2886 α
2307 2847 2404 2888 Fra-

1368 2922 1467 2969 tres,
1489 2918 1619 2959 nolite
1638 2917 1759 2970 pueri
1774 2917 1881 2958 effici
1903 2917 2120 2968 sensibus;
2149 2919 2220 2959 sed
2241 2918 2402 2960 malitia

1368 2988 1536 3043 parvuli
1565 2990 1716 3038 estote,
1749 2987 1940 3028 sensibus
1967 2990 2112 3029 autem
2141 2989 2310 3042 perfecti
2334 3002 2402 3031 es-

1367 3062 1467 3101 tote.
1489 3074 1509 3098 ›)
1539 3058 1760 3102 Vocaberz‘s
1787 3055 2017 3112 propheta.-
2043 3063 2073 3085 18
2100 3059 2279 3101 «Etiam
2308 3061 2400 3102 dico

1367 3132 1501 3182 vobis,
1519 3135 1559 3173 et
1572 3132 1797 3184 plusquam
1812 3132 2113 3184 prophetam.»
2130 3132 2180 3174 Et
2192 3133 2398 3186 propheta

1365 3204 1599 3255 Alcissimz‘,
1617 3203 1660 3244 id
1680 3204 1756 3253 est,
1776 3202 1942 3254 Christi,
1963 3204 2128 3245 ratione
2147 3203 2398 3247 divinitatis:

1364 3295 1438 3326 XVI,
1460 3290 1510 3319 15.
1530 3305 1571 3310 —
1592 3286 1616 3308 1²
1636 3286 1679 3318 IV
1698 3286 1790 3327 Κεφ,
1809 3293 1869 3327 xx,
1893 3288 1922 3318 2.
1940 3303 1980 3309 —
2007 3286 2030 3308 ¹³
2048 3287 2061 3318 1
2076 3285 2208 3324 paral„
2226 3293 2322 3325 xxlx,
2343 3285 2395 3317 17.

1364 3351 1405 3358 -—-
1424 3335 1451 3358 ¹⁸
1469 3335 1564 3376 Sap„
1586 3342 1609 3373 1,
1631 3336 1660 3365 1.
1680 3349 1720 3356 -
1742 3333 1769 3356 ¹⁵
1787 3333 1875 3372 Act„
1896 3341 1957 3373 xx,
1975 3336 2025 3366 19.
2044 3352 2085 3357 —
2106 3334 2129 3353 ¹⁶
2146 3334 2232 3374 Jos„
2250 3341 2342 3373 xxii,
2361 3334 2394 3364 5.

1364 3399 1404 3406 —
1425 3383 1451 3404 ¹⁷
1472 3384 1482 3414 1
1506 3383 1598 3422 Corn,
1617 3388 1688 3422 xlv,
1710 3382 1760 3414 20.
1782 3398 1821 3404 —
1843 3381 1866 3400 ¹⁹
1885 3381 2020 3421 Matth„
2045 3389 2100 3421 xl,
2121 3382 2150 3413 9.
2178 3398 2218 3404 —
2243 3380 2290 3422 (a)
2311 3380 2395 3414 Goet0‘

1363 3429 1444 3462 edit.
1465 3429 1620 3470 perfecti.
