2634 3853
126 1590 260 1618 Tentatio

139 1632 240 1659 multi—

115 1673 193 1708 plex.

291 65 369 105 2110

290 163 399 192 mus.
425 165 443 189 n
468 150 539 191 Est
558 149 683 190 etiam
704 149 889 189 debitum
913 147 1117 200 pecuniae,
1141 156 1239 184 nam
1258 143 1315 183 ait

290 222 489 264 Salomon
514 224 523 245 ¹
547 235 554 260 :
592 236 609 257 α
637 220 726 259 Noli
757 232 847 258 esse
876 231 973 257 euin
997 218 1083 266 his,
1119 216 1189 267 qni
1213 214 1316 253 ‹leti—

288 296 399 345 gunt
422 304 571 331 manus
590 303 710 336 snas,
735 292 773 329 et
795 289 865 340 qui
898 288 1023 327 vades
1055 298 1097 326 se
1131 284 1315 325 offerunt

286 376 363 415 pro
396 363 557 403 debitis.
597 376 614 397 ν)
649 361 805 409 Agitur
829 361 970 397 alitem
1000 357 1069 396 liic
1097 357 1147 396 de
1175 355 1315 395 debito

287 434 481 482 offensm,
514 444 598 471 non
631 429 835 482 pecunia‘.
875 428 1069 468 Debitum
1104 427 1311 479 primum,

288 504 469 552 malum;
493 501 747 549 secundum,
773 500 952 547 bonnm3
977 501 1017 538 ct
1038 498 1225 547 tertium,
1248 498 1312 536 in-

287 574 497 613 differens.
532 571 636 611 Dicit
661 582 766 621 ergo
795 582 804 609 ;
833 571 1006 611 De‘nu‘ltc
1038 568 1182 618 nobis,
1214 571 1310 617 etc,

285 644 405 696 quasi
424 643 534 683 dicat
556 655 565 682 :
595 641 653 681 Da
677 641 800 681 nobis
826 641 985 681 donum
1010 640 1249 688 scientiam,
1273 640 1313 677 et

284 713 486 753 virtutem
524 713 702 761 luctum,
738 724 821 764 quo
859 714 945 751 tam
983 714 1144 760 nostra,
1182 720 1311 760 quam

282 784 418 825 aliena
446 787 613 836 peccata
642 784 880 835 cogitemus
910 785 951 822 ct
979 782 1229 829 defleamus,
1264 782 1312 819 ut

281 855 403 895 nobis
422 855 556 895 debita
579 858 721 895 nostra
742 854 926 894 dimittas
940 885 949 903 ,
981 856 1021 892 et
1042 853 1098 892 ita
1121 850 1309 892 consola-

280 925 438 965 tionem
460 926 693 965 habeamus
713 928 857 965 contra
880 924 1104 972 invidiam,
1129 935 1225 976 quae
1250 923 1309 962 fa-

279 996 333 1035 cit
352 997 571 1037 hominem
593 997 643 1037 de.
662 996 798 1036 alieno
817 996 928 1036 bono
943 996 1171 1044 tabescere,
1196 994 1310 1035 unde

277 1078 427 1107 versus
447 1071 461 1091 ²
484 1081 492 1106 :
633 1053 636 1056 ’

366 1174 504 1206 Invidus
524 1174 660 1206 alterius
680 1174 861 1206 macrescit
879 1174 980 1206 rebus
1001 1173 1135 1215 opimis.

332 1282 385 1324 Εῑ
404 1292 454 1323 ne
473 1291 549 1324 nos
574 1281 759 1323 inducas
790 1282 839 1323 z'n
874 1280 1167 1322 tentationem.
1198 1278 1310 1319 Peti-

278 1353 336 1394 tio
347 1360 375 1404 ,'
396 1366 483 1394 non
518 1354 659 1394 induci
702 1355 745 1393 in
781 1353 1080 1402 tentationem;
1123 1351 1308 1400 donum,

278 1425 433 1476 pietas3
459 1424 611 1473 virtus,
635 1424 939 1473 mansuetudo,
964 1422 1194 1471 beatitudo,
1212 1434 1309 1473 pos-

278 1496 408 1536 sessio
429 1499 576 1545 terrae;
598 1496 751 1535 vitium
769 1498 913 1535 contra
932 1495 1058 1546 quod,
1083 1494 1159 1533 ira.
1185 1493 1239 1534 Ec
1258 1503 1309 1534 ne

278 1575 354 1607 nos
374 1566 555 1608 inducas
576 1581 590 1608 .·
612 1571 672 1606 est
696 1566 869 1606 tentatio
898 1564 1147 1605 irritationis
1158 1594 1171 1613 ,
1204 1563 1312 1602 sicut

279 1637 483 1689 scriptum
504 1640 565 1677 est
580 1639 593 1660 ³
612 1650 620 1677 z
650 1651 669 1675 «
687 1635 861 1678 Vocavit
879 1635 1042 1688 Moyses
1058 1646 1216 1675 nomen
1231 1634 1312 1673 loci

280 1708 394 1748 illius
428 1708 637 1758 Tentatio,
678 1710 849 1760 propter
885 1706 1083 1758 jurgium
1123 1705 1311 1744 filiorum

281 1778 407 1819 Israel
420 1810 432 1829 ,
456 1782 498 1819 et
516 1779 615 1831 quia
633 1780 905 1818 tentaverunt
924 1777 1151 1817 Dominum
1169 1775 1310 1815 dicen-

274 1853 337 1891 tes
369 1863 377 1890 :
406 1850 532 1891 Estne
566 1850 674 1891 Deus
706 1850 750 1889 in
780 1849 903 1889 nobis
932 1850 948 1886 ‘3
978 1862 997 1885 »
1032 1847 1103 1888 Est
1134 1847 1311 1887 tentatio

276 1920 560 1971 probationis,
589 1933 689 1961 nam
719 1920 817 1961 dicit
835 1919 1016 1961 Jacobus
1037 1918 1050 1940 ¹·
1076 1933 1084 1959 :
1116 1933 1135 1956 α
1157 1918 1311 1958 Beatus

276 1991 358 2040 vir,
381 1991 454 2043 qui
472 1990 620 2032 suffert
642 1992 932 2031 tentationem.
950 2004 968 2027 >³
993 1990 1042 2029 Et
1056 1989 1100 2029 in
1122 1989 1252 2031 Tobta
1268 1988 1280 2011 ⁵
1295 2000 1310 2029 .·

282 2076 301 2099 <1
321 2061 439 2102 Hanc
457 2062 730 2102 tentationem
759 2062 852 2102 ideo
880 2061 1070 2113 permisit
1086 2060 1198 2100 Deus
1217 2071 1313 2101 eve-

276 2133 370 2173 nire
387 2133 471 2183 illi,
496 2136 543 2173 ut
564 2134 740 2185 posteris
760 2133 931 2173 daretur
963 2131 1209 2184 exemplum
1233 2143 1308 2183 pa-

276 2203 435 2244 tientiae
464 2205 577 2255 ers,
608 2204 713 2243 sicut
747 2206 788 2244 et
818 2203 952 2243 sancti
985 2202 1078 2243 Job.
1111 2216 1130 2239 ›)
1169 2202 1219 2242 Et
1251 2205 1312 2242 est

276 2275 450 2314 tentatio
477 2274 601 2315 malae
632 2275 941 2327 persuasionis,
974 2277 1022 2314 ut
1054 2274 1234 2314 habetur
1266 2273 1310 2312 in

276 2344 472 2387 Matthoeo
497 2345 510 2367 ⁸
534 2357 547 2386 .·
574 2360 592 2383 <‹
612 2345 825 2386 Accedens
844 2347 1026 2386 tentator
1046 2344 1154 2384 dixit
1172 2344 1211 2384 ei
1234 2357 1243 2384 :
1266 2343 1309 2384 Si

276 2415 389 2456 filius
409 2416 481 2456 Dei
501 2429 568 2466 es,
591 2431 610 2454 >³
636 2420 711 2457 etc.
735 2417 785 2457 Et
803 2417 848 2456 in
875 2416 1005 2456 Paulo
1033 2416 1046 2437 ⁷
1078 2430 1086 2455 ε
1115 2430 1135 2453 «
1155 2414 1307 2455 Fidelis

277 2485 410 2537 Deus,
433 2487 507 2539 qui
527 2499 612 2527 non
635 2488 816 2539 patietur
835 2498 912 2527 vos
942 2486 1094 2527 tentari
1115 2497 1244 2537 supra
1268 2485 1311 2526 id

279 2557 392 2609 quod
416 2558 610 2609 potestis,
631 2572 650 2595 ))
682 2561 759 2598 etc.
784 2558 841 2598 De
862 2557 941 2597 hac
960 2557 1084 2597 tertia
1103 2557 1308 2608 intelligi-

280 2631 352 2667 tur
370 2628 583 2680 praecipue
610 2629 724 2680 quod
750 2629 818 2669 hic
843 2629 1013 2669 dicitur.
1036 2627 1141 2667 Dicit
1167 2640 1273 2679 ergo
1297 2642 1306 2668 ε

280 2700 339 2740 Et
369 2710 420 2741 ne
453 2710 527 2742 nos
557 2700 764 2749 inducas,
797 2703 893 2750 etc.,
928 2699 1050 2751 quasi
1082 2698 1192 2738 dicat
1219 2713 1227 2738 :
1251 2699 1310 2739 Da

280 2770 404 2810 nobis
429 2771 625 2823 spiritum
653 2771 836 2823 pietatis,
870 2774 912 2811 et
936 2770 1308 2810 mansuetudinem

280 2839 473 2892 spiritus,
508 2844 554 2881 ut
580 2853 654 2893 per
682 2841 877 2893 spiritum
897 2841 1064 2893 pietatis
1083 2841 1308 2881 vincamus

322 2923 454 2962 ¹Prov.,
472 2931 558 2963 xxii,
575 2924 627 2955 26.
644 2941 684 2947 -
701 2923 712 2941 ²
733 2924 862 2963 Horat„
882 2924 1005 2964 Epist„
1025 2923 1082 2954 lib.
1106 2924 1129 2962 1,
1150 2923 1248 2963 epist.
1269 2930 1307 2954 11.

280 2987 316 2994 —
334 2969 348 2992 ³
366 2970 491 3009 Esseni„
509 2979 597 3012 xvii,
617 2973 651 3002 'l-
671 2988 709 2994 —
728 2971 741 2992 ὅ
759 2972 842 3008 Jac„
865 2979 888 3012 1,
917 2972 966 3003 12.
986 2988 1027 2993 —
1047 2972 1057 2989 ⁵
1083 2970 1171 3011 Tob„
1196 2978 1231 3009 11,
1256 2971 1308 3001 12.

277 3035 319 3040 -
339 3018 350 3035 ⁸
370 3017 502 3058 Mutila„
530 3025 576 3056 iv,
599 3020 629 3049 3.
649 3034 690 3041 -
709 3018 722 3039 ⁷
743 3018 754 3048 I
779 3018 869 3058 Com,
893 3026 935 3056 x,
958 3019 1006 3049 13.
1028 3035 1067 3040 —
1088 3018 1098 3035 ⁸
1119 3017 1255 3056 Matllz„
1275 3025 1307 3057 v,

279 3066 310 3096 4.
334 3082 373 3088 —
397 3065 410 3086 ⁹
437 3065 539 3105 Rom„
561 3073 618 3105 Vl,
643 3067 693 3097 22.
713 3083 754 3088 -
777 3067 798 3084 ¹⁰
824 3066 919 3102 ibid„
943 3074 1017 3105 viu,
1037 3068 1088 3096 21.
1110 3082 1150 3087 -—
1175 3064 1197 3086 ¹¹
1223 3065 1309 3103 Osca,

720 58 990 101 EXPOSITIO
1023 57 1074 97 IN
1105 56 1217 97 CAP.
1247 53 1296 95 Vl
1328 52 1613 95 EVANGELII
1644 55 1686 96 S.
1719 54 1986 98 MATTHAEI.

1393 144 1664 184 tentationem
1681 176 1689 194 ,
1714 145 1948 186 exercendo
1968 157 2045 186 nos
2066 146 2118 187 ad
2135 147 2332 199 pietatem
2347 178 2358 197 ,
2380 148 2422 187 et

1393 225 1465 265 per
1485 215 1856 254 mansuetudinem
1878 216 2098 257 vincamus
2122 218 2273 257 vitium
2293 217 2418 267 iram,

1392 296 1478 324 non
1500 286 1712 326 reddendo
1730 285 1890 325 malum
1909 298 1983 337 pro
2005 288 2116 327 malo
2139 302 2148 328 ε
2171 291 2219 327 ut
2237 290 2293 328 ita
2310 288 2421 328 beati

1392 356 1681 406 possideamus
1710 359 1867 395 terram
1902 356 2162 407 viventium,
2194 370 2322 409 quam
2349 371 2422 411 per

1391 425 1585 476 spiritum
1605 427 1770 478 pietatis
1790 430 1830 466 et
1848 427 2218 467 mansuetudinem
2237 428 2422 468 obtinea-

1391 507 1500 535 mus,
1535 495 1651 537 Unde
1683 498 1835 538 dicitur
1865 497 1878 518 ⁸
1902 512 1911 538 ε
1940 512 1959 536 (ι
1990 496 2106 538 Beati
2132 498 2281 546 mites,
2315 509 2420 549 quo·

1390 565 1543 616 niain,»
1584 571 1661 608 etc.

1443 636 1533 678 Sed
1552 637 1687 679 libera
1706 649 1784 679 nos
1812 649 1838 679 α
1867 638 1992 680 malo.
2015 637 2186 688 Potitio,
2207 637 2377 678 liberari
2396 652 2421 679 a

1391 707 1522 758 malo;
1547 709 1888 759 (1011um,ti1nor;
1913 709 2062 758 virtus,
2085 712 2312 761 paupertas
2332 709 2416 761 spi-

1388 778 1518 829 ritus;
1539 780 1775 831 beatitudo,
1798 793 1985 832 rognum
2014 781 2240 830 coelorum3
2264 780 2417 821 vitium

1388 853 1533 890 contra
1550 851 1686 903 qnod,
1715 851 1854 890 inanis
1875 852 2026 903 gloria.
2048 851 2129 893 Sed
2157 851 2315 902 libera,
2337 854 2414 893 etc.

1387 924 1449 961 est
1466 921 1658 961 liberatio
1677 933 1701 961 a
1721 925 1833 962 malo
1853 923 2002 975 culpae,
2019 924 2144 975 juxta
2165 923 2268 963 illud
2286 922 2418 974 Apos-

1387 992 1460 1032 toli
1480 996 1493 1015 ⁹
1518 1006 1525 1031 :
1555 1007 1574 1029 (‹
1590 991 1772 1032 Liberati
1789 1005 1813 1032 a
1828 997 2011 1045 peccato,
2034 994 2142 1034 servi
2160 996 2303 1034 autem
2322 993 2418 1033 facti

1386 1064 1526 1104 Deo.»
1558 1065 1595 1105 A
1624 1065 1736 1106 malo
1766 1061 2098 1118 miseriae‚'ipso
2128 1064 2260 1106 Paulo
2291 1066 2417 1105 attes-

1386 1138 1527 1185 tante,
1554 1136 1627 1189 qui
1662 1138 1719 1177 ait
1741 1142 1770 1163 ¹⁰
1803 1152 1812 1178 :
1842 1153 1861 1176 «
1883 1138 2082 1178 Creatura
2112 1135 2362 1177 liberabitur
2393 1147 2418 1175 a

1387 1208 1589 1249 servitute
1610 1209 1894 1261 corruptionis
1920 1209 1964 1248 in
1991 1209 2255 1258 libertatem,
2292 1221 2311 1245 ›)
2337 1209 2414 1248 etc.

1387 1277 1459 1319 Est
1478 1280 1606 1319 etiam
1637 1279 1831 1320 liberatio
1852 1292 1877 1320 a
1906 1279 2018 1320 malo
2051 1291 2187 1331 poenas
2220 1281 2413 1326 aeternae,

1387 1349 1500 1389 unde
1530 1350 1682 1390 dicitur
1703 1352 1727 1371 ¹¹
1753 1363 1762 1390 ε
1791 1366 1809 1389 <‹
1829 1350 1886 1390 De
1907 1362 2040 1390 manu
2058 1350 2207 1390 mortis
2227 1348 2417 1389 liberabo

1387 1432 1479 1470 eOS,
1511 1421 1562 1460 de
1590 1423 1725 1461 morte
1752 1421 1959 1462 redimam
1992 1432 2079 1461 eos.
2101 1435 2121 1458 ›>
2146 1420 2252 1460 Dicit
2272 1431 2376 1470 ergo
2407 1433 2416 1459 :

1390 1490 1471 1532 Sed
1497 1492 1626 1532 libera
1655 1502 1745 1540 nos,
1780 1494 1875 1542 etc.7
1908 1492 2030 1544 quasi
2049 1491 2157 1530 dicat
2181 1504 2189 1529 :
2221 1490 2280 1530 Da
2300 1489 2420 1529 nobis

1387 1562 1583 1613 spiritum
1617 1562 1806 1612 timoris,
1846 1566 1894 1602 ut
1933 1574 2008 1614 per
2045 1561 2167 1601 illum
2199 1561 2421 1602 vincamus

1388 1632 1523 1682 mala,
1547 1635 1588 1673 et
1622 1645 1696 1685 per
1727 1633 1932 1674 virtutem
1962 1632 2221 1685 paupertatis
2251 1631 2422 1684 spiritus

1387 1703 1499 1743 bona
1519 1704 1804 1756 adipiscamur
1825 1719 1833 1744 :
1858 1707 2067 1757 quatenus
2087 1702 2269 1744 exclusis
2288 1702 2417 1752 vitiis,

1387 1776 1428 1813 et
1458 1776 1709 1828 contemptis
1740 1775 1944 1826 terrems,
1977 1775 2211 1815 habeamus
2237 1776 2417 1823 aeterna,

1388 1845 1544 1886 scilicet
1564 1846 1873 1887 beatitudinem
1898 1845 2021 1898 regni
2041 1845 2247 1886 coelorum
2262 1876 2272 1893 ,
2291 1855 2421 1897 quam

1388 1915 1554 1957 Lucifer
1574 1920 1614 1958 et
1635 1918 1763 1970 primi
1794 1920 1989 1971 parentes
2013 1929 2087 1970 per
2104 1916 2259 1958 vitium
2283 1914 2422 1956 inanis

1389 1988 1539 2039 gloria).
1560 1988 1811 2030 amiserunt.

1440 2059 1590 2100 Amen.
1624 2059 1912 2112 Hieronymus
1934 2060 1992 2100 ait
2010 2061 2040 2082 ¹²
2062 2072 2072 2099 ε
2101 2074 2120 2097 ((
2142 2058 2257 2100 Scire
2275 2059 2421 2099 autem

1388 2130 1614 2181 debemuS,
1637 2130 1747 2183 apud
1781 2130 2001 2181 Hebraeos,
2025 2131 2070 2170 in
2098 2130 2184 2170 fine
2212 2129 2420 2169 librorum

1385 2213 1523 2240 unum
1544 2213 1566 2241 e
1586 2202 1722 2242 tribus
1744 2202 1877 2242 solere
1898 2202 2109 2251 subnecti,
2131 2203 2179 2241 ut
2200 2202 2273 2241 aut
2286 2200 2421 2242 Amen

1385 2272 1594 2320 scribant,
1617 2275 1693 2313 aut
1712 2272 1829 2323 Sela,
1851 2276 1924 2313 aut
1943 2273 2096 2315 Selom.
2133 2272 2265 2313 Amen
2285 2271 2421 2323 signi—

1384 2342 1482 2383 ficat
1513 2355 1639 2393 vere,
1680 2343 1749 2383 vel
1788 2343 1989 2393 fideliter,
2029 2342 2168 2385 Salem
2205 2341 2422 2393 significat

1385 2426 1556 2466 pacem3
1580 2414 1672 2456 Sela
1697 2415 1910 2466 significat
1930 2426 2112 2467 semper.
2143 2412 2272 2464 Nota,
2306 2412 2421 2465 quod

1385 2485 1464 2525 dici
1503 2485 1629 2533 solet,
1665 2485 1778 2537 quod
1811 2496 1935 2527 amen
1967 2485 2222 2538 quandoque
2252 2485 2421 2524 tenetur

1384 2555 1670 2606 nominaliter,
1690 2560 1738 2595 ut
1757 2555 1799 2595 in
1822 2555 2084 2608 Apocalypsi
2104 2556 2130 2578 ¹³
2144 2569 2152 2595 :
2165 2570 2184 2594 (ι
2202 2554 2303 2595 Haec
2322 2553 2421 2595 dicit

1385 2626 1522 2667 Amen
1535 2658 1548 2677 ,
1569 2627 1686 2666 testis
1707 2626 1842 2666 fidelis
1871 2629 1911 2666 et
1928 2638 2081 2676 veruS,
2102 2626 2176 2678 qui
2208 2627 2272 2665 est
2301 2623 2420 2676 prin-

1385 2697 1544 2749 cipium
1570 2699 1777 2737 creaturae
1807 2696 1894 2737 Dei.
1921 2710 1940 2734 ))
1972 2695 2233 2748 Quandoque
2264 2693 2415 2735 adver-

1385 2768 1566 2819 bialiter,
1602 2771 1650 2809 ut
1679 2768 1737 2809 ibi
1774 2783 1783 2809 :
1819 2768 1970 2818 Amen,
2004 2777 2126 2809 amen
2153 2765 2249 2808 dico
2280 2764 2414 2808 vobis.

1386 2839 1647 2892 Quandoque
1667 2839 1912 2888 verbaliter,
1933 2841 1980 2879 ut
2000 2838 2066 2878 hic
2083 2851 2092 2877 :
2108 2837 2254 2887 Amen,
2274 2835 2318 2877 id
2337 2838 2414 2886 est,

1384 2910 1530 2950 omnia
1551 2909 1753 2962 praedicta
1773 2910 1886 2950 fiunt
1905 2908 2028 2949 nobis
2045 2920 2099 2948 ex
2111 2909 2187 2948 tua
2207 2906 2363 2958 gratia.

1383 3025 1463 3058 xm,
1486 3018 1534 3048 14.
1557 3033 1595 3040 -
1620 3017 1644 3037 ¹²
1664 3017 1818 3057 Hieron„
1841 3015 1944 3057 Epist.
1967 3022 2134 3054 cxxxviii,
2152 3014 2198 3045 ad
2212 3012 2417 3046 Marcellam.

1384 3081 1423 3087 —
1448 3064 1472 3085 ¹3
1492 3064 1604 3104 Apoc„
1628 3071 1680 3104 111,
1706 3065 1752 3096 15.
