2634 3853
238 59 315 99 206

291 150 356 188 20.
378 147 518 188 Resoh.
544 147 734 200 Spiritus
754 150 860 197 oris,
882 151 961 188 etc.
984 147 1086 188 Ecce
1115 147 1268 198 quarta

239 230 365 259 causa
402 218 594 259 omnium
635 219 912 271 completiva,
962 217 1155 258 videlicet
1190 228 1266 266 pro

239 291 374 330 morte
392 287 635 330 Salvatoris.
659 288 847 340 Spiritus
862 289 948 329 oris
969 287 1107 328 nostri
1118 300 1133 326 .·
1153 285 1267 338 quod

238 360 404 410 dicitur,
435 361 534 413 quia
556 360 735 400 verbum
761 362 822 398 est
845 361 884 398 et
915 357 1021 398 ratio
1037 389 1047 407 ,
1073 357 1163 396 sinc
1184 368 1268 408 quo

237 432 406 472 nullum
425 432 604 472 verbum
624 433 786 470 rectum
803 441 892 470 esse
915 431 1061 482 potest.
1075 429 1271 470 Christus

239 503 444 545 Dominus
464 504 612 554 captus
632 504 695 542 est
715 513 739 540 a
758 499 778 540 J
784 499 917 540 udaeis
936 499 1091 551 impiis,
1115 500 1163 540 in
1178 509 1269 551 pec-

238 575 347 616 catis
369 573 539 622 nostris,
556 571 599 612 id
612 574 688 619 θεῖ,
704 573 875 623 propter
889 573 1057 623 peccata
1072 573 1217 611 nostra
1233 571 1241 592 ¹
1259 584 1267 610 :

244 660 262 683 α
274 644 527 685 Vulneratus
544 645 606 683 est
624 645 794 695 propter
814 642 1058 693 iniquitates
1084 644 1267 692 nostras,

237 717 406 757 attritus
440 719 501 756 est
539 718 709 769 propter
743 716 899 756 scelera
938 718 1095 756 nostra.
1130 729 1149 752 »
1190 715 1271 756 Cui

238 788 435 830 diximus
447 801 460 829 .·
481 789 533 830 In
552 787 803 837 umbratica,
820 787 861 827 id
877 787 998 827 estin
1014 786 1271 839 protectione

238 862 330 909 tua,
363 860 550 901 vivemus
583 860 631 900 iu
663 858 879 911 gentibus,
915 858 1023 899 sicut
1052 859 1191 910 patres
1227 857 1272 897 in

236 929 355 979 filiis;
391 931 438 970 in
472 929 693 982 (mutibus,
729 929 943 969 conversis
975 928 1024 967 ad
1062 928 1190 967 fidem
1223 931 1267 968 ²:

242 1015 260 1037 α
281 999 311 1040 F
313 1000 432 1040 luent
451 1001 503 1040 ad
519 1000 661 1052 ipsum
676 1011 823 1040 omnes
839 1002 1001 1051 gentes.
1018 997 1119 1039 »Vel
1136 1000 1272 1039 totum

236 1070 339 1111 illud
367 1074 503 1123 potr-st
535 1071 691 1123 exponi
721 1071 771 1111 de
794 1070 1008 1111 conversis
1036 1082 1090 1110 ex
1115 1080 1272 1121 genere

235 1141 506 1192 Judaeorum,
540 1146 588 1183 ut
615 1143 696 1195 ipsi
723 1142 889 1183 dicant:
923 1143 976 1183 In
1002 1141 1150 1183 umbra
1171 1145 1269 1191 tua,

235 1212 276 1253 id
305 1216 367 1254 est
400 1217 571 1266 propter
602 1214 805 1254 umbram
838 1213 968 1266 legiS,
1004 1215 1195 1255 vivemus
1224 1214 1273 1254 in

236 1285 453 1336 (lentibus,
487 1286 587 1338 quia
616 1285 752 1326 ,Iudaei
786 1288 958 1337 propter
989 1285 1070 1325 hoc
1104 1286 1272 1324 tantum

238 1356 518 1406 sustinentur3
542 1356 612 1397 alii
631 1356 820 1397 haeretici
841 1356 1136 1396 destruuntur.
1152 1354 1271 1396 Unde

238 1438 291 1467 ex
315 1426 397 1467 hoc
418 1428 549 1468 verbo
569 1427 719 1469 ultimo
740 1430 877 1480 patet,
902 1427 1014 1480 quod
1060 1427 1163 1468 illud
1188 1438 1273 1466 non

238 1500 372 1550 potest
397 1498 576 1550 intelligi
605 1499 655 1540 de
683 1501 829 1540 nostra
848 1499 969 1551 lege,
995 1498 1118 1539 sicuti
1136 1509 1272 1551 expo-

238 1570 349 1609 nunt
369 1568 555 1609 Hebraei.

291 1642 357 1680 21.
375 1640 527 1682 Sineh.
547 1639 708 1690 Gaude,
731 1641 809 1680 etc.
832 1639 936 1680 Ecce
958 1640 1054 1680 finis
1073 1639 1274 1681 lamenta-

239 1710 380 1751 tionis.
420 1710 472 1752 Et
503 1713 750 1752 ostensurus
789 1711 922 1751 finem
962 1710 1275 1752 lamentationis

237 1781 389 1834 huJus,
430 1782 569 1836 primo
611 1782 793 1823 ostendit
830 1781 1121 1834 insipientiam
1149 1794 1274 1823 mun-

239 1852 360 1894 danae
375 1853 669 1895 consolationis
682 1867 692 1903 ;
710 1852 860 1894 deinde
877 1853 921 1893 in
935 1852 1129 1906 sequenti
1144 1864 1276 1894 versu

240 1923 446 1965 vilitatem
463 1924 594 1977 huJus
613 1924 810 1975 lamenti,
832 1923 889 1963 ibi
913 1937 921 1963 :
947 1922 1174 1975 Coinpleia,
1194 1925 1271 1964 etc.

241 1995 344 2036 Dicit
364 2007 468 2048 ergo
488 1995 651 2049 primo:
680 1994 825 2037 Gaude
846 1997 882 2036 ei
901 1995 1055 2046 laetare,
1079 1995 1202 2047 quasi
1219 1993 1277 2034 ita

242 2066 343 2108 boni
379 2079 456 2120 pro
493 2080 537 2108 se
575 2069 615 2108 et
652 2067 801 2108 alienis
834 2066 956 2107 malis
988 2065 1275 2115 consolantur,

242 2139 356 2179 unde
376 2138 493 2179 dicit:
520 2138 681 2189 Gaude,
703 2138 896 2189 interius,
915 2138 1095 2188 ironice;
1116 2140 1274 2189 loeiare,

244 2210 450 2260 exterius,
472 2210 568 2262 filia
588 2209 629 2250 E
631 2209 754 2252 dom:
772 2211 901 2262 juxta
920 2209 1103 2250 litteram
1123 2209 1277 2250 dicitur

243 2281 432 2322 converti
468 2281 667 2322 Idumaeis
683 2312 694 2331 ‚
737 2293 835 2321 cum
874 2280 1047 2321 deberet
1089 2280 1280 2322 converti

243 2351 462 2401 RomaniS‚
487 2351 662 2392 dicendo
688 2350 802 2403 quod
825 2349 1004 2391 Romani
1035 2351 1208 2391 fuerunt
1227 2351 1279 2392 de

243 2422 441 2463 Idumaeis
458 2436 467 2462 z
485 2422 599 2474 quod
614 2434 702 2462 non
719 2433 888 2472 verum,
913 2421 1015 2474 quia
1033 2421 1208 2462 fuerunt
1229 2421 1279 2462 de

245 2491 405 2534 Cethim
420 2492 471 2545 (a)
491 2495 642 2545 nepote
661 2491 748 2533 Noe
757 2505 769 2543 3
786 2492 964 2533 Idumaei
980 2504 1081 2534 vero
1097 2492 1148 2533 de
1163 2491 1275 2533 Sem.

245 2562 326 2604 Sed
349 2576 474 2605 causa
499 2564 690 2604 litteralis
714 2566 796 2614 est,
826 2563 927 2616 quia
951 2563 1047 2615 plus
1067 2566 1279 2605 noverunt

246 2634 479 2683 idumaeos,
515 2634 573 2675 sic
600 2637 641 2675 et
672 2634 909 2685 Chaldaeos,
947 2635 1020 2687 qui
1061 2635 1279 2676 venientes

246 2705 454 2758 templum
467 2705 785 2746 succenderunt.
800 2705 904 2757 Quce
918 2705 1087 2748 habitas
1101 2707 1150 2747 in
1164 2710 1280 2749 terra

247 2776 353 2818 Hus.
385 2775 535 2816 Contra
564 2790 573 2816 ι
599 2775 799 2816 Habitant
830 2776 874 2816 in
906 2779 1050 2818 monte
1081 2777 1172 2818 Seir
1198 2778 1276 2831 (ωε

247 2847 260 2869 ³
275 2862 295 2886 α
317 2846 392 2887 11ae
413 2849 512 2887 sunt
543 2847 837 2899 generationes
862 2847 974 2889 Esau
994 2849 1124 2901 patris
1145 2848 1277 2890 Edom

247 2918 293 2958 in
312 2921 456 2958 monte
483 2917 587 2958 Seir.
616 2918 720 2959 item
747 2919 835 2960 Hus
863 2919 945 2960 fuit
969 2920 1281 2973 primogenitus

249 2988 284 3031 N
288 2988 430 3039 achor,
446 2988 587 3029 fratris
596 2988 779 3031 Abrahae
793 3004 803 3041 3
821 2990 895 3043 qui
908 2991 959 3032 de
972 2990 1133 3033 Meloha
1144 3003 1281 3033 uxore

297 3121 308 3142 ¹
331 3119 410 3160 Ιςα.)
433 3127 518 3160 mu,
537 3121 567 3152 5.
585 3135 625 3144 —
645 3120 657 3141 2
681 3121 759 3159 lsa„
780 3127 825 3161 11,
848 3124 877 3154 1.
895 3138 935 3145 -
955 3120 969 3143 ³
989 3121 1084 3161 Gen„
1101 3129 1226 3162 XXXVI,
1249 3124 1280 3155 9.

253 3186 287 3192 —-
312 3168 325 3190 h
348 3169 454 3209 Hier.y
474 3175 556 3208 XXV,
575 3169 626 3200 20.
645 3184 685 3191 -
703 3168 716 3189 ⁸
735 3167 813 3207 Joh,
835 3176 859 3207 Ι,
886 3171 914 3200 1.
938 3186 973 3191 -
1000 3169 1011 3187 ⁶
1033 3168 1162 3209 Tho-en„
1184 3176 1208 3210 1,
1230 3173 1281 3201 11.

252 3232 291 3238 —
320 3216 426 3254 7Ι.ςιι.,
457 3223 538 3255 iux,
566 3218 616 3247 11.
647 3232 688 3238 -
716 3214 730 3236 ⁸
758 3216 866 3255 Joan„
897 3223 977 3256 xvi,
1005 3217 1057 3247 20.
1088 3233 1128 3239 —
1159 3216 1172 3237 ⁹
1204 3216 1282 3257 lsa„

583 58 853 101 EXPOSITIO
884 58 936 100 IN
967 54 1413 100 LAMENTATIONES
1441 56 1684 99 JEREMlAE
1715 58 2028 102 PROPHETAE.

1346 157 1421 186 sua
1441 149 1533 186 octo
1551 146 1660 186 filios
1679 146 1844 197 habuit,
1870 149 1942 199 qui
1962 159 2110 189 omnes
2141 149 2314 191 fuerunt
2331 150 2375 189 in

1346 216 1645 270 Mesopotamia
1680 217 1831 270 Syriae.
1875 216 2048 259 Solutio.
2085 219 2143 260 De
2174 220 2262 261 Hus
2290 220 2377 261 filio

1346 286 1511 328 Nachor
1530 300 1615 329 non
1638 291 1699 329 est
1716 288 1785 327 hic
1802 300 1955 339 sermo,
1980 290 2052 329 sed
2072 289 2122 330 de
2141 289 2230 330 Hus
2251 294 2376 341 terra,

1347 371 1442 411 quie
1463 359 1616 400 dicitur
1635 373 1725 401 esse
1746 360 1788 400 in
1809 359 1967 399 finibus
1986 359 2200 411 Idumaeae,
2220 364 2260 401 et
2280 362 2380 401 Ara-

1347 430 1427 470 biae
1444 444 1453 480 ;
1477 443 1572 483 quse
1591 431 1673 471 alio
1693 431 1868 472 nomine
1888 429 2039 471 dicitur
2058 431 2102 470 in
2122 434 2235 471 terra
2254 430 2379 471 Ausi-

1347 501 1466 551 udis,
1493 502 1561 542 vel
1588 502 1833 544 IlussilidiS.
1858 502 1870 522 ‘³
1899 501 1988 541 «Et
2017 501 2178 541 cunctis
2203 501 2381 552 regibus

1347 574 1472 612 terrae
1503 573 1730 624 Ausitidis;
1762 589 1779 611 n
1806 573 1862 613 ibi
1897 572 2041 613 Glossa
2070 572 2198 612 dicit:
2238 587 2256 609 α
2286 583 2383 625 quae

1347 642 1541 684 hebraice
1571 644 1722 685 dicitur
1750 645 1842 685 Ilus
1872 656 1881 683 :
1912 660 1930 682 »
1958 644 2009 685 de
2038 655 2121 696 qua
2154 642 2308 683 dicitur
2339 643 2379 682 ⁵:

1355 713 1554 766 «Homo,
1589 716 1663 768 qui
1692 719 1783 757 erat
1817 717 1867 757 de
1891 721 2004 756 terra
2039 714 2148 766 Ilus,
2174 729 2193 753 ι)
2229 713 2384 754 scilicet

1348 785 1439 827 Job.

1402 856 1631 906 Moraliter‚
1663 857 1759 909 filia
1789 858 1948 908 Edoni,
1977 858 2019 898 id
2038 860 2100 898 est
2128 857 2270 897 anima
2300 869 2387 897 car-

1348 928 1469 978 nalis,
1492 940 1588 980 quae
1607 928 1757 977 Edom,
1782 928 1825 968 id
1848 930 1930 978 est,
1953 928 2066 969 Esau
2084 928 2288 978 imitatur,
2312 927 2385 979 qui

1349 1011 1472 1039 suam
1509 999 1894 1051 primogenituram
1937 999 2050 1039 dedit
2093 1010 2168 1051 pro
2206 997 2384 1037 minimo

1350 1069 1502 1121 edulio,
1526 1070 1634 1110 sicut
1656 1070 1817 1111 faciunt
1838 1070 2025 1110 carnales
2044 1068 2190 1110 miseri
2207 1069 2245 1109 ⁶:
2274 1083 2292 1107 ε(
2312 1068 2386 1109 De-

1349 1142 1505 1182 derunt
1524 1143 1707 1194 pretiosa
1724 1154 1908 1195 quaeque
1927 1153 2004 1194 pro
2025 1141 2131 1181 cibo.
2157 1155 2176 1178 »
2190 1141 2293 1192 Qua>
2314 1140 2386 1182 lla-

1351 1209 1462 1253 biias
1482 1212 1531 1252 in
1555 1213 1668 1252 terra
1689 1211 1804 1261 Hus„
1833 1222 1932 1262 quae
1964 1209 2268 1261 interpretatur
2286 1218 2385 1250 con-

1348 1281 1496 1323 silium
1530 1281 1598 1323 vel
1625 1281 1873 1323 consiliator
1901 1280 1944 1320 ⁷:
1973 1295 1991 1317 «
2023 1279 2146 1320 Stulti
2177 1279 2385 1332 principes

1350 1354 1513 1396 Taneos
1537 1355 1580 1407 (o)
1605 1355 1813 1395 dederunt
1833 1353 2058 1394 consilium
2080 1352 2300 1405 insipiens.
2321 1368 2340 1391 »

1404 1426 1500 1466 [deo
1523 1426 1614 1466 dieo
1633 1440 1641 1465 ;
1658 1427 1841 1477 Loetare;
1859 1437 1960 1465 nam
1980 1424 2038 1465 aa
2059 1427 2095 1466 te
2110 1434 2270 1476 quoque
2287 1434 2384 1476 per-

1350 1495 1458 1536 tinet
1476 1494 1608 1544 calm,
1628 1493 1671 1533 id
1687 1495 1764 1543 est,
1783 1504 1908 1545 poena
1928 1494 1968 1531 et
1986 1491 2204 1531 tribulatio
2222 1491 2382 1541 futura,

1349 1576 1447 1616 quae
1476 1576 1552 1617 per
1585 1564 1756 1604 calicem
1787 1562 2070 1614 significatur.
2104 1561 2386 1605 Inebriaberis

1349 1634 1657 1685 amarItudine,
1685 1637 1724 1676 ei
1753 1632 1982 1674 nudaberis
2007 1632 2231 1685 temporali
2249 1632 2388 1685 gloria

1349 1710 1390 1748 et
1417 1707 1595 1748 honore.
1619 1706 1633 1728 ⁸
1664 1720 1683 1743 «
1714 1703 1896 1745 Mundus
1924 1703 2147 1756 gaudebit,
2179 1716 2254 1746 vos
2284 1716 2388 1745 vero

1348 1776 1725 1819 contristabimini:
1751 1776 1824 1816 sed
1844 1774 2013 1816 tristitia
2036 1777 2178 1816 vestra
2198 1776 2388 1817 vertetur

1347 1849 1391 1891 id
1411 1849 1637 1902 gaudium.
1663 1862 1681 1885 ›>

1403 1920 1521 1962 Unde
1557 1922 1809 1962 convertens
1843 1929 2084 1959 sermonem
2116 1917 2169 1958 ad
2202 1917 2354 1959 electos
2373 1949 2386 1969 ,

1350 1992 1493 2034 subdit
1517 1993 1572 2044 (v-
1592 1994 1657 2043 22,
1685 1989 1822 2042 Thau)
1837 2001 1851 2029 :
1872 1989 1987 2031 Filia
2010 1988 2129 2040 Sion,
2148 1988 2190 2029 id
2206 1992 2284 2039 est,
2306 1988 2388 2030 Ec-

1350 2063 1478 2105 clesia
1498 2063 1741 2112 electorum,
1763 2061 1968 2113 completa
1981 2064 2043 2102 est
2062 2060 2275 2113 iniquitas
2296 2062 2387 2110 tua,

1349 2148 1427 2189 per
1446 2137 1701 2188 praesentem
1722 2132 2071 2173 lamentationem
2099 2134 2140 2172 et
2158 2131 2389 2172 tribulatio-

1351 2219 1451 2248 nem
1486 2207 1698 2259 purgata3
1738 2214 1824 2246 non
1855 2202 1987 2245 addet
2009 2202 2149 2254 ultra,
2188 2202 2390 2243 Dominus

1352 2277 1525 2327 scilicet,
1545 2280 1592 2318 ut
1613 2276 1890 2328 transmigyrei
1911 2279 1967 2325 te,
1987 2273 2213 2327 parcendo.
2237 2273 2390 2315 Trans-

1352 2349 1513 2401 migrat
1541 2347 1746 2389 Dominus
1762 2378 1774 2398 ‚
1802 2358 1901 2387 cum
1928 2357 2027 2387 suos
2046 2344 2392 2386 tribulationibus

1353 2419 1556 2473 exponit⁹
1583 2432 1592 2460 :
1622 2433 1642 2458 (t
1661 2418 1726 2459 Ad
1745 2419 1951 2471 punctum
1977 2416 2024 2457 in
2044 2416 2210 2458 modico
2238 2415 2388 2457 dereli-

1354 2492 1427 2545 qui
1443 2494 1498 2533 te.
1513 2489 1615 2532 »Vel
1631 2488 1912 2541 transmigrat
1925 2487 2179 2530 consolando
2189 2487 2218 2510 ¹⁰
2233 2501 2242 2528 ε
2255 2501 2274 2526 (ι
2286 2486 2390 2528 Ecce

1353 2564 1431 2604 iste
1450 2562 1567 2605 venit
1581 2561 1735 2602 saliens
1755 2560 1800 2600 in
1820 2559 2049 2600 montibus
2072 2573 2091 2597 ι)
2119 2557 2150 2600 Ε
2172 2560 2318 2599 contra
2338 2557 2389 2598 de

1354 2634 1476 2676 malis
1501 2633 1681 2674 dicitur:
1713 2631 1922 2674 Visitavit
1949 2630 2222 2683 iniquitatem
2250 2634 2388 2680 luam,

1353 2706 1396 2748 id
1416 2708 1498 2757 est,
1534 2704 1721 2747 visitabit
1746 2704 1791 2744 in
1811 2705 1965 2753 morte;
1995 2702 2281 2755 discooperuit
2297 2711 2390 2753 pec-

1354 2782 1453 2821 cata
1474 2781 1579 2820 tua:
1601 2777 1629 2803 ¹¹
1657 2775 1786 2827 «Ego
1809 2774 2078 2827 discooperui
2098 2773 2225 2822 Esau,
2253 2774 2293 2812 et
2319 2783 2390 2812 re-

1354 2850 1495 2892 velavi
1509 2848 1751 2890 abscondita
1770 2848 1805 2900 ej
1813 2859 1876 2899 us,
1891 2849 1931 2888 et
1946 2845 2072 2887 celari
2086 2857 2173 2886 non
2185 2843 2383 2896 poterit.»

1356 2921 1630 2962 Infirmorum
1662 2919 1777 2960 enim
1810 2917 2015 2959 Dominus
2045 2914 2289 2956 abscondita
2319 2925 2386 2955 re-

1355 2992 1526 3035 velabit.

1356 3113 1431 3146 mv,
1463 3106 1494 3138 7.
1527 3121 1567 3128 —
1595 3104 1622 3127 ¹⁰
1651 3103 1763 3141 Cant„
1791 3108 1834 3140 11,
1865 3101 1895 3132 8.
1926 3117 1967 3124 -
1994 3100 2019 3121 ¹¹
2045 3099 2177 3139 Jerem„
2209 3106 2309 3139 xux,
2337 3100 2387 3131 10.

1400 3171 1443 3211 (α)
1464 3170 1545 3201 caet.
1563 3169 1643 3200 edit.
1661 3168 1837 3200 Chitim.—
1851 3165 1893 3206 (b)
1914 3166 1997 3197 Item
2009 3166 2106 3205 Seyr,
2118 3166 2148 3195 ct
2163 3165 2211 3195 sic
2226 3163 2386 3205 deinceps.

1357 3234 1398 3241 —
1419 3219 1456 3257 (c)
1480 3216 1560 3248 Coet.
1579 3215 1659 3246 edit.
1683 3214 1849 3247 Thaneos
