2634 3853
889 213 1161 255 EXPOSITIO
1193 215 1243 256 lN
1274 215 1387 257 CAP.
1418 216 1523 258 XIV.

144 302 218 343 sed
241 314 249 341 :
270 301 498 352 Recumbe‚
529 302 687 354 inquit,
718 302 767 343 in
803 302 1035 345 novissimo
1064 303 1164 354 loco,

144 374 193 413 ut
218 373 330 413 solus
367 372 558 413 videlicet
589 372 784 413 omnium
815 373 1072 414 novissimus
1102 385 1165 414 se-

145 443 256 492 deas,
278 444 403 495 teque
429 443 589 484 nemini
618 455 704 483 non
724 443 814 483 dico
833 454 1075 495 praeponaS,
1098 444 1169 484 sed

144 524 221 554 nec
240 525 484 566 comparare
504 525 749 567 111-0051111105.
765 513 897 566 »JHaec
912 514 1165 555 Bernardus.

198 580 390 623 Secundo
418 585 559 624 autem
589 583 812 635 assignans
842 582 1066 623 utilitatem
1094 583 1170 623 ad-

141 653 351 704 ]1111010111,
373 653 514 693 subdit
538 667 546 692 ;
576 652 626 696 Ut
645 663 739 694 cum
763 654 925 695 venerit
945 653 1020 704 (1111·
1041 656 1079 695 te
1100 654 1167 695 in-

147 723 321 774 vitavit,
339 722 456 766 dicat
468 724 576 765 tibi:
594 724 748 772 Amice,
769 722 943 765 ascende
957 723 1166 775 superius.

148 792 228 842 0111
246 804 322 833 1105
341 793 550 844 invitavit,
573 795 635 834 est
660 793 873 844 Christus,
895 793 968 846 qui
987 793 1102 834 venit
1118 793 1169 833 ad

147 874 225 903 nos
239 863 305 905 vel
321 875 395 916 per
408 863 741 916 inspirationem,
761 864 994 904 secundum
1014 864 1117 904 illud
1132 865 1140 885 ¹
1160 877 1167 902 :

155 947 174 970 11
192 933 256 973 Ad
282 945 380 974 eum
408 934 650 984 veniemus,
688 937 729 975 et
761 935 1024 976 mansionem
1060 934 1173 988 apud

148 1014 248 1044 eum
284 1002 507 1055 faciemus;
528 1018 547 1042 n
574 1004 642 1045 vel
670 1005 786 1046 venit
818 1017 892 1057 per
925 1007 1105 1046 mortem
1124 1006 1137 1026 '²
1163 1020 1172 1046 z

155 1072 245 1114 «Ut
264 1086 363 1115 cum
383 1075 545 1115 venerit
582 1077 622 1115 et
657 1075 914 1127 pulsaverit,
959 1075 1174 1116 confestim

149 1144 339 1197 aperiant
374 1144 462 1195 illi3
492 1158 510 1181 n
545 1144 612 1185 vel
649 1144 766 1185 venit
797 1157 872 1198 per
912 1146 1035 1186 finale
1075 1158 1172 1186 exa-

151 1226 249 1255 men
267 1219 280 1242 ³
303 1229 312 1255 :
341 1229 360 1253 «
377 1214 514 1255 Etiam
537 1215 661 1256 venio
682 1216 761 1256 cito
779 1246 788 1264 ‚
812 1218 852 1256 et
883 1227 1042 1257 merces
1084 1228 1177 1257 mea

151 1297 318 1326 mecum
355 1287 439 1337 est,
473 1285 647 1326 reddere
677 1285 907 1338 unicuique
945 1286 1177 1327 secundum

151 1367 279 1408 opera
310 1367 401 1396 sua.
441 1370 460 1393 ›)
504 1355 581 1396 Hic
616 1357 790 1397 veniens
835 1359 957 1398 vocat
994 1357 1178 1398 humiles

152 1425 324 1475 amicos,
347 1425 536 1466 Christus
556 1438 741 1478 namque
773 1427 933 1467 amicus
952 1439 1078 1467 verus
1098 1430 1175 1478 est,

151 1495 384 1537 secundum
418 1495 522 1537 illud
541 1500 584 1536 ⁶:
615 1496 777 1537 «Omni
812 1500 1000 1549 tempore
1022 1497 1175 1548 diligit,

152 1567 226 1620 qui
251 1567 413 1608 amicus
448 1569 564 1608 est.»
608 1567 659 1608 Et
693 1567 875 1607 humiles
909 1571 1180 1619 recognoscet

152 1638 324 1690 amicos,
357 1641 399 1689 et
424 1639 527 1680 tales
556 1639 756 1680 obediunt
776 1639 813 1679 oi
834 1640 846 1661 ⁵
867 1654 874 1680 ε
905 1654 923 1677 11
952 1638 1034 1680 Vos
1054 1639 1179 1679 amici

154 1709 239 1750 mei
257 1709 372 1760 estis,
394 1709 429 1749 si
443 1709 622 1751 feceritis
642 1722 737 1762 quae
769 1722 851 1761 ego
872 1710 1070 1762 praecipio
1101 1722 1177 1750 vo-

153 1780 233 1822 bis.
254 1795 273 1819 ›)
302 1780 353 1822 Et
371 1782 473 1822 tunc
493 1783 615 1823 vocat
631 1794 716 1822 non
744 1782 915 1822 nomine
949 1783 1075 1831 servi,
1109 1781 1181 1822 sed

154 1851 279 1892 amici
298 1851 312 1873 ⁶
337 1866 377 1892 :«
395 1852 488 1893 Jam
508 1864 594 1893 non
615 1852 749 1893 dicam
771 1865 846 1894 vos
866 1864 1025 1903 servos,
1041 1867 1059 1890 »
1080 1852 1179 1893 sub-

154 1922 215 1964 dit
236 1937 245 1963 :
274 1937 294 1961 11
315 1922 398 1964 Vos
419 1927 562 1965 autem
583 1924 671 1964 dixi
699 1923 856 1964 amicos
873 1956 883 1974 ,
915 1923 1015 1976 quia
1040 1923 1183 1963 omnia

157 2005 440 2052 quaecumque
473 1995 617 2037 audivi
643 2007 668 2035 a
689 1993 810 2035 Patre
829 2006 924 2035 meo
940 2025 950 2044 ‚
974 1997 1072 2035 nota
1106 1995 1183 2036 feci

157 2065 291 2106 vobis.
313 2079 332 2103 n
359 2064 450 2106 Tali
468 2065 591 2106 dicit:
612 2065 798 2107 Ascende
828 2066 1038 2118 superius,
1060 2065 1101 2106 id
1122 2068 1184 2106 est

156 2136 209 2176 ad
240 2136 503 2189 superiorem
537 2137 743 2178 honorem
781 2138 822 2177 et
856 2137 1105 2188 dignitatem
1131 2138 1143 2159 ⁷
1170 2152 1178 2177 ε

163 2222 183 2246 11
194 2207 329 2249 Nimis
338 2207 603 2249 honorificati
611 2210 711 2249 sunt
721 2208 844 2248 amici
857 2207 934 2257 tui,
951 2208 1095 2259 Deus,»
1104 2212 1181 2250 etc.

157 2278 207 2320 Et
224 2277 319 2319 ideo
332 2278 475 2319 subdit
499 2292 508 2319 ε
539 2279 653 2319 Tunc
677 2278 759 2320 crit
780 2278 857 2320 tibz'
888 2278 1026 2330 ylorz'a
1044 2289 1184 2320 coram

157 2348 286 2390 Simul
304 2348 679 2399 discumbentibus,
711 2348 752 2389 id
773 2351 863 2398 est,
884 2360 1027 2389 coram
1046 2349 1184 2389 omni-

157 2418 253 2459 bus.
285 2418 402 2460 Unde
436 2418 589 2459 dicitur
610 2418 623 2439 ⁸
648 2433 656 2459 ;
684 2434 703 2457 11
723 2418 963 2471 Superbum
995 2418 1186 2471 sequitur

157 2488 390 2540 humilitas,
412 2491 453 2530 et
471 2489 680 2530 humilem
696 2488 850 2541 spiritu
872 2488 1070 2541 suscipiet
1088 2489 1185 2540 glo-

158 2560 238 2601 ria.
259 2573 279 2599 1)
318 2560 331 2581 ⁹
364 2575 384 2599 11
411 2560 515 2601 Cum
552 2561 643 2613 ipso
675 2572 771 2601 sum
801 2560 846 2600 in
882 2559 1183 2601 tribulatione:

158 2630 336 2683 eripiam
356 2641 472 2681 eum,
495 2633 536 2671 et
559 2631 803 2682 glorificabo
829 2643 943 2672 eum.
980 2631 1187 2683 Longitu-

159 2699 256 2741 dine
281 2699 450 2741 dierum
479 2700 648 2753 replebo
677 2713 796 2750 eum,
820 2703 860 2741 et
878 2701 1095 2741 ostendam
1125 2701 1187 2741 illi

159 2770 343 2812 salutare
378 2783 539 2812 meum.
568 2785 587 2810 ›>
630 2772 680 2813 Et
717 2773 887 2824 propter
919 2771 999 2811 1100
1036 2771 1188 2812 dicitur

160 2842 271 2895 apud
291 2843 344 2895 (a)
364 2843 440 2886 Job
460 2843 514 2884 ¹⁰:
543 2858 562 2882 «
582 2843 662 2893 Qui
679 2843 930 2884 humiliatus
949 2842 1091 2894 tuerit,
1108 2843 1187 2884 erit

161 2914 206 2954 in
231 2914 367 2966 gloria
388 2928 398 2956 ι
420 2917 462 2956 01
489 2915 563 2968 11111
588 2914 854 2957 inclinaverit
886 2913 1029 2955 oculos
1061 2926 1184 2964 suos,

161 2984 250 3037 ipse
279 2985 525 3027 salvabitur.
549 3000 568 3023 n

217 3053 384 3106 Tertio,
420 3057 676 3097 confirmans
705 3067 780 3108 per
812 3055 1054 3108 aequitatem
1086 3054 1189 3096 divi-

163 3137 291 3176 nam,
328 3126 525 3179 adjungit
546 3129 602 3180 (v.
627 3130 691 3179 11)
711 3142 718 3168 ;
739 3127 854 3178 Quia
879 3127 1031 3173 omnis,
1054 3126 1130 3177 qui
1150 3136 1191 3167 se

166 3196 348 3248 exaltat,
369 3198 601 3239 secundum
618 3198 722 3239 illud
743 3198 768 3219 ¹¹
793 3212 802 3238 ε
830 3211 849 3236 11
869 3196 978 3246 Quid
996 3198 1036 3237 te
1057 3196 1192 3237 elevat

208 3305 220 3326 ¹
241 3304 351 3344 Jocm„
369 3312 439 3346 xiv,
459 3306 510 3337 23.
528 3322 568 3328 —
588 3306 598 3324 ²
616 3307 712 3346 Sup.‚
734 3313 797 3345 xu,
819 3307 868 3336 36.
885 3321 920 3328 --
941 3304 954 3325 3
970 3304 1081 3344 Αροε.,
1102 3311 1190 3343 xxii,

170 3354 219 3384 12.
242 3369 278 3374 -
299 3351 313 3372 ¹*
331 3352 442 3392 Prov„
458 3359 544 3392 xvii,
565 3353 615 3384 17.
632 3371 668 3376 -
690 3354 700 3372 ⁵
719 3354 825 3391 Jocm„
846 3359 903 3392 xv,
927 3353 975 3383 14.
991 3368 1030 3374 —-
1052 3351 1065 3372 6
1084 3352 1191 3391 Joan„

168 3406 226 3440 xv,
251 3400 301 3431 15.
319 3416 361 3422 —
378 3399 392 3421 ⁷
409 3399 501 3431 Psal.
521 3407 695 3439 cxxxviii,
723 3402 773 3431 17.
795 3417 835 3423 —-
857 3400 868 3417 ⁸
892 3401 999 3439 Prov„
1018 3405 1118 3437 xxm,
1139 3398 1190 3429 23.

168 3462 209 3469 -
228 3445 241 3466 ⁹
259 3445 346 3478 Psal.
368 3453 430 3486 xc,
453 3448 640 3486 15,16.--
658 3448 685 3468 ¹⁰
706 3446 777 3485 Job,
797 3454 890 3482 xxti,
914 3447 965 3476 29.
989 3461 1027 3468 -
1048 3445 1070 3466 ¹¹
1095 3444 1191 3484 ibid„

170 3500 225 3532 xv,
244 3494 294 3523 12.
308 3509 348 3515 —
366 3493 392 3513 ¹²
409 3493 485 3529 Isa..
502 3501 541 3533 11,
563 3497 614 3533 11,
637 3496 686 3525 12.
703 3509 744 3517 —
762 3493 904 3531 ¹⁸1bid„
925 3494 977 3523 17.
990 3509 1028 3515 —
1048 3492 1069 3512 ¹¹⁴
1091 3492 1188 3530 ibid„

360 3562 459 3591 TOM.
489 3563 534 3591 X.

2186 226 2262 265 609

1241 315 1312 344 cor
1332 306 1469 354 tuum,
1492 306 1532 344 et
1551 305 1672 357 quasi
1693 316 1852 357 magna
1871 306 2083 358 cogitanS,
2108 311 2262 351 attoni-

1241 376 1304 415 tos
1321 375 1451 415 habes
1470 375 1641 416 oculos?
1666 391 1684 413 »
1712 374 2042 428 Humiliabicur,
2065 391 2139 431 per
2154 382 2265 433 judi-

1244 445 1413 485 ciariam
1453 445 1751 487 districtionem
1780 448 1839 488 ¹²:
1874 448 2028 489 «Oculi
2065 450 2266 493 sublimes

1243 514 1429 555 hominis
1458 515 1670 557 humiliati
1691 520 1814 568 sunt,
1849 520 1890 559 et
1909 519 2153 561 curvabitur
2172 521 2268 562 alti-

1244 585 1345 625 tudo
1364 585 1571 627 virorum.
1605 586 1868 629 Exaltabitur
1895 592 2038 630 autem
2066 590 2268 632 Dominus

1246 654 1359 695 solus
1380 655 1422 695 in
1443 656 1510 697 die
1523 657 1724 707 illa.Quia
1734 658 1821 699 dies
1830 659 1993 700 Domini
2004 661 2269 703 exercituum

1246 737 1373 777 super
1393 738 1563 768 omnem
1584 729 1814 781 superbum
1835 732 1876 770 et
1895 731 2122 782 excelsum,
2145 734 2185 773 et
2203 743 2270 773 su-

1246 807 1321 847 per
1340 808 1511 837 omnem
1541 801 1809 850 arrogantem
1826 831 1836 849 ‚
1855 802 1895 840 et
1912 801 2221 842 humiliabitur.
2245 816 2264 839 >³

1248 864 1298 905 Et
1331 869 1474 918 postea
1506 868 1533 889 ¹³
1563 883 1570 907 :
1601 868 1690 910 «Et
1719 869 2009 911 incurvabitur
2035 871 2271 913 sublimitas

1249 934 1497 988 hominum,
1540 942 1580 979 et
1617 938 1909 981 humiliabitur
1947 941 2122 982 altitudo
2159 942 2270 983 viro-

1249 1017 1400 1046 rum.»
1445 1007 1581 1060 Hujus
1630 1010 1874 1063 exemplum
1912 1012 2047 1063 patuit
2074 1012 2118 1051 in
2148 1011 2270 1053 Luci-

1249 1075 1337 1116 fero
1354 1076 1381 1097 11
1406 1091 1444 1116 ;11
1467 1077 1684 1126 Quomodo
1705 1080 1888 1121 cecidisti
1907 1080 1956 1122 de
1969 1081 2071 1123 coelo
2090 1081 2268 1133 Lucifer,

1251 1146 1325 1198 qui
1346 1159 1469 1189 mane
1492 1150 1726 1191 oriebaris?
1746 1166 1765 1189 ›)
1791 1151 1995 1193 Subditur
2027 1167 2035 1194 ε
2074 1169 2093 1192 11
2114 1153 2192 1203 0111
2214 1154 2275 1195 di-

1251 1217 1372 1258 cebas
1394 1218 1438 1259 in
1458 1220 1580 1261 corde
1599 1222 1672 1261 tuo
1695 1233 1704 1261 :
1729 1220 1775 1262 In
1795 1221 1949 1263 coelum
1980 1225 2270 1274 conscendam,

1252 1300 1378 1341 super
1409 1293 1519 1331 astra
1538 1290 1610 1331 Dei
1624 1292 1816 1333 exaltabo
1843 1293 1996 1334 solium
2016 1306 2208 1336 meum.»
2226 1295 2277 1336 Et

1253 1358 1345 1399 ideo
1365 1361 1547 1411 corruit,
1568 1362 1669 1414 quia
1698 1375 1741 1404 se
1771 1363 1984 1406 exaltavit.
2022 1364 2138 1406 Unde
2172 1366 2273 1407 dici-

1253 1432 1323 1470 tur
1344 1430 1402 1471 ¹⁵:
1433 1447 1451 1469 11
1467 1432 1526 1472 ΕΟ
1559 1434 1671 1484 quod
1705 1434 1917 1476 elevatum
1951 1439 2013 1476 est
2048 1448 2119 1477 cor
2151 1439 2276 1478 tuum

1254 1501 1374 1552 quasi
1394 1513 1464 1541 cor
1482 1501 1569 1552 Dei,
1591 1502 1742 1543 idcirco
1768 1516 1861 1544 ecce
1879 1517 1960 1557 ego
1980 1506 2185 1547 adducam
2205 1519 2275 1549 511-

1253 1582 1327 1622 per
1354 1574 1391 1611 te
1420 1571 1576 1612 alienos
1601 1573 1914 1616 robustissimos
1936 1576 2153 1630 gentium,
2181 1580 2276 1627 etc.‚

1254 1641 1440 1693 polluent
1460 1643 1652 1684 decorem
1672 1646 1810 1696 tuum,
1832 1648 1873 1686 et
1891 1646 2142 1689 interficient
2160 1651 2215 1700 te,
2238 1652 2280 1691 et

1256 1711 1476 1752 detrahent
1494 1715 1549 1763 te,
1579 1716 1618 1754 et
1638 1714 1831 1756 morieris
1859 1716 1902 1756 in
1933 1717 2104 1760 interitu
2123 1720 2277 1761 occiso-

1256 1793 1367 1822 rum.
1377 1782 1575 1835 »Propter
1586 1785 1699 1836 quod
1708 1785 1860 1827 dicitur
1873 1787 2072 1829 imitatori
2083 1789 2276 1840 Luciferi,

1256 1852 1423 1893 cuilibet
1441 1854 1643 1906 superbo,
1666 1854 1769 1896 illud
1788 1856 1935 1899 Abdiae
1956 1860 1984 1884 1⁶
2008 1873 2017 1900 ε
2034 1874 2053 1899 11
2074 1860 2280 1914 Superbia

1256 1922 1393 1963 cordis
1413 1923 1475 1963 tui
1491 1924 1642 1965 extulit
1661 1927 1701 1966 te
1725 1926 1987 1969 habitantem
2014 1930 2059 1970 in
2089 1931 2280 1973 scissuris

1255 1994 1499 2045 petrarum,
1543 1995 1798 2037 exaltantem
1824 1999 1976 2040 solium
2011 2003 2149 2043 tuum.
2181 2016 2201 2040 n
2231 2001 2282 2044 Et

1256 2065 1350 2115 post
1373 2078 1382 2103 ι
1411 2063 1489 2105 «Si
1509 2066 1716 2108 exaltatus
1726 2068 1856 2110 fueris
1873 2072 1921 2111 ut
1939 2071 2095 2124 aquila,
2110 2074 2152 2112 et
2169 2072 2281 2113 inter

1258 2133 1393 2174 sidera
1431 2136 1618 2187 posueris
1647 2136 1797 2178 nidum
1835 2141 1982 2190 tuum,
2015 2141 2112 2183 inde
2144 2142 2279 2183 detra-

1258 2204 1357 2244 ham
1374 2210 1428 2256 te,
1454 2206 1551 2246 dicit
1583 2208 1801 2250 Dominus.
1832 2224 1850 2247 ι)
1886 2210 1982 2252 Ideo
2013 2213 2193 2254 consulit
2211 2213 2282 2254 Sa-

1258 2275 1375 2326 piens
1404 2276 1432 2298 ¹⁷
1467 2289 1477 2317 :
1505 2276 1632 2317 «Non
1660 2280 1699 2319 te
1735 2279 1908 2320 extollas
1944 2280 1989 2321 in
2027 2283 2282 2335 cogitatione

1258 2346 1412 2387 animae
1431 2349 1517 2388 tuae
1546 2348 1662 2389 velut
1682 2351 1850 2400 taurUS‚
1883 2363 1937 2393 ne
1966 2353 2072 2395 forte
2104 2355 2283 2396 elidatur

1262 2415 1399 2456 virtus
1418 2418 1492 2456 tua
1525 2429 1599 2469 per
1626 2418 1861 2461 stultitiam.
1888 2434 1908 2459 1)
1929 2421 2131 2476 Sequitur
2152 2438 2161 2464 :
2191 2438 2211 2464 11
2232 2425 2284 2467 Et

1260 2486 1514 2539 relinquaris
1534 2488 1652 2529 velut
1670 2488 1841 2541 lignum
1859 2491 2026 2534 aridum
2040 2493 2084 2535 in
2097 2506 2277 2537 eremo.»

1261 2555 1328 2597 Sic
1359 2557 1502 2598 divina
1528 2558 1695 2610 Justitia
1720 2561 1921 2613 superbos
1951 2563 2168 2616 humiliat,
2201 2569 2284 2608 ete

1260 2629 1468 2669 contrario
1502 2629 1685 2671 humiles
1716 2632 1886 2674 exaltat.
1921 2633 2017 2677 Ideo
2040 2637 2209 2679 subdit:
2231 2638 2287 2680 Et

1261 2699 1338 2750 qui
1355 2709 1397 2740 se
1414 2699 1638 2751 humiliat,
1672 2713 1747 2753 per
1775 2703 2058 2747 voluntariam
2086 2708 2283 2761 abjectio-

1261 2781 1360 2810 nem
1392 2771 1420 2793 18
1449 2784 1457 2809 :
1499 2784 1518 2808 11
1538 2769 1781 2812 Custodiens
1818 2775 2020 2826 parvulos
2057 2777 2283 2829 Dominus;

1261 2839 1510 2880 humiliatus
1523 2852 1633 2890 sum,
1656 2843 1696 2882 et
1713 2841 1910 2886 liberavit
1928 2857 2011 2888 me.
2023 2846 2139 2889 »Ε119
2155 2863 2194 2890 z«
2207 2850 2286 2892 Lu-

1262 2910 1359 2951 dam
1379 2914 1419 2951 et
1437 2911 1561 2953 vilior
1594 2912 1695 2952 fiam
1727 2913 1821 2966 plus
1846 2927 1977 2969 11110111
2004 2918 2138 2961 factus
2171 2932 2281 2972 sum,

1263 2984 1304 3022 et
1337 2993 1407 3022 ero
1430 2981 1607 3023 humilis
1630 2982 1675 3023 in
1695 2984 1825 3025 oculis
1845 2987 1966 3029 meis.
1994 2989 2285 3041 Eoealtabz'tur‚

1262 3061 1337 3104 per
1355 3051 1543 3093 divinam
1566 3053 1932 3105 glorificationem.
1953 3058 2208 3114 Exemplum
2224 3065 2288 3103 est

1264 3122 1307 3162 in
1327 3121 1502 3163 Domino
1521 3122 1738 3165 Salvatore
1755 3129 1785 3151 ²⁰
1807 3140 1816 3166 ε
1843 3143 1859 3162 11
1882 3127 2130 3174 Humiliavit
2149 3144 2288 3174 seme-

1264 3193 1449 3246 tipsum,
1490 3194 1623 3239 factus
1664 3196 1861 3239 obediens
1908 3212 2042 3254 11511110
2080 3203 2132 3243 ad
2174 3216 2288 3246 mor-

1264 3265 1365 3305 tem.
1385 3277 1404 3301 »
1429 3263 1480 3304 Ε1
1500 3267 1618 3317 post:
1647 3279 1666 3304 (1
1684 3266 1860 3321 Propter
1873 3272 1986 3323 quod
2004 3274 2044 3313 et
2053 3272 2164 3314 Deus
2178 3275 2292 3316 exal-

1266 3354 1336 3386 x1v,
1363 3348 1418 3386 12,
1443 3348 1494 3378 13.
1519 3365 1557 3370 -
1583 3348 1610 3369 ¹⁵
1632 3350 1763 3392 Ezeclz„
1785 3360 1915 3394 xxviu,
1935 3356 1973 3395 2,
1993 3356 2065 3387 7-8.
2085 3373 2125 3379 -
2150 3358 2174 3378 ¹⁰
2192 3358 2291 3398 Abel„

1267 3395 1297 3434 3,
1326 3395 1355 3424 4.
1382 3411 1421 3416 —
1447 3394 1470 3414 ¹⁷
1496 3394 1613 3435 Ecclz'.,
1639 3403 1692 3437 Vl,
1719 3400 1759 3438 2,
1785 3401 1814 3430 3.
1842 3418 1883 3423 —
1908 3400 1935 3422 ¹8
1964 3402 2054 3433 Psal.
2086 3411 2176 3445 cx1V‚
2203 3407 2232 3438 6.
2254 3423 2294 3429 -

1270 3441 1468 3519 ’θϊὲἳᾰῖἰὲίῇἵη
1490 3448 1535 3481 VJ,
1558 3444 1606 3474 12.
1626 3459 1666 3465 —
1696 3444 1725 3465 2⁰
1743 3445 1880 3486 Philip„
1904 3456 1939 3487 ΙΙ,
1967 3450 1997 3488 8,
2024 3451 2053 3480 9.
2069 3467 2108 3473 -
2136 3452 2181 3492 (α)
2213 3454 2292 3484 Coet.

1267 3498 1315 3521 etz
1337 3513 1343 3519 .
1384 3497 1424 3519 101
1444 3511 1451 3518 .

2061 3559 2111 3596 39
